pairValue,buyBook,exchangeId,sellBook,updated,buyTotal,satoshiPrice,usdPrice,exchangeLogId,created,bestPair,sellTotalBtc,volume,pairPrice,activePairs,sellTotal,volumeBtc,buyTotalBtc,coinId
1,[],3,[],2019-02-09 22:50:49,142.085597672821,0.01311142000000000036596947694533810135908424854278564453125,0.000000480509942444,6619650,2019-02-09 22:50:49,btc,107.09687414084162,0.0,0.01311142000000000036596947694533810135908424854278564453125,btc,23.6394267503,0.0,0.4369972940473784,1
1,[],4,[],2019-02-09 22:50:50,120071.06780962,0.01280897,0.00000046942569435400004,6619651,2019-02-09 22:50:50,btc,1.335157695606385,0.0,0.01280897,btc,98.53949827,1.62277501,1.3299247787236042,1
1,[],5,[],2019-02-09 22:50:52,0.30801954,0.01311978,0.000000480816321396,6619652,2019-02-09 22:50:52,btc,14577.99114285,0.16150863,0.01311978,btc,35555556.08083291,0.0,2.8798645,1
1,[],10,[],2019-02-09 22:50:55,414590.97254749,0.01205001,0.00000044161117648200005,6619653,2019-02-09 22:50:55,btc,6531.288558540477,1346.08130338,0.01205001,btc,880.66970587,0.0,4.190698844211821,1
1,[],12,[],2019-02-09 22:50:57,10443.19934769,0.01314000000000000063782312764715243247337639331817626953125,0.000000481557348,6619654,2019-02-09 22:50:57,btc,0.4357798189562,0.0,0.01314000000000000063782312764715243247337639331817626953125,btc,25.92213067,0.6446927614462,0.4479042074601,1
1,[],20,[],2019-02-09 22:50:59,1148.8625,0.010400103,0.0000003811450547646,6619655,2019-02-09 22:50:59,btc,0.0573537591845,0.218,0.010400103,btc,2.5253,0.0025453551741,0.0805827819043,1
1,[],21,[],2019-02-09 22:51:00,2250.19204881,0.01315837000000000082955420311,0.0000004822305754340001,6619656,2019-02-09 22:51:00,btc,16.878390787236707,2895.73653147,0.01315837000000000082955420310781846637837588787078857421875,"btc,eth",1669.73200915,33.87993903205624,17.935655468942098,1
1,[],22,[],2019-02-09 22:51:05,0.0263776,0.01350000,0.0000004947507,6619657,2019-02-09 22:51:05,BTC,0.31397231,0.0,0.01350000,BTC,0.10124366666666666,0.0,0.00034472,1
1,[],24,[],2019-02-09 22:51:06,0.0,0.000000000000,0,6619658,2019-02-09 22:51:06,btc,0.0,0.0,0.000000000000,btc,0.0,0.0,0.0,1
0.0,[],25,[],2019-02-09 22:51:06,0.0,0,0,6619659,2019-02-09 22:51:06,btc,12.414699998117964,405.95097927,0.0,btc,910.81887922,5.3836,0.0,1
1,[],26,[],2019-02-09 22:51:25,0.0,0,0,6619660,2019-02-09 22:51:25,,0.0,0.0,0,,0.0,0.0,0.0,1
1,[],28,[],2019-02-09 22:51:31,992.968,0.01231000,0.00000045113934200000005,6619661,2019-02-09 22:51:31,btc,0.162839806,17556.55,0.01231000,btc,8.9,0.0,0.086870176,1
0,[],2,[],2019-01-20 23:28:45,0.0,0,0,6477011,2019-01-20 23:28:45,,0.0,0.0,0,,0.0,0.0,0.0,1
1,[],5,[],2019-02-09 22:51:33,1.656e-05,0.00000063,0.000000000023088366,6619662,2019-02-09 22:51:33,btc,0.13158492,0.00405438,0.00000063,btc,6.778e-05,0.0,0.4380289,2
0,[],22,[],2019-02-09 22:51:35,0.0,0,0,6619663,2019-02-09 22:51:35,,0.0,0.0,0,,0.0,0.0,0.0,2
1,[],5,[],2019-02-09 22:51:37,1.25e-06,0.00000016,0.000000000005863712,6619664,2019-02-09 22:51:37,btc,4.65163466,0.00825941,0.00000016,btc,2.204e-05,0.0,2.90260585,3
1,[],12,[],2019-02-09 22:51:38,12581232.47800769,0.000000171,0.000000000006266842200000001,6619665,2019-02-09 22:51:38,btc,921343.5205743022,0.0,0.000000171,btc,8580996.57672288,0.05201947664559486,0.5606875488972495,3
0,[],28,[],2019-02-09 22:51:43,0.0,0,0,6619666,2019-02-09 22:51:43,,0.0,0.0,0,,0.0,0.0,0.0,3
1,[],4,[],2019-02-09 22:51:44,412178.61577828,0.00000034,0.000000000012460388000000001,6619667,2019-02-09 22:51:44,btc,0.4102289495639714,0.0,0.00000034,btc,363492.68768716,0.00038836,0.0586687244677753,4
0,[],2,[],2019-01-20 23:31:32,0.0,0,0,6477077,2019-01-20 23:31:32,,0.0,0.0,0,,0.0,0.0,0.0,4
1,[],12,[],2019-02-09 22:51:45,1614918.5219999999,0.00000004,0.000000000001465928,6619668,2019-02-09 22:51:45,btc,11113878.380024211,0.0,0.00000004,btc,977432.50920105,3.8584055943e-05,0.02797957044,5
1,[],11,[],2019-02-09 22:51:48,1612488.4999525,0.00000002,0.000000000000732964,6619669,2019-02-09 22:51:48,btc,9433.337643856097,78500.0,0.00000002,btc,40297729.58502706,0.0,0.02355946499905,6
0,[],2,[],2019-01-20 23:31:51,0.0,0,0,6477087,2019-01-20 23:31:51,,0.0,0.0,0,,0.0,0.0,0.0,6
1,[],3,[],2019-02-09 22:51:49,1081.1653062776,0.000145190000000000010889344981279691637610085308551788330078125,0.000000005320952158000001,6619670,2019-02-09 22:51:49,btc,28.399990609446498,0.0,0.000145190000000000010889344981279691637610085308551788330078125,btc,235.145665820227,0.0,0.03253197781718203,7
1,[],4,[],2019-02-09 22:51:49,24436.75197824,0.00019063,0.000000006986246366,6619671,2019-02-09 22:51:49,btc,2.3954369531634634,0.0,0.00019063,btc,10696.93370584,3.84839151,3.9228178369715767,7
1,[],5,[],2019-02-09 22:51:51,0.00539281,0.00018002,0.000000006597408964,6619672,2019-02-09 22:51:51,btc,1.42455997,0.27702541,0.00018002,btc,0.01184984,0.0,1.4355519,7
1,[],20,[],2019-02-08 00:13:29,66461509.91,0.000000001,0.0000000000000339741,6618877,2019-02-08 00:13:29,btc,116.1444201078162,0.0,0.000000001,btc,35271545.2889,0.0,0.06646150991,8
1,[],1,[],2019-02-09 22:51:52,2551198.27,0.00000198000000000000010098367454747236848788816132582724094390869140625,0.00000000007256343600000001,6619673,2019-02-09 22:51:52,btc,6.5420448664,9714677.89,0.00000198000000000000010098367454747236848788816132582724094390869140625,btc,3236095.23,19.27700208,4.9977458593,9
1,[],4,[],2019-02-09 22:51:52,282708.09304578,0.00000192,0.000000000070364544,6619674,2019-02-09 22:51:52,btc,0.6201226048019604,0.0,0.00000192,btc,309261.66334909,1.77035883,0.516751255989651,9
1,[],28,[],2019-02-09 22:51:57,34500.0,0.00000165,0.00000000006046953,6619675,2019-02-09 22:51:57,btc,2708.767367576,3602343.86,0.00000165,btc,14964.28,0.0,0.02854,9
0,[],2,[],2019-01-20 23:22:42,0.0,0,0,6476876,2019-01-20 23:22:42,,0.0,0.0,0,,0.0,0.0,0.0,9
0,[],23,[],2019-01-20 23:22:48,0.0,0,0,6476878,2019-01-20 23:22:48,,0.0,0.0,0,,0.0,0.0,0.0,9
1,[],4,[],2019-02-04 22:10:59,7341799.37826053,0.00000002,0.000000000000693444,6584299,2019-02-04 22:10:59,btc,0.1999615409270056,0.0,0.00000002,btc,4135980.29534268,0.00062922,0.0786653918652106,10
1,[],4,[],2019-02-09 22:51:58,2477753.27146178,0.00000142,0.000000000052040444000000006,6619676,2019-02-09 22:51:58,btc,1.2196959094766087,0.0,0.00000142,btc,796118.83755554,2.24238398,3.2259947447276525,12
1,[],5,[],2019-02-09 22:51:59,2.169e-05,0.00000141,0.000000000051673962,6619677,2019-02-09 22:51:59,btc,0.51113613,0.01274786,0.00000141,btc,0.00011411,0.0,0.10644867,12
0.0,[],25,[],2019-02-09 22:52:00,0.0,0,0,6619678,2019-02-09 22:52:00,,0.0,0.0,0.0,btc,0.0,0.0,0.0,12
0,[],2,[],2019-01-20 23:23:08,0.0,0,0,6476890,2019-01-20 23:23:08,,0.0,0.0,0,,0.0,0.0,0.0,12
1,[],4,[],2019-02-09 22:52:01,1308513.61360465,0.00000635,0.00000000023271607000000002,6619679,2019-02-09 22:52:01,btc,0.8433879428476913,0.0,0.00000635,btc,118885.05098653,0.33217084,1.2888498987601151,13
1,[],21,[],2019-02-09 22:52:05,499244.21864337,0.000006499999999999999599983608461,0.0000000002382133,6619680,2019-02-09 22:52:05,btc,4.31800796983258,327423.16620902,0.0000064999999999999995999836084614731390729502891190350055694580078125,btc,583593.34919605,2.15154749,2.967063825930798,13
1,[],10,[],2019-02-09 21:51:17,773871.72578151,0.00000516,0.00000000018913618799999998,6619335,2019-02-09 21:51:17,btc,666806.4693519808,29845.0923621,0.00000516,btc,754392.05509755,0.0,0.3838065896963596,13
1,[],4,[],2019-02-09 22:52:06,1157632.87342292,0.00000138,0.000000000050574516,6619681,2019-02-09 22:52:06,btc,0.1745158967335633,0.0,0.00000138,btc,89148.28081815,0.01096908,0.4574372650536675,14
1,[],12,[],2019-02-09 22:52:07,89377.14285714,0.000001260000000000000006510091944689211373997750342823565006256103515625,0.000000000046176732,6619682,2019-02-09 22:52:07,btc,1.7657148034588315,0.0,0.000001260000000000000006510091944689211373997750342823565006256103515625,btc,29700.33237149,0.0013886462454403,0.0109081999999964,14
0,[],17,[],2019-02-09 22:52:09,0.0,0,0,6619683,2019-02-09 22:52:09,btc,0.0,0.0,0,btc,0.0,0.0,0.0,14
1,[],26,[],2019-02-09 22:52:09,0.0,0.00000049,0.000000000017957618,6619684,2019-02-09 22:52:09,btc,0.0,0.0,0.00000049,btc,0.0,0.0,0.0,14
0,[],4,[],2019-02-09 22:52:10,0.0,0,0,6619685,2019-02-09 22:52:10,,0.0,0.0,0,,0.0,0.0,0.0,15
,[],12,[],2018-12-01 15:15:48,204241.84496,0.00000489,0.000000000202473384,5260204,2018-12-01 15:15:48,btc,49.5475654835,0.0,,btc,35763.2193806,0.0163153972027625,0.0203389899998,15
1,[],4,[],2019-02-09 22:52:12,23330.35183842,0.00001744,0.000000000639144608,6619686,2019-02-09 22:52:12,btc,2.282574079478108,0.0,0.00001744,btc,10856.42079282,0.05485468,0.0358350765548342,18
1,[],10,[],2019-02-09 22:52:14,789918.8785274,0.00001841,0.0000000006746933620000001,6619687,2019-02-09 22:52:14,btc,15.542414158952718,203.43108636,0.00001841,btc,10730.36055816,0.0,0.3127155015584784,18
1,[],12,[],2019-02-09 22:52:15,205072.51110673998,0.00001752999999999999987377284627054763177511631511151790618896484375,0.000000000642442946,6619688,2019-02-09 22:52:15,btc,2.931332729151129,0.0,0.00001752999999999999987377284627054763177511631511151790618896484375,btc,1818.49493457,0.0014157443198552,0.0472945042728904,18
0,[],17,[],2019-02-09 22:52:17,0.0,0,0,6619689,2019-02-09 22:52:17,btc,0.0,0.0,0,btc,0.0,0.0,0.0,18
0,[],2,[],2019-01-20 23:23:38,0.0,0,0,6476906,2019-01-20 23:23:38,,0.0,0.0,0,,0.0,0.0,0.0,18
1,[],3,[],2019-02-09 22:52:17,124583.29863839864,0.00002207000000000000045183475017029905984600191004574298858642578125,0.000000000808825774,6619690,2019-02-09 22:52:17,btc,0.4672449630434957,0.0,0.00002207000000000000045183475017029905984600191004574298858642578125,btc,5018.393100515442,0.0,0.09749296493165703,19
1,[],4,[],2019-02-09 22:52:19,217838.1837125,0.00002883,0.0000000010565676060000001,6619691,2019-02-09 22:52:19,btc,0.4853252677106797,0.0,0.00002883,btc,14252.82789635,0.49684213,3.0613208113782613,19
1,[],5,[],2019-02-09 22:52:24,0.00018175,0.00002502,0.000000000916937964,6619692,2019-02-09 22:52:24,btc,0.27986732,0.00052271,0.00002502,btc,0.00311758,0.0,0.07524292,19
1,[],12,[],2019-02-09 22:52:25,134844.68847043,0.0000302699999999999998690110303289912963009555824100971221923828125,0.0000000011093410140000002,6619693,2019-02-09 22:52:25,btc,0.029782554289937,0.0,0.0000302699999999999998690110303289912963009555824100971221923828125,btc,304.84185985,3.015e-05,0.032736289999916096,19
0,[],27,[],2019-02-09 22:52:27,0.0,0,0,6619694,2019-02-09 22:52:27,,0.0,0.0,0,btc,0.0,0.0,0.0,19
0,[],2,[],2019-01-20 23:24:19,0.0,0,0,6476924,2019-01-20 23:24:19,,0.0,0.0,0,,0.0,0.0,0.0,19
1,[],4,[],2019-02-09 22:52:28,8027823.88110803,0.00000014,0.0000000000051307480000000006,6619695,2019-02-09 22:52:28,btc,0.8118377112398147,0.0,0.00000014,btc,1592787.36359222,0.00321595,0.2539391321350342,20
1,[],4,[],2019-02-09 22:52:29,113115135.61108892,0.00000002,0.000000000000732964,6619696,2019-02-09 22:52:29,btc,0.5795791971251761,0.0,0.00000002,btc,15618467.9370044,0.02950159,1.3304699164316187,21
1,[],12,[],2019-02-09 22:52:30,19009837.0,0.00000002,0.000000000000732964,6619697,2019-02-09 22:52:30,btc,669.4758355491022,0.0,0.00000002,btc,8564579.84915351,0.000440904215784,0.25313702,21
0,[],17,[],2019-02-09 22:52:32,0.0,0,0,6619698,2019-02-09 22:52:32,btc,0.0,0.0,0,btc,0.0,0.0,0.0,21
1,[],12,[],2019-02-09 22:52:33,2579277871.043896,0.0000000002,0.00000000000000732964,6619699,2019-02-09 22:52:33,btc,825864718651.1564,0.0,0.0000000002,btc,4302724036.013192,0.008537008321679092,0.2684328417555898,23
0,[],27,[],2019-02-09 22:52:35,0.0,0,0,6619700,2019-02-09 22:52:35,,0.426429,0.0,0,eth,426429.0,0.0,0.0,23
1,[],4,[],2019-02-09 22:52:36,368981.52222181,0.00000068,0.000000000024920776000000002,6619701,2019-02-09 22:52:36,btc,0.1207002982055272,0.0,0.00000068,btc,109767.55933085,0.02479624,0.1859897107578109,24
1,[],22,[],2019-02-09 22:52:53,11.76,0.00000100,0.000000000036648200000000005,6619702,2019-02-09 22:52:53,BTC,7.415e-05,0.0,0.00000100,BTC,23.919354838709676,0.0,1.176e-05,24
0.0,[],25,[],2019-02-09 22:52:54,0.0,0,0,6619703,2019-02-09 22:52:54,,0.0,0.0,0.0,btc,0.0,0.0,0.0,24
1,[],4,[],2019-02-09 22:52:55,27830905.71707022,0.00000619,0.00000000022685235800000003,6619704,2019-02-09 22:52:55,btc,0.4234023168455697,0.0,0.00000619,btc,37145.65433552,0.03118013,0.3987355169956811,26
1,[],10,[],2019-02-09 22:52:57,725806.94523368,0.00000596,0.000000000218423272,6619705,2019-02-09 22:52:57,btc,25.923046220824986,133.0,0.00000596,btc,13270.96477388,0.0,0.2076777170239388,26
0,[],2,[],2019-01-20 23:25:56,0.0,0,0,6476976,2019-01-20 23:25:56,,0.0,0.0,0,,0.0,0.0,0.0,26
1,[],3,[],2019-02-09 22:52:58,5934441.03885143,0.00000001,0.000000000000366482,6619706,2019-02-09 22:52:58,btc,2.503772782200088,0.0,0.00000001,btc,16081220.427615691,0.0,0.0593444103885143,27
1,[],5,[],2019-02-09 22:52:59,1e-08,0.00000001,0.000000000000366482,6619707,2019-02-09 22:52:59,btc,1.54740948,0.00203739,0.00000001,btc,4.577e-05,0.0,0.10908531,27
1,[],11,[],2019-02-09 22:53:00,10064996.7912115,0.00000005,0.00000000000183241,6619708,2019-02-09 22:53:00,btc,370.63310344475406,219.9,0.00000005,btc,8170877.7193934005,0.0,0.4661206184459823,27
1,[],4,[],2019-02-09 22:53:01,586772579.4043232,0.00000002,0.000000000000732964,6619709,2019-02-09 22:53:01,btc,0.32589498165753217,0.0,0.00000002,"btc,ltc",75246466.9431242,0.28773933,7.295335132393801,29
1,[],7,[],2019-02-09 22:53:02,28850655.15162052,0.00000002,0.000000000000732964,6619710,2019-02-09 22:53:02,btc,44465206.22193564,96246.1824556,0.00000002,btc,52306033.67094921,0.0,0.422035136865903,29
1,[],4,[],2019-02-09 22:53:03,1521411.05052187,0.00000028,0.000000000010261496000000001,6619711,2019-02-09 22:53:03,btc,0.2099468734739366,0.0,0.00000028,btc,429208.13685919,0.02449684,0.1188985003940429,30
0,[],17,[],2019-02-09 22:53:05,0.0,0,0,6619712,2019-02-09 22:53:05,btc,0.0,0.0,0,btc,0.0,0.0,0.0,30
1,[],4,[],2019-02-09 22:53:06,1756914.59524526,0.00006302,0.000000002309569564,6619713,2019-02-09 22:53:06,btc,1.0280848589029767,0.0,0.00006302,btc,13959.10848558,1.00172822,2.202150409012736,31
1,[],21,[],2019-02-09 22:53:06,83778.27465172,0.00006347999999999999530628930211,0.000000002326427736,6619714,2019-02-09 22:53:06,btc,3.0273821407741117,304760.23775178,0.000063479999999999995306289302110513972365879453718662261962890625,btc,43678.228779929996,19.52084048,4.902188068868777,31
0,[],2,[],2019-01-20 23:28:43,0.0,0,0,6477009,2019-01-20 23:28:43,,0.0,0.0,0,,0.0,0.0,0.0,32
1,[],4,[],2019-02-09 22:53:07,130084082.50457641,0.00000004,0.000000000001465928,6619715,2019-02-09 22:53:07,btc,2.070119510525647,0.0,0.00000004,"btc,ltc",43304009.2132921,0.50906271,1.7052372614429872,33
1,[],12,[],2019-02-09 22:53:11,12945271.0,0.00000005,0.00000000000183241,6619716,2019-02-09 22:53:11,btc,34509076.359631084,0.0,0.00000005,btc,88587820.5534464,0.0648008352647364,0.42525975,33
1,[],4,[],2019-02-09 22:53:13,128170401.12098092,0.00000002,0.000000000000732964,6619717,2019-02-09 22:53:13,btc,0.749970391881144,0.0,0.00000002,btc,24999013.0627048,2.64885727,1.319099471328039,34
1,[],5,[],2019-02-09 22:53:14,3e-08,0.00000002,0.000000000000732964,6619718,2019-02-09 22:53:14,btc,4.1360465,0.1722083,0.00000002,btc,1.394e-05,0.0,0.8252362,34
0.0000000001210056,[],4,[],2019-02-09 22:45:52,799422131.1461179,3.630168e-18,1.3293094389120002e-22,6619529,2019-02-09 22:45:52,ltc,1.0727447243838158e-08,0.0,0.00000003,ltc,1869304434.2167804,0.0,1.6626064596529347e-09,36
1,[],5,[],2019-02-09 22:45:53,0.0,0,0,6619530,2019-02-09 22:45:53,btc,206.76695749,0.0,0,btc,1.325e-05,0.0,0.0,36
0,[],17,[],2019-02-09 22:45:54,0.0,0,0,6619531,2019-02-09 22:45:54,btc,0.07464582781040864,0.00018553,0,btc,4105386.20243647,0.0,0.0,36
0.0000000001210056,[],27,[],2019-02-09 22:45:57,1000000.0,2.420112e-18,8.862062926080001e-23,6619532,2019-02-09 22:45:57,ltc,252.8263276744,0.0,0.00000002,"ltc,eth",3711879.06,0.0,2.420112e-12,36
1,[],4,[],2019-02-09 22:45:58,327238.35457942,0.00000136,0.000000000049801024,6619533,2019-02-09 22:45:58,btc,0.4400378479671545,0.0,0.00000136,btc,248292.69177275,0.01666143,0.2489990893923728,37
1,[],12,[],2019-02-09 22:45:59,504624.38643489,0.000001359999999999999896105784720490294859018831630237400531768798828125,0.000000000049801024,6619534,2019-02-09 22:45:59,btc,1517.18304158944,0.0,0.000001359999999999999896105784720490294859018831630237400531768798828125,btc,761859.23526404,0.0522010609242771,0.3287900600000099,37
1,[],17,[],2019-02-09 22:46:00,1752.74075282,0.00000025,0.0000000000091546,6619535,2019-02-09 22:46:00,btc,0.05548492397467893,0.0,0.00000025,btc,1387.19918473,0.0,0.00043818518820499993,37
1,[],27,[],2019-02-09 22:46:02,16422.0,0.00000052,0.000000000019041568,6619536,2019-02-09 22:46:02,btc,51.75602025030353,0.0,0.00000052,btc,29579.81438508,0.0,0.00569662,37
1,[],5,[],2019-02-09 22:53:15,1.362e-05,0.00000097,0.000000000035548754,6619719,2019-02-09 22:53:15,btc,0.08987323,0.08772636,0.00000097,btc,9.36e-05,0.0,0.03730254,42
1,[],12,[],2019-02-09 22:53:17,133961.8396899,0.000001230000000000000081983031474663903281907550990581512451171875,0.000000000045077286000000005,6619720,2019-02-09 22:53:17,btc,96.18959800807758,0.0,0.000001230000000000000081983031474663903281907550990581512451171875,btc,99713.23454909,0.021028818428581,0.0473273299999595,42
0,[],27,[],2019-02-09 22:53:19,0.0,0,0,6619721,2019-02-09 22:53:19,,0.00315028,0.0,0,"btc,eth",11.007,0.0,0.0,42
1,[],5,[],2019-02-09 22:53:21,6e-08,0.00000003,0.000000000001099446,6619722,2019-02-09 22:53:21,btc,6.257182,0.0020769,0.00000003,btc,1.425e-05,0.0,0.55210573,43
1,[],12,[],2019-02-09 22:53:21,6673028.0,0.00000002,0.000000000000732964,6619723,2019-02-09 22:53:21,btc,20007456.47408223,0.0,0.00000002,btc,38925720.08831168,6.160997003e-05,0.06730428000000001,43
0,[],17,[],2019-02-09 22:53:23,0.0,0,0,6619724,2019-02-09 22:53:23,btc,0.0,0.0,0,btc,0.0,0.0,0.0,43
1,[],12,[],2019-02-09 21:46:54,835037.0,0.00000006,0.0000000000021971699999999996,6619214,2019-02-09 21:46:54,btc,11115166.9883106,0.0,0.00000006,btc,1027975.14385612,2.22e-05,0.02401416,44
1,[],4,[],2019-02-09 22:53:24,224497528.68636373,0.00000002,0.000000000000732964,6619725,2019-02-09 22:53:24,btc,0.18547221915369003,0.0,0.00000002,"btc,ltc",4446321.3796748,0.0003,0.431185646536132,49
0.0000000001209847,[],4,[],2019-02-09 22:53:25,3386698048.518919,1.209847e-18,4.4338714825400004e-23,6619726,2019-02-09 22:53:25,ltc,4.645173506397626,0.0,0.00000001,ltc,2482042655.093763,0.0,4.097386473906469e-09,52
0,[],22,[],2019-02-09 22:53:28,0.0,0,0,6619727,2019-02-09 22:53:28,,3693.4427291,0.0,0,,261911682.90882352,0.0,0.0,57
0,[],27,[],2019-02-09 22:53:32,0.0,0,0,6619728,2019-02-09 22:53:32,,0.0,0.0,0,"btc,eth",0.0,0.0,0.0,57
0.0000000001209847,[],4,[],2019-02-09 22:53:32,1240081896.9995165,6.049235e-18,2.2169357412700004e-22,6619729,2019-02-09 22:53:32,ltc,3.2796441955154867,0.0,0.00000005,ltc,904221557.2391487,0.0,4.176127076634659e-09,58
1,[],12,[],2019-02-09 22:53:34,1951359642.843957,0.0000000005,0.0000000000000183241,6619730,2019-02-09 22:53:34,btc,224005489688.764,0.0,0.0000000005,btc,3147940767.8164883,0.05990262508191807,0.6907263420011391,58
0,[],17,[],2019-02-09 22:53:35,0.0,0,0,6619731,2019-02-09 22:53:35,btc,1e+24,0.0,0,btc,41481695.95832568,0.0,0.0,58
0.0000000001297461,[],22,[],2019-02-09 22:53:39,137438.0,1.297461e-18,4.75496102202e-23,6619732,2019-02-09 22:53:39,XMR,69.8835922,0.0,0.00000001,XMR,9887963.0,0.0,0.00137438,58
1,[],5,[],2019-02-09 22:53:41,1.133e-05,0.00000085,0.00000000003115097,6619733,2019-02-09 22:53:41,btc,0.26286673,0.0116065,0.00000085,btc,0.00013952,0.0,0.06980661,61
1,[],22,[],2019-02-09 22:53:44,5111.5,0.00000011,0.000000000004031302,6619734,2019-02-09 22:53:44,BTC,1002.29598212,0.0,0.00000011,BTC,14957.700278135757,0.0,0.00051178,61
1,[],26,[],2019-02-09 22:53:44,0.0,0.00000800,0.00000000029318560000000004,6619735,2019-02-09 22:53:44,btc,0.0,0.0,0.00000800,btc,0.0,0.0,0.0,61
1,[],27,[],2019-02-09 22:53:47,3650.0,0.0000005,0.000000000018324100000000003,6619736,2019-02-09 22:53:47,btc,10.702863999750335,403.34587274,0.0000005,"btc,eth",13640.73006358,0.027121130016612163,0.0006160000000801293,61
1,[],28,[],2019-02-09 22:53:49,6884.304,0.0000006,0.00000000002198892,6619737,2019-02-09 22:53:49,btc,2.056367893700105,795.0,0.0000006,btc,9757.52450005,0.0,0.00216611304,61
1,[],4,[],2019-02-09 06:26:58,434779.52404203,0.00000235,0.000000000085759255,6618963,2019-02-09 06:26:58,btc,0.9589076680222424,0.0,0.00000235,btc,234642.90541416,0.2440772,0.677630806936014,67
0.0,[],25,[],2019-02-09 06:26:59,0.0,0,0,6618964,2019-02-09 06:26:59,,0.0,0.0,0.0,btc,0.0,0.0,0.0,67
1,[],12,[],2019-02-09 21:47:19,2773912.61059032,0.00000044,0.00000000001611258,6619227,2019-02-09 21:47:19,btc,11115966.526390214,0.0,0.00000044,btc,2017523.4141353,0.0841373482674485,0.118151956441112,71
,[],5,[],2018-11-20 23:02:39,1.5e-07,0.00000005,0.000000000002128045,4862160,2018-11-20 23:02:39,btc,2.84511358,0.0,,btc,0.00036572,0.0,0.07381892,74
1,[],5,[],2019-01-25 15:53:51,3.303e-05,0.00000156,0.000000000055588884,6499610,2019-01-25 15:53:51,btc,1.42844212,0.0,0.00000156,btc,0.00015937,0.0,0.49487621,75
1,[],4,[],2019-02-09 22:53:50,52395090.43692337,0.00000001,0.000000000000366482,6619738,2019-02-09 22:53:50,btc,0.7647855482047843,0.0,0.00000001,btc,14467592.68425178,0.002,0.5239509043692337,81
0,[],20,[],2019-01-25 09:30:31,0.0,0,0,6495923,2019-01-25 09:30:31,btc,0.0,0.0,0,btc,0.0,0.0,0.0,81
1,[],4,[],2019-02-09 22:53:52,24093.20451215,0.00007450,0.0000000027302909000000004,6619739,2019-02-09 22:53:52,btc,0.9747683682710496,0.0,0.00007450,btc,8685.08366345,0.00236374,0.1089220407516198,82
1,[],21,[],2019-02-09 22:53:52,66892.68622072,0.00007663999999999999805655459539,0.000000002808718048,6619740,2019-02-09 22:53:52,btc,3.5514543340574343,1139.88538815,0.00007663999999999999805655459539366347598843276500701904296875,btc,40833.96890187,0.08646506,3.1155526699535376,82
0,[],17,[],2019-02-07 10:02:39,0.0,0,0,6611495,2019-02-07 10:02:39,btc,0.0447233088476774,0.0,0,btc,999127.19588126,0.0,0.0,84
0.0000000001209847,[],4,[],2019-02-09 22:53:54,159758443.07656574,1.209847e-17,4.433871482540001e-22,6619741,2019-02-09 22:53:54,ltc,0.19569063246892793,0.0,0.0000001,ltc,74480116.17421217,0.0,8.225337453169094e-10,85
,[],22,[],2018-11-20 23:09:34,3408.1,0.0000001,0.0000000000041895,4862324,2018-11-20 23:09:34,BTC,0.04624735,0.0,,BTC,4990.0,0.0,0.00033081,86
0,[],22,[],2019-02-09 22:53:57,0.0,0,0,6619742,2019-02-09 22:53:57,,2.0760781,0.0,0,,140622.94736842104,0.0,0.0,87
0,[],27,[],2019-02-09 22:53:59,0.0,0,0,6619743,2019-02-09 22:53:59,,0.0,0.0,0,btc,0.0,0.0,0.0,87
,[],2,[],2018-11-20 23:10:47,0.0,0,0,4862359,2018-11-20 23:10:47,,0.0,0.0,,,0.0,0.0,0.0,88
1,[],11,[],2019-02-09 22:54:01,96137.27516298,0.000159049999999999989996890548127339570783078670501708984375,0.00000000582889621,6619744,2019-02-09 22:54:01,btc,246.33211843174482,501.23791029,0.000159049999999999989996890548127339570783078670501708984375,btc,186582.80669509,0.0,6.50847351597379,89
0,[],2,[],2019-01-20 23:31:45,0.0,0,0,6477083,2019-01-20 23:31:45,,0.0,0.0,0,,0.0,0.0,0.0,91
1,[],12,[],2019-02-09 22:46:50,445466.70558552997,0.00000340000000000000005790181702158836429816801683045923709869384765625,0.00000000012450256000000001,6619563,2019-02-09 22:46:50,btc,1115.1269327811463,0.0,0.00000340000000000000005790181702158836429816801683045923709869384765625,btc,40822.67555352,0.0015377605,0.084816983500036,91
0,[],17,[],2019-02-09 22:46:52,0.0,0,0,6619564,2019-02-09 22:46:52,btc,0.0,0.0,0,btc,0.0,0.0,0.0,91
0.0000000001209847,[],22,[],2019-02-09 22:54:05,21182260.5,7.259082e-18,2.6603228895240003e-22,6619745,2019-02-09 22:54:05,LTC,8.58127275,0.0,0.00000006,LTC,72065234.1,4.8681823586000004e-14,1.02936015,95
1,[],4,[],2019-02-09 22:54:06,133529177.0518999,0.00000001,0.000000000000366482,6619746,2019-02-09 22:54:06,btc,0.9512756239725082,0.0,0.00000001,"btc,ltc",48221108.0778096,0.01467318,0.021303724567008613,96
1,[],12,[],2019-02-09 22:54:07,891800.0,0.00000001,0.000000000000366482,6619747,2019-02-09 22:54:07,btc,255063.4737601898,0.0,0.00000001,btc,8812852.54276697,0.0021028158041958,0.008918,96
0,[],17,[],2019-02-09 22:54:09,0.0,0,0,6619748,2019-02-09 22:54:09,btc,0.0,0.0,0,btc,0.0,0.0,0.0,96
1,[],4,[],2019-02-09 21:42:07,1820359.36379671,0.00000033,0.000000000012092058000000001,6619101,2019-02-09 21:42:07,btc,0.1205112685568271,0.0,0.00000033,btc,260727.85043294,0.00575705,0.2271142662625056,99
0,[],2,[],2019-01-20 23:23:55,0.0,0,0,6476914,2019-01-20 23:23:55,,0.0,0.0,0,,0.0,0.0,0.0,100
1,[],4,[],2019-02-09 22:47:00,233336.82446761,0.00004106,0.000000001503551504,6619569,2019-02-09 22:47:00,btc,1.4048705422600494,0.0,0.00004106,btc,31070.52492344,0.5978241,2.153298800504978,100
1,[],22,[],2019-02-09 22:54:14,50000.0,0.00000001,0.000000000000366482,6619749,2019-02-09 22:54:14,BTC,23.50383609,0.0,0.00000001,BTC,11277.22,0.0,0.0005,101
1,[],4,[],2019-02-09 22:54:14,132591.43046774,0.00000104,0.000000000038114128,6619750,2019-02-09 22:54:14,btc,0.3969522770545923,0.0,0.00000104,btc,148778.48246083,0.01047691,0.0830712264119559,103
1,[],12,[],2019-02-09 22:54:17,56277115.4663887,0.000000016,0.0000000000005863712,6619751,2019-02-09 22:54:17,btc,137278791.04949528,0.0,0.000000016,btc,129243083.07068506,0.03065157499086691,0.3655190574622192,105
1,[],27,[],2019-02-09 22:54:19,4109342.89,0.00000001,0.000000000000366482,6619752,2019-02-09 22:54:19,btc,1.5900677513692298,13763.0,0.00000001,btc,573669.42860553,0.00027526,0.0410934289,105
0,[],22,[],2019-02-09 22:54:22,0.0,0,0,6619753,2019-02-09 22:54:22,,1.07253299,0.0,0,,94300.0,0.0,0.0,107
1,[],26,[],2019-02-09 22:54:22,0.0,0.00000000,0,6619754,2019-02-09 22:54:22,btc,0.0,0.0,0.00000000,btc,0.0,0.0,0.0,107
1,[],5,[],2019-02-09 22:54:24,3e-08,0.00000002,0.000000000000732964,6619755,2019-02-09 22:54:24,btc,2.87350615,0.00891454,0.00000002,btc,1.649e-05,0.0,0.10289313,112
1,[],22,[],2019-02-09 22:54:28,189099.0,0.00000002,0.000000000000732964,6619756,2019-02-09 22:54:28,BTC,2.81183288,0.0,0.00000002,BTC,808524.0833333334,0.0,0.00189105,112
0.00000000032572869999999997,[],27,[],2019-02-09 22:54:31,500000.0,3.2572869999999998e-18,1.1937370543339999e-22,6619757,2019-02-09 22:54:31,eth,1.35132491849924,0.0,0.00000001,"btc,eth",1328.641654,0.0,1.6286434999999998e-12,112
1,[],4,[],2019-02-09 22:54:32,453081.8318591,0.00000339,0.000000000124237398,6619758,2019-02-09 22:54:32,btc,0.3012381705307033,0.0,0.00000339,btc,68918.39248528,0.18998798,0.2175755429500358,113
1,[],5,[],2019-02-09 22:54:33,9.12e-06,0.00000301,0.00000000011031108200000001,6619759,2019-02-09 22:54:33,btc,0.92597152,0.0002709,0.00000301,btc,0.00191899,0.0,0.21275362,113
1,[],17,[],2019-02-09 22:54:35,174538.724,0.00000004,0.000000000001465928,6619760,2019-02-09 22:54:35,btc,1.3373630274392487,0.0,0.00000004,btc,60896.221,0.0,0.00308154896,116
0,[],27,[],2019-02-09 22:54:36,0.0,0,0,6619761,2019-02-09 22:54:36,,0.0,0.0,0,btc,0.0,0.0,0.0,116
1,[],4,[],2019-02-09 22:54:38,35164.2606772,0.00002851,0.0000000010448401820000002,6619762,2019-02-09 22:54:38,btc,0.4681664445215142,0.0,0.00002851,btc,14691.94072569,1.14056621,0.8905231080170994,120
1,[],7,[],2019-02-09 22:54:39,6344.74103113,0.00001830000000000000097183545932910675446692039258778095245361328125,0.0000000006706620600000001,6619763,2019-02-09 22:54:39,btc,115646.2834595128,6.88637696,0.00001830000000000000097183545932910675446692039258778095245361328125,btc,30109.42474852,0.00023613,0.052123565338903,120
1,[],20,[],2019-02-09 22:54:41,1539391.8094,0.000000014,0.0000000000005130748,6619764,2019-02-09 22:54:41,btc,33.8688103501599,0.0,0.000000014,btc,1140882.3764,0.0,0.0079606482167,125
1,[],22,[],2019-02-09 22:54:59,3053.0,0.00000001,0.000000000000366482,6619765,2019-02-09 22:54:59,BTC,0.01444889,0.0,0.00000001,BTC,296264.5111111111,0.0,3.053e-05,126
1,[],4,[],2019-02-09 22:55:00,151350.72732072,0.00001451,0.000000000531765382,6619766,2019-02-09 22:55:00,btc,0.6334604201310742,0.0,0.00001451,btc,34094.26805837,0.2586887,0.7542670975795619,131
0,[],17,[],2019-02-09 22:55:01,0.0,0,0,6619767,2019-02-09 22:55:01,btc,0.0009561751951600001,0.0,0,btc,35.42829368,0.0,0.0,131
0,[],2,[],2019-01-20 23:25:46,0.0,0,0,6476969,2019-01-20 23:25:46,,0.0,0.0,0,,0.0,0.0,0.0,131
1,[],4,[],2019-02-09 06:30:19,4641.29878414,0.00016379,0.000000005977237607,6619000,2019-02-09 06:30:19,btc,1.6399936163935038,0.0,0.00016379,btc,296.65845559,0.0,0.0119089597260102,135
1,[],3,[],2019-02-09 21:48:07,2307567.8589406298,0.00000006,0.0000000000021971699999999996,6619255,2019-02-09 21:48:07,btc,0.120222370902266,71096.9995778,0.00000006,btc,389510.19409237,0.0,0.09308763944147849,136
1,[],4,[],2019-02-09 22:55:02,80600.81707545,0.00000166,0.000000000060836012,6619768,2019-02-09 22:55:02,btc,0.0688050159232304,0.0,0.00000166,btc,33161.7079015,0.05450145,0.1041540649663204,137
1,[],12,[],2019-02-09 22:55:03,305205.24535411,0.000001740000000000000069492480346544649449924690998159348964691162109375,0.00000000006376786800000001,6619769,2019-02-09 22:55:03,btc,11982.945752920168,0.0,0.000001740000000000000069492480346544649449924690998159348964691162109375,btc,157726.19359326,0.0227130631416303,0.042235273342675,137
1,[],4,[],2019-02-09 22:55:04,5356.76991976,0.00007184,0.000000002632806688,6619770,2019-02-09 22:55:04,btc,2.8695766902933073,0.0,0.00007184,btc,26650.01401035,2.10047536,0.2146238651729914,142
1,[],5,[],2019-02-09 22:55:05,0.00250894,0.00007176,0.0000000026298748320000002,6619771,2019-02-09 22:55:05,btc,4.55188563,2.51226659,0.00007176,btc,0.00414935,0.0,1.43236937,142
1,[],17,[],2019-02-09 22:55:07,22967.386363640002,0.00000088,0.000000000032250416000000006,6619772,2019-02-09 22:55:07,btc,20.06991335246731,0.000896253237,0.00000088,btc,2746.079105,0.0,0.0104613000000032,142
1,[],20,[],2019-02-09 22:55:08,156080.3962,0.000030003,0.0000000010995559446000002,6619773,2019-02-09 22:55:08,btc,2.8514115111638,1000.0,0.000030003,btc,7685.4716,0.025255633087,0.3069478494157,142
1,[],22,[],2019-02-09 22:55:12,1116.4,0.00001020,0.00000000037381164000000004,6619774,2019-02-09 22:55:12,BTC,3.0087007,0.0,0.00001020,BTC,897.0985020382753,0.0,0.00092537,142
0.0,[],25,[],2019-02-09 22:55:13,0.0,0,0,6619775,2019-02-09 22:55:13,,0.0,0.0,0.0,btc,0.0,0.0,0.0,142
1,[],28,[],2019-02-09 22:55:21,79056.0,0.00005000,0.00000000183241,6619776,2019-02-09 22:55:21,btc,0.033106269749,750.29291,0.00005000,btc,53.2837,0.0,0.0585187,142
0,[],22,[],2019-02-09 22:55:24,0.0,0,0,6619777,2019-02-09 22:55:24,,68.48598675,0.0,0,,890289703.8,0.0,0.0,143
1,[],21,[],2019-02-09 22:55:25,45075936.62058224,0.00000028,0.000000000010261496000000001,6619778,2019-02-09 22:55:25,btc,39.48507356772362,2936317.40189451,0.00000028,btc,77855215.81424122,0.84733855,8.299845190779635,145
0,[],22,[],2019-02-07 19:35:54,0.0,0,0,6616921,2019-02-07 19:35:54,,3.33248929,0.0,0,,1970827.5,0.0,0.0,146
,[],22,[],2018-11-20 23:01:11,0.0,0,0,4862114,2018-11-20 23:01:11,,2.56807021,0.0,,,61828.4988236,0.0,0.0,147
1,[],12,[],2019-02-09 06:30:42,8687093.3777683,0.000003340000000000000208847696081537748113987618125975131988525390625,0.00000000012188762200000002,6619013,2019-02-09 06:30:42,btc,16.53011911335312,0.0,0.000003340000000000000208847696081537748113987618125975131988525390625,btc,115904.41191469,0.00059625534,0.1214897664899687,148
1,[],4,[],2019-02-09 22:55:26,441485.63451336,0.00000046,0.000000000016858172000000002,6619779,2019-02-09 22:55:26,btc,0.7770118927569566,0.0,0.00000046,btc,585755.1926213,0.00523785,0.1259863431114177,152
0,[],22,[],2019-02-09 22:55:28,0.0,0,0,6619780,2019-02-09 22:55:28,,0.0,0.0,0,,0.0,0.0,0.0,152
1,[],5,[],2019-02-09 21:48:29,0.0,0,0,6619267,2019-02-09 21:48:29,btc,4.42293222,0.0,0,btc,0.00161275,0.0,0.0,153
,[],16,[],2019-01-11 15:38:59,0.0,0,0,6366141,2019-01-11 15:38:59,btc,0.0,0.0,,btc,0.0,0.0,0.0,155
0,[],23,[],2019-01-20 23:24:29,0.0,0,0,6476932,2019-01-20 23:24:29,,0.0,0.0,0,,0.0,0.0,0.0,156
0,[],22,[],2019-02-09 22:55:31,0.0,0,0,6619781,2019-02-09 22:55:31,,6.74512347,0.0,0,,4576272.742592593,0.0,0.0,156
1,[],22,[],2019-02-09 22:55:35,7906.0,0.00000801,0.00000000029355208200000004,6619782,2019-02-09 22:55:35,BTC,43.78801181,0.0,0.00000801,BTC,1067.5805334758436,0.0,0.00743836,157
0,[],22,[],2019-02-09 22:55:38,0.0,0,0,6619783,2019-02-09 22:55:38,,50175.67558609,0.0,0,,54029136.04179466,0.0,0.0,158
,[],17,[],2018-11-20 22:56:10,0.0,0,0,4861976,2018-11-20 22:56:10,btc,1.1265625,0.0,,btc,1000.0,0.0,0.0,159
,[],20,[],2018-11-20 22:56:12,0.0,0,0,4861977,2018-11-20 22:56:12,btc,11912.7940471,0.0,,btc,34413894.3617,0.0,0.0,159
1,[],12,[],2019-02-09 21:48:40,190344.04832957,0.00000740000000000000030041073795228356857478502206504344940185546875,0.0000000002709843,6619271,2019-02-09 21:48:40,btc,6.662278732862693,0.0,0.00000740000000000000030041073795228356857478502206504344940185546875,btc,14799.17016046,0.0021890257143072,0.0924904829000231,168
1,[],17,[],2019-02-09 21:48:41,29784.95,0.000001,0.000000000036619499999999994,6619272,2019-02-09 21:48:41,btc,0.03026736251542,0.0,0.000001,btc,144.46171372,0.0,0.00716147,168
0,[],22,[],2019-02-09 21:48:44,0.0,0,0,6619273,2019-02-09 21:48:44,,1.14776735,0.0,0,,721558.0900917595,0.0,0.0,169
1,[],22,[],2019-02-09 21:48:48,225000.0,0.00000018,0.00000000000659151,6619274,2019-02-09 21:48:48,BTC,10.33139556,0.0,0.00000018,BTC,130300.77145587197,0.0,0.0216,171
1,[],22,[],2019-02-09 22:55:41,231281.52380952382,0.00000022,0.000000000008062604,6619784,2019-02-09 22:55:41,BTC,2.65396408,0.0,0.00000022,BTC,234411.28084800177,0.00369119,0.0187128,173
1,[],5,[],2019-02-09 22:48:32,3.026e-05,0.00000329,0.000000000120474536,6619605,2019-02-09 22:48:32,btc,0.31628543,0.04530272,0.00000329,btc,0.00028366,0.0,0.7324028,175
1,[],22,[],2019-02-09 22:55:45,57581.32380952381,0.00000061,0.000000000022355402000000003,6619785,2019-02-09 22:55:45,BTC,0.49923213,0.0,0.00000061,BTC,127016.9744461984,1.314e-05,0.02077814,176
1,[],7,[],2019-02-09 22:55:46,0.0,0,0,6619786,2019-02-09 22:55:46,btc,410973.91675899347,0.0,0,btc,115464110.28145696,0.0,0.0,178
0,[],22,[],2019-02-09 22:55:49,0.0,0,0,6619787,2019-02-09 22:55:49,,1.00242428,0.0,0,,57512.0,0.0,0.0,178
0,[],2,[],2019-01-20 23:28:34,0.0,0,0,6477001,2019-01-20 23:28:34,,0.0,0.0,0,,0.0,0.0,0.0,178
1,[],5,[],2019-02-09 22:55:50,3e-08,0.00000002,0.000000000000732964,6619788,2019-02-09 22:55:50,btc,26.58837994,0.39069504,0.00000002,btc,2.088e-05,0.0,0.79253927,179
1,[],22,[],2019-02-09 22:55:55,7820284.0,0.00000002,0.000000000000732964,6619789,2019-02-09 22:55:55,BTC,5.4773134,0.0,0.00000002,"BTC,LTC",17835443.468656633,0.0,0.38366552,179
0,[],23,[],2019-01-20 23:25:08,0.0,0,0,6476952,2019-01-20 23:25:08,,0.0,0.0,0,,0.0,0.0,0.0,179
1,[],17,[],2019-02-09 22:55:56,10504.725,0.0000001,0.00000000000366482,6619790,2019-02-09 22:55:56,btc,5.20616687987852,0.0,0.0000001,btc,6755.0074587,0.0,0.0010504725,180
1,[],22,[],2019-02-09 22:56:00,18254.4,0.00000095,0.00000000003481579,6619791,2019-02-09 22:56:00,BTC,0.09342657,0.0,0.00000095,"BTC,LTC",13886.975478042325,0.00372327,0.00623544,180
1,[],26,[],2019-02-09 22:56:01,0.0,0.00000050,0.000000000018324100000000003,6619792,2019-02-09 22:56:01,btc,0.0,0.0,0.00000050,btc,0.0,0.0,0.0,180
,[],7,[],2018-11-20 22:58:01,562227.975654,0.00000085,0.000000000036176765,4862015,2018-11-20 22:58:01,btc,21836.6059674,2491.87645172,,btc,749999.041456,0.00211021,0.127565380455,183
,[],5,[],2019-01-10 08:11:41,0.0,0,0,6347036,2019-01-10 08:11:41,btc,82.15055501,0.00261,,btc,1.19002445,0.0,0.0,187
1,[],24,[],2019-02-09 22:56:01,0.0,0.000000000001,3.6648200000000005e-17,6619793,2019-02-09 22:56:01,btc,0.0,0.0,0.000000000001,btc,0.0,0.0,0.0,187
,[],17,[],2018-11-16 20:58:10,4062536.27273,0.00000001,0.000000000000550501,4708775,2018-11-16 20:58:10,btc,3.36492563466,0.195460381006,,"btc,eth",110697919.549,0.0,0.0157628953496,187
0,[],22,[],2019-02-09 06:32:14,0.0,0,0,6619032,2019-02-09 06:32:14,,1.19383767,0.0,0,,14406.036201072173,0.0,0.0,191
0,[],22,[],2019-02-09 06:32:20,0.0,0,0,6619033,2019-02-09 06:32:20,,0.0,0.0,0,,0.0,0.0,0.0,197
0,[],23,[],2019-01-20 23:31:41,0.0,0,0,6477079,2019-01-20 23:31:41,,0.0,0.0,0,,0.0,0.0,0.0,199
1,[],26,[],2019-02-09 22:56:01,0.0,0.00000000,0,6619794,2019-02-09 22:56:01,btc,0.0,742552.0,0.00000000,btc,0.0,0.0,0.0,199
0,[],17,[],2019-01-30 16:32:01,0.0,0,0,6540827,2019-01-30 16:32:01,btc,6.802544163788159,0.0,0,btc,105897.55575295,0.0,0.0,200
0,[],2,[],2019-01-20 23:30:49,0.0,0,0,6477059,2019-01-20 23:30:49,,0.0,0.0,0,,0.0,0.0,0.0,201
1,[],4,[],2019-01-25 15:51:35,2084389.58565343,0.00000936,0.000000000333526752,6499557,2019-01-25 15:51:35,btc,2.0092503037378524,0.0,0.00000936,btc,160195.80207885,0.19272417,1.242687955921835,211
1,[],7,[],2019-02-09 22:56:04,5589875.78697611,0.000001619999999999999947867764839293247547402643249370157718658447265625,0.00000000005937008400000001,6619795,2019-02-09 22:56:04,btc,16567788.005333545,491489.886951,0.000001619999999999999947867764839293247547402643249370157718658447265625,btc,9946829.9918573,0.78488427,4.499107692528702,212
1,[],12,[],2019-01-25 02:44:32,207462.42853209,0.000001080000000000000035831255497387193287295303889550268650054931640625,0.000000000038610756000000006,6493050,2019-01-25 02:44:32,btc,85023.03793723314,0.0,0.000001080000000000000035831255497387193287295303889550268650054931640625,btc,43675.73520027,0.000146250909087,0.0348620860622024,213
1,[],5,[],2019-02-09 22:56:06,4.78e-06,0.00000035,0.00000000001282687,6619796,2019-02-09 22:56:06,btc,1.15779323,0.15756018,0.00000035,btc,3.19e-05,0.0,0.38789623,213
1,[],24,[],2019-02-09 22:56:06,0.0,0.000000050000,0.0000000000018324100000000003,6619797,2019-02-09 22:56:06,btc,0.0,0.0,0.000000050000,btc,0.0,0.0,0.0,213
1,[],26,[],2019-02-09 22:56:06,0.0,0.00000009,0.0000000000032983380000000003,6619798,2019-02-09 22:56:06,btc,0.0,0.0,0.00000009,btc,0.0,0.0,0.0,213
1,[],22,[],2019-02-09 22:56:10,271180.0,0.00000002,0.000000000000732964,6619799,2019-02-09 22:56:10,BTC,2.20539348,0.0,0.00000002,BTC,253902.63137942314,0.0001044,0.0046096,216
1,[],27,[],2019-02-09 22:56:13,5081157.5555,0.00000004,0.000000000001465928,6619800,2019-02-09 22:56:13,btc,363.57727336756,59527.7,0.00000004,"btc,ltc",271023.369,0.00892915,0.05225726222,216
1,[],22,[],2019-02-09 22:56:16,313336.8247499803,0.00000260,0.00000000009528532,6619801,2019-02-09 22:56:16,BTC,12676.95666419,0.0,0.00000260,BTC,378546.7605220196,0.01464644,0.46232477,217
1,[],7,[],2019-02-09 22:56:18,0.0,0,0,6619802,2019-02-09 22:56:18,btc,77970.05582791512,0.0,0,btc,137091858.32140028,0.0,0.0,219
0,[],27,[],2019-02-09 22:56:20,0.0,0,0,6619803,2019-02-09 22:56:20,,5.3418937883169715,0.0,0,btc,1605140.99226592,0.0,0.0,219
0.0000000000000053,[],28,[],2019-02-09 22:56:22,204296840.264,6.6250000000000006e-18,2.42794325e-22,6619804,2019-02-09 22:56:22,doge,89024.9739929075,14269.0,0.00125000,"btc,doge",5023664.69751,0.0,2.448864346508002e-11,219
1,[],22,[],2019-02-09 22:56:27,217115.61111111112,0.00000095,0.00000000003481579,6619805,2019-02-09 22:56:27,BTC,3.02453491,0.0,0.00000095,BTC,73670.87471926722,0.0268548,0.03248078,221
1,[],24,[],2019-02-09 22:56:27,0.0,0.000000610000,0.000000000022355402000000003,6619806,2019-02-09 22:56:27,btc,0.0,0.0,0.000000610000,btc,0.0,0.0,0.0,221
1,[],20,[],2019-02-09 22:56:29,4623215.9011,0.000000004,0.0000000000001465928,6619807,2019-02-09 22:56:29,btc,6.0750927507078,26932.572,0.000000004,btc,9638933.2978,0.00011846086,0.0092140371542,224
0,[],22,[],2019-02-09 22:56:32,0.0,0,0,6619808,2019-02-09 22:56:32,,0.0,0.0,0,,0.0,0.0,0.0,224
1,[],26,[],2019-02-09 22:56:32,0.0,0.00000045,0.000000000016491690000000002,6619809,2019-02-09 22:56:32,btc,0.0,0.0,0.00000045,btc,0.0,0.0,0.0,231
1,[],26,[],2019-02-09 22:49:25,0.0,0.00000005,0.00000000000183092,6619631,2019-02-09 22:49:25,btc,0.0,0.0,0.00000005,btc,0.0,0.0,0.0,234
0,[],27,[],2019-02-09 22:49:28,0.0,0,0,6619632,2019-02-09 22:49:28,,0.0113483662182,0.0,0,"btc,eth",11462.99618,0.0,0.0,234
0,[],22,[],2019-02-09 22:56:35,0.0,0,0,6619810,2019-02-09 22:56:35,,3.00219498,0.0,0,,99937439.06349206,0.0,0.0,235
1,[],4,[],2019-02-09 22:56:37,827860.75096533,0.00000059,0.000000000021622438,6619811,2019-02-09 22:56:37,btc,0.1454641560235751,0.0,0.00000059,btc,144973.20227018,0.05030249,0.1688561003650743,236
1,[],24,[],2019-02-09 22:56:37,0.0,0.000000010000,0.000000000000366482,6619812,2019-02-09 22:56:37,btc,0.0,0.0,0.000000010000,btc,0.0,0.0,0.0,236
1,[],20,[],2019-02-09 22:49:33,16322147.5659,0.00000006,0.0000000000021971040000000003,6619636,2019-02-09 22:49:33,btc,14.5783443567114,6673350.555,0.00000006,btc,27480095.8242,0.4135496871049,0.1382033822619,237
0.0000000001210056,[],22,[],2019-02-09 22:49:47,14400.0,1.210056e-17,4.43103146304e-22,6619637,2019-02-09 22:49:47,LTC,0.04083605,0.0,0.0000001,LTC,4179.0,0.0,0.00144,237
1,[],4,[],2019-02-09 22:56:38,4637664.89155222,0.00000033,0.000000000012093906000000001,6619813,2019-02-09 22:56:38,btc,0.8059333244416489,0.0,0.00000033,btc,2128393.37235767,0.17655826,1.4019670917617653,238
1,[],5,[],2019-02-09 22:56:40,4.25e-06,0.00000033,0.000000000012093906000000001,6619814,2019-02-09 22:56:40,btc,0.83861205,0.00136895,0.00000033,btc,3.008e-05,0.0,0.28472894,238
1,[],22,[],2019-02-09 21:43:30,80995.5,0.00000002,0.0000000000007328520000000001,6619133,2019-02-09 21:43:30,BTC,15.41678688,0.0,0.00000002,BTC,370860.0639027493,0.00029414,0.00161991,249
0.0000000001209847,[],22,[],2019-02-09 22:56:44,6882771.333333333,3.629541e-18,1.3301614447620002e-22,6619815,2019-02-09 22:56:44,LTC,0.40099266,0.0,0.00000003,LTC,13547150.89,3.509519338212e-12,0.20548616,252
0,[],28,[],2019-02-09 22:56:46,0.0,0,0,6619816,2019-02-09 22:56:46,,0.0,0.0,0,,0.0,0.0,0.0,256
1,[],22,[],2019-02-09 22:56:50,114807.0,0.00000001,0.000000000000366482,6619817,2019-02-09 22:56:50,BTC,30.20506727,0.0,0.00000001,BTC,442390.0289327789,0.0,0.00114807,258
1,[],22,[],2019-01-26 20:58:41,368451.0,0.00000001,0.000000000000356135,6510120,2019-01-26 20:58:41,BTC,2.642917,0.0,0.00000001,"BTC,LTC",1862.0,0.0,0.02488451,259
1,[],22,[],2019-02-09 22:56:54,12273.297647058824,0.00000850,0.0000000003115097,6619818,2019-02-09 22:56:54,BTC,1293.13140575,0.0,0.00000850,"BTC,LTC",12670.0654139449,0.00087448,0.018914,262
1,[],5,[],2019-02-09 22:56:56,6.981e-05,0.00000308,0.00000000011287645600000001,6619819,2019-02-09 22:56:56,btc,0.66550614,0.32961585,0.00000308,btc,0.00028746,0.0,0.35485992,264
1,[],20,[],2019-02-09 22:56:57,1169580.0273,0.00000283,0.00000000010371440600000001,6619820,2019-02-09 22:56:57,btc,5.0481283833503,142673.7259,0.00000283,btc,103841.2192,0.6070901791102,0.0304343142606,264
1,[],22,[],2019-02-09 22:57:01,95356.5,0.00000002,0.000000000000732964,6619821,2019-02-09 22:57:01,BTC,9.31364146,0.0,0.00000002,BTC,371756.0382647885,0.0,0.0014095,271
0,[],22,[],2019-02-09 22:57:05,0.0,0,0,6619822,2019-02-09 22:57:05,,384.77798703,0.0,0,,15106717515.9,0.0,0.0,272
0.0000000000000053,[],28,[],2019-02-09 22:57:07,218759095106.89,4.293e-21,1.5733072260000002e-25,6619823,2019-02-09 22:57:07,doge,374578696.1721481,1053036499.7,0.00000081,doge,231349149695.1937,0.0,6.067086289590121e-10,272
1,[],22,[],2019-02-09 22:57:12,11582.0,0.00001007,0.00000000036904737400000003,6619824,2019-02-09 22:57:12,BTC,74.80275298,0.0,0.00001007,"BTC,LTC",1029.012635451505,0.00470575,0.02057677,281
