pairValue,buyBook,exchangeId,sellBook,updated,buyTotal,satoshiPrice,usdPrice,exchangeLogId,created,bestPair,sellTotalBtc,volume,pairPrice,activePairs,sellTotal,volumeBtc,buyTotalBtc,coinId
1,[],3,[],2019-06-23 02:21:08,32989.87524000229,0.01058228999999999940528905284509164630435407161712646484375,0.000001145858827031999951878894534,7754060,2019-06-23 02:21:08,btc,10.3769822229489,58.8944988501,0.01058228999999999940528905284509164630435407161712646484375,btc,20.466712260573,0.0,0.4226369751803968,1
1,[],4,[],2019-06-23 02:21:08,353604.44503973,0.01056667,0.000001144167480936000016250649415,7754061,2019-06-23 02:21:08,btc,11.289198334001998,0.0,0.01056667,btc,610.40950626,3.10438529,1.090861663017416,1
1,[],5,[],2019-06-23 02:21:11,0.0,0,0,7754062,2019-06-23 02:21:11,btc,0.0,0.03128298,0,btc,0.0,0.0,0.0,1
1,[],10,[],2019-06-23 02:21:13,308590.18563309,0.00412,0.00000044611689600000004,7754063,2019-06-23 02:21:13,btc,6522.314745117958,1512.08397293,0.00412,btc,1400.53259609,0.0,1.7940249592211062,1
1,[],12,[],2019-06-23 02:21:15,87.2693656,0.0107100000000000007693845560652334825135767459869384765625,0.000001159687368000000099780654134,7754064,2019-06-23 02:21:15,btc,0.3941644590374,0.0,0.0107100000000000007693845560652334825135767459869384765625,btc,33.89453184,2.734844483438,0.1958400754704,1
1,[],20,[],2019-06-23 02:21:17,919.0449,0.01111001,0.000001203000770808000017086260620,7754065,2019-06-23 02:21:17,btc,0.1653549575355,0.6727,0.01111001,btc,12.1403,0.0076604580283,0.1344047516701,1
1,[],21,[],2019-06-23 02:21:17,1967.33392568,0.01071771000000000008400835583,0.000001160522212968000025579428203,7754066,2019-06-23 02:21:17,btc,14.3704888978198,3415.75338461,0.01071771000000000008400835582733634510077536106109619140625,"btc,eth",1677.05652473,29.757909526752886,16.487740074034967,1
1,[],22,[],2019-06-23 02:21:21,0.0395979803020197,0.01000001,0.000001082809082808000015379174012,7754067,2019-06-23 02:21:21,BTC,0.01666796,0.0,0.01000001,BTC,0.25318100557485945,0.0,0.00021887,1
1,[],24,[],2019-06-23 02:21:22,0.0,0.000000000000,0,7754068,2019-06-23 02:21:22,btc,0.0,0.0,0.000000000000,btc,0.0,0.0,0.0,1
0.0,[],25,[],2019-06-23 02:21:23,0.0,0,0,7754069,2019-06-23 02:21:23,btc,55.19999999814117,12207.68580278,0.0,btc,5019.64367241,130.852,0.0,1
1,[],26,[],2019-06-23 02:21:25,0.0,0,0,7754070,2019-06-23 02:21:25,,0.0,0.0,0,,0.0,0.0,0.0,1
0,[],28,[],2019-06-23 02:21:26,0.0,0,0,7754071,2019-06-23 02:21:26,,0.0,0.0,0,,0.0,0.0,0.0,1
0,[],2,[],2019-01-20 23:28:45,0.0,0,0,6477011,2019-01-20 23:28:45,,0.0,0.0,0,,0.0,0.0,0.0,1
1,[],5,[],2019-06-17 14:29:02,0.0,0,0,7740076,2019-06-17 14:29:02,btc,0.0,2.72e-05,0,btc,0.0,0.0,0.0,2
1,[],22,[],2019-06-17 14:29:06,11550.3,0.0000002,0.0000000000185828,7740077,2019-06-17 14:29:06,BTC,21.00897301,0.0,0.0000002,"BTC,XMR",20678.87287795317,1.754e-05,0.00143681,2
1,[],5,[],2019-06-03 14:48:58,0.0,0,0,7731126,2019-06-03 14:48:58,btc,0.0,0.05905545,0,btc,0.0,0.0,0.0,3
1,[],12,[],2019-06-03 14:48:59,3468623.70302,0.000000116,0.000000000009823402000000002,7731127,2019-06-03 14:48:59,btc,169531.0336573751,0.0,0.000000116,btc,2361209.62379607,0.041350953071,0.33764769154428,3
0,[],28,[],2019-06-03 14:49:00,0.0,0,0,7731128,2019-06-03 14:49:00,,0.0,0.0,0,,0.0,0.0,0.0,3
0,[],2,[],2019-01-20 23:31:32,0.0,0,0,6477077,2019-01-20 23:31:32,,0.0,0.0,0,,0.0,0.0,0.0,4
1,[],4,[],2019-05-18 21:29:50,562734.9206932,0.00000010,0.000000000007298720000000001,7650946,2019-05-18 21:29:50,btc,41.9347137769675,0.0,0.00000010,btc,1123702.32192634,0.00052462,0.029254593370966,4
0,[],12,[],2019-06-02 05:03:43,0.0,0,0,7724919,2019-06-02 05:03:43,btc,625.901992874995,0.0,0,btc,1211362.4995005,0.0,0.0,5
0,[],2,[],2019-01-20 23:31:51,0.0,0,0,6477087,2019-01-20 23:31:51,,0.0,0.0,0,,0.0,0.0,0.0,6
1,[],11,[],2019-06-23 02:21:28,5130644.076736,0.00000002,0.000000000002165616,7754072,2019-06-23 02:21:28,btc,9583.566774498937,245250.0,0.00000002,btc,74488901.42504053,0.0,0.06268188876736,6
1,[],3,[],2019-06-23 02:21:29,11598.228062990816,0.0000850100000000000009282852264647090123617090284824371337890625,0.000000009204950808,7754073,2019-06-23 02:21:29,btc,1026.291999399866,515.769170628,0.0000850100000000000009282852264647090123617090284824371337890625,btc,356.975845935782,0.0,0.01976062546819047,7
1,[],4,[],2019-06-23 02:21:30,298684.74792087,0.00007401,0.000000008013862008,7754074,2019-06-23 02:21:30,btc,7.244664578511132,0.0,0.00007401,btc,55464.11693372,3.34920012,1.4712071204714692,7
1,[],5,[],2019-06-23 02:21:31,0.0,0,0,7754075,2019-06-23 02:21:31,btc,0.0,0.2721447,0,btc,0.0,0.0,0.0,7
1,[],20,[],2019-04-07 22:06:50,3201475.0482,0.000000001,0.000000000000051590000000000004,7213932,2019-04-07 22:06:50,btc,30.8005781811902,0.0,0.000000001,btc,23077405.3926,0.0,0.0032014750482,8
0,[],2,[],2019-01-20 23:22:42,0.0,0,0,6476876,2019-01-20 23:22:42,,0.0,0.0,0,,0.0,0.0,0.0,9
0,[],23,[],2019-01-20 23:22:48,0.0,0,0,6476878,2019-01-20 23:22:48,,0.0,0.0,0,,0.0,0.0,0.0,9
1,[],4,[],2019-06-23 02:21:33,1492586.69491054,0.00000052,0.000000000056306016,7754076,2019-06-23 02:21:33,btc,2.8004166641811414,0.0,0.00000052,btc,2813735.11172542,0.49702897,0.2612647653874963,9
0,[],28,[],2019-06-23 02:21:35,0.0,0,0,7754077,2019-06-23 02:21:35,,0.0,0.0,0,,0.0,0.0,0.0,9
1,[],1,[],2019-02-17 23:31:42,1822507.21,0.00000181000000000000003456111265232042484285557293333113193511962890625,0.000000000066086901,6701244,2019-02-17 23:31:42,btc,3.6990969245,17153386.5,0.00000181000000000000003456111265232042484285557293333113193511962890625,btc,1997391.71,31.11772986,3.2610482446,9
1,[],4,[],2019-02-17 11:22:43,4341674.27126056,0.00000002,0.0000000000007272960000000001,6696112,2019-02-17 11:22:43,btc,0.1997230937751353,0.0,0.00000002,btc,4109766.79808031,0.00215132,0.0479381022052112,10
0,[],2,[],2019-01-20 23:23:08,0.0,0,0,6476890,2019-01-20 23:23:08,,0.0,0.0,0,,0.0,0.0,0.0,12
1,[],4,[],2019-06-23 02:21:36,42350401.63451696,0.00000035,0.00000000003789828,7754078,2019-06-23 02:21:36,btc,7.372938124083947,0.0,0.00000035,btc,7857400.07582206,3.11199435,2.313735273378098,12
1,[],5,[],2019-06-23 02:21:37,0.0,0,0,7754079,2019-06-23 02:21:37,btc,0.0,0.26764123,0,btc,0.0,0.0,0.0,12
0.0,[],25,[],2019-06-23 02:21:39,0.0,0,0,7754080,2019-06-23 02:21:39,,0.0,0.0,0.0,btc,0.0,0.0,0.0,12
1,[],4,[],2019-06-23 02:21:40,589309.63057531,0.00000323,0.000000000349746984,7754081,2019-06-23 02:21:40,btc,1.9170222856137928,0.0,0.00000323,btc,304197.99646009,0.4747324,0.3930405698540518,13
1,[],21,[],2019-06-23 02:21:43,3951401.27838392,0.000003140000000000000006139836903,0.000000000340001712,7754082,2019-06-23 02:21:43,btc,4.379486184886137,928231.70832463,0.00000314000000000000000613983690278541160978420521132647991180419921875,btc,1112101.85710715,3.13825191,3.256471376816169,13
1,[],10,[],2019-06-22 19:04:02,583880.10368029,0.00000327,0.000000000347281521,7753633,2019-06-22 19:04:02,btc,666798.4432348486,38631.9796499,0.00000327,btc,885683.30936951,0.0,0.287091929169455,13
1,[],4,[],2019-06-23 02:21:44,1088731.09491108,0.00000071,0.00000000007687936800000001,7754083,2019-06-23 02:21:44,btc,9.00325825840914,0.0,0.00000071,btc,875571.31385399,0.25629342,0.176548680895522,14
1,[],12,[],2019-06-23 02:21:46,214572.52439226,0.00000071,0.000000000076879368,7754084,2019-06-23 02:21:46,btc,194.7396201052405,0.0,0.00000071,btc,26158.79853051,0.000381172979,0.0176507152999777,14
1,[],26,[],2019-06-23 02:23:46,0.0,0.00000050,0.0000000000541404,7754085,2019-06-23 02:23:46,btc,0.0,0.0,0.00000050,btc,0.0,0.0,0.0,14
0,[],17,[],2019-05-03 00:53:32,0.0,0,0,7558876,2019-05-03 00:53:32,btc,0.0,0.0,0,btc,0.0,0.0,0.0,14
0,[],4,[],2019-06-23 02:23:47,0.0,0,0,7754086,2019-06-23 02:23:47,,0.0,0.0,0,,0.0,0.0,0.0,15
,[],12,[],2018-12-01 15:15:48,204241.84496,0.00000489,0.000000000202473384,5260204,2018-12-01 15:15:48,btc,49.5475654835,0.0,,btc,35763.2193806,0.0163153972027625,0.0203389899998,15
1,[],4,[],2019-06-23 02:23:48,34714.44872023,0.00000951,0.000000001029750408,7754087,2019-06-23 02:23:48,btc,2.455353645812767,0.0,0.00000951,btc,16844.4834356,0.06541494,0.0747625729600887,18
1,[],10,[],2019-06-23 02:23:50,392126.68946155,0.00000969,0.000000001049240952,7754088,2019-06-23 02:23:50,btc,14.874507791963463,3283.22165149,0.00000969,btc,9139.1777742,0.0,0.1837986256583504,18
1,[],12,[],2019-06-23 02:23:51,2933.0841418,0.000009500000000000000523019128007007338965195231139659881591796875,0.0000000010286676,7754089,2019-06-23 02:23:51,btc,0.5377730015346104,0.0,0.000009500000000000000523019128007007338965195231139659881591796875,btc,1918.33661369,0.000109177008,0.0075760467458763,18
0,[],2,[],2019-01-20 23:23:38,0.0,0,0,6476906,2019-01-20 23:23:38,,0.0,0.0,0,,0.0,0.0,0.0,18
0,[],17,[],2019-05-03 00:53:39,0.0,0,0,7558882,2019-05-03 00:53:39,btc,0.0,0.0,0,btc,0.0,0.0,0.0,18
1,[],3,[],2019-06-23 02:25:52,151467.92241015212,0.000007619999999999999888114672608185884428166900761425495147705078125,0.000000000825099696,7754090,2019-06-23 02:25:52,btc,190.31071536504675,13015.4667322,0.000007619999999999999888114672608185884428166900761425495147705078125,btc,17896.656898408815,0.0,0.046248444199950896,19
1,[],4,[],2019-06-23 02:25:53,341577.65058633,0.00000803,0.000000000869494824,7754091,2019-06-23 02:25:53,btc,6.255806499287711,0.0,0.00000803,btc,269946.5079482,0.81348328,1.469160543830757,19
1,[],5,[],2019-06-23 02:25:54,0.0,0,0,7754092,2019-06-23 02:25:54,btc,0.0,0.01493987,0,btc,0.0,0.0,0.0,19
1,[],12,[],2019-06-23 02:25:54,109030.65383244,0.0000070199999999999997035075686990790444497179123573005199432373046875,0.000000000760131216,7754093,2019-06-23 02:25:54,btc,1.2068397606756491,0.0,0.0000070199999999999997035075686990790444497179123573005199432373046875,btc,2973.67008334,0.0,0.0198974313763687,19
0,[],27,[],2019-06-23 02:25:59,0.0,0,0,7754094,2019-06-23 02:25:59,,0.0,0.0,0,btc,0.0,0.0,0.0,19
0,[],2,[],2019-01-20 23:24:19,0.0,0,0,6476924,2019-01-20 23:24:19,,0.0,0.0,0,,0.0,0.0,0.0,19
1,[],4,[],2019-06-23 02:26:01,10087097.23656777,0.00000005,0.00000000000541404,7754095,2019-06-23 02:26:01,btc,6.358699008884453,0.0,0.00000005,btc,2305311.3564439,0.0,0.1176747238096551,20
0,[],4,[],2019-06-23 02:26:02,0.0,0,0,7754096,2019-06-23 02:26:02,,6095.601108428839,0.0,0,,83496941.64349498,0.0,0.0,21
0,[],12,[],2019-06-23 02:26:03,0.0,0,0,7754097,2019-06-23 02:26:03,btc,2603.602431425095,0.0,0,btc,7530309.30769228,2.1978e-07,0.0,21
0,[],17,[],2019-05-03 00:53:51,0.0,0,0,7558891,2019-05-03 00:53:51,btc,0.0,0.0,0,btc,0.0,0.0,0.0,21
1,[],12,[],2019-06-23 02:28:05,6094083718.277,0.0000000004,0.00000000000004331232,7754098,2019-06-23 02:28:05,btc,1428620268569.8923,0.0,0.0000000004,btc,2610210895.6173825,0.089029296605,1.5447830305108003,23
0.0000000002903643,[],27,[],2019-06-23 02:28:10,63223616.0,1.1614572e-17,1.2576351478176e-21,7754099,2019-06-23 02:28:10,eth,1045.9750928770804,205471.0,0.00000004,eth,6255122.24779221,7.159373170236e-12,2.85079692969144e-10,23
1,[],4,[],2019-06-22 05:45:29,6100414.07522138,0.00000017,0.00000000001823352,7751732,2019-06-22 05:45:29,btc,10.22685272773715,0.0,0.00000017,btc,1790815.48208265,0.0,0.1345450262400025,24
0,[],22,[],2019-06-22 05:45:31,0.0,0,0,7751733,2019-06-22 05:45:31,,6.22e-05,0.0,0,,517.4264705882352,0.0,0.0,24
0.0,[],25,[],2019-06-22 05:45:32,0.0,0,0,7751734,2019-06-22 05:45:32,,0.0,0.0,0.0,btc,0.0,0.0,0.0,24
1,[],4,[],2019-06-23 02:28:11,26936530.47478067,0.00000404,0.000000000437454432,7754100,2019-06-23 02:28:11,btc,7.248401279947114,0.0,0.00000404,btc,204449.90246438,0.08656338,0.4431969559196827,26
1,[],10,[],2019-06-23 02:28:13,162868.33727924,0.00000401,0.00000000043420600799999996,7754101,2019-06-23 02:28:13,btc,25.271191076458848,6534.28012554,0.00000401,btc,20297.49350928,0.0,0.0515018824104114,26
0,[],2,[],2019-01-20 23:25:56,0.0,0,0,6476976,2019-01-20 23:25:56,,0.0,0.0,0,,0.0,0.0,0.0,26
1,[],5,[],2019-04-26 09:47:06,0.0,0,0,7465326,2019-04-26 09:47:06,btc,0.0,0.0,0,btc,0.0,0.0,0.0,27
1,[],3,[],2019-06-17 14:30:26,13571825.64059417,0.00000001,0.00000000000092914,7740112,2019-06-17 14:30:26,btc,3.485049956644059,4264730.43754,0.00000001,btc,23500048.28518193,0.0,0.1357182564059417,27
1,[],11,[],2019-06-17 14:30:28,2031833.58157834,0.00000001,0.00000000000092914,7740113,2019-06-17 14:30:28,btc,67502.92060589766,32677.9652116,0.00000001,btc,6487362.95640949,0.0,0.0203183358157834,27
1,[],4,[],2019-06-23 02:28:14,897606666.2470374,0.00000001,0.000000000001082808,7754102,2019-06-23 02:28:14,btc,6.358021822829934,0.0,0.00000001,"btc,ltc",440585000.1137951,0.0773721,5.701255822372187,29
1,[],7,[],2019-06-23 02:28:16,88235545.39145988,0.00000001,0.000000000001082808,7754103,2019-06-23 02:28:16,btc,46548272.19351977,0.0,0.00000001,btc,36547805.89397179,0.0,0.8823554539145988,29
1,[],4,[],2019-06-23 02:28:17,15492325.97378427,0.00000005,0.00000000000541404,7754104,2019-06-23 02:28:17,btc,2.5874549169331815,0.0,0.00000005,btc,2237643.51667946,0.00153249,0.1716198680678411,30
0,[],17,[],2019-05-03 01:11:25,0.0,0,0,7559066,2019-05-03 01:11:25,btc,0.0,0.0,0,btc,0.0,0.0,0.0,30
1,[],4,[],2019-06-23 02:30:18,215617.43263802,0.00003856,0.000000004175307648,7754105,2019-06-23 02:30:18,btc,4.306089132534545,0.0,0.00003856,btc,65919.14725505,0.46989414,0.7335120109838414,31
1,[],21,[],2019-06-23 02:30:18,836976.62110422,0.00003860000000000000312371656319,0.00000000417963888,7754106,2019-06-23 02:30:18,btc,4.201437770675476,129529.27739975,0.000038600000000000003123716563191436534907552413642406463623046875,btc,87847.50725109,5.00278163,3.9916215509049753,31
0,[],2,[],2019-01-20 23:28:43,0.0,0,0,6477009,2019-01-20 23:28:43,,0.0,0.0,0,,0.0,0.0,0.0,32
0,[],4,[],2019-06-23 02:30:19,0.0,0,0,7754107,2019-06-23 02:30:19,,0.0,0.0,0,,0.0,0.0,0.0,33
1,[],12,[],2019-03-30 07:55:10,40641173.964,0.00000003,0.000000000001228359,7108785,2019-03-30 07:55:10,btc,4233210.82356125,0.0,0.00000003,btc,28378394.68333462,0.0126927883965248,0.90752895892,33
0.00000000013139359999999998,[],4,[],2019-06-23 02:30:20,151186172.38033727,6.56968e-17,7.11370206144e-21,7754108,2019-06-23 02:30:20,ltc,4.303284356862533,0.0,0.0000005,ltc,163625152.25403032,0.0,1.0102513359801933e-09,34
1,[],5,[],2019-06-23 02:30:22,0.0,0,0,7754109,2019-06-23 02:30:22,btc,0.0,0.03593265,0,btc,0.0,0.0,0.0,34
0.0000000002926451,[],17,[],2019-05-02 18:17:47,200000.0,2.9264510000000002e-18,1.596703856561e-22,7556430,2019-05-02 18:17:47,eth,0.20942468735267253,0.0,0.00000001,"btc,eth",1018272.20243647,0.0,5.852902e-13,36
0.0000000001311821,[],4,[],2019-05-31 13:28:19,2417517744.0607657,1.311821e-18,1.105058333085e-22,7717483,2019-05-31 13:28:19,ltc,5.019900492391546e-08,0.0,0.00000001,ltc,7102398142.262129,0.0,3.171350544531538e-09,36
1,[],5,[],2019-05-31 13:28:21,0.0,0,0,7717484,2019-05-31 13:28:21,btc,0.0,0.0,0,btc,0.0,0.0,0.0,36
0.0000000003108179,[],27,[],2019-05-31 13:30:34,10388811.226876,6.216358000000001e-18,5.236566733830001e-22,7717485,2019-05-31 13:30:34,eth,1569.8708019850988,761866.634299,0.00000002,"ltc,eth",5084024.2511555,4.736034912207001e-12,3.3251980286483705e-11,36
1,[],4,[],2019-06-23 02:30:22,10858699.28799283,0.00000013,0.000000000014076504,7754110,2019-06-23 02:30:22,btc,19773.053939669033,0.0,0.00000013,btc,673601.4541959,0.01146544,0.1477865110994336,37
1,[],12,[],2019-06-23 02:30:23,4304805.54235103,0.00000013,0.000000000014076504,7754111,2019-06-23 02:30:23,btc,7.394385999578691,0.0,0.00000013,btc,1754777.51729104,0.016359429999,0.1634508647956336,37
1,[],27,[],2019-06-23 02:32:28,11304.0,0.00000019,0.000000000020573352,7754112,2019-06-23 02:32:28,btc,22.62970013895233,0.0,0.00000019,btc,4298.824295,0.0,0.00168776,37
1,[],17,[],2019-05-03 01:11:36,211752.74075282,0.00000025,0.000000000013700074999999998,7559074,2019-05-03 01:11:36,btc,0.055484923955058496,0.0,0.00000025,"btc,eth",1387.19918473,0.0,0.0005381851887916605,37
1,[],5,[],2019-06-23 02:32:29,0.0,0,0,7754113,2019-06-23 02:32:29,btc,0.0,0.32178464,0,btc,0.0,0.0,0.0,42
1,[],12,[],2019-06-23 02:32:31,193426.49957692,0.00000176000000000000008976326626441988310034503228962421417236328125,0.00000000019057420800000002,7754114,2019-06-23 02:32:31,btc,479.0274115482188,0.0,0.00000176000000000000008976326626441988310034503228962421417236328125,btc,127550.24495499,0.148919905527,0.0630723013999161,42
1,[],27,[],2019-06-23 02:32:38,1581.0,0.0000005,0.0000000000541404,7754115,2019-06-23 02:32:38,btc,0.07600425,0.0,0.0000005,"btc,eth",18.0,0.0,0.0005435000003050567,42
1,[],12,[],2019-03-13 09:13:29,1112112.0,0.00000001,0.000000000000386531,6919902,2019-03-13 09:13:29,btc,29058.00478931866,0.0,0.00000001,btc,5967681.93306694,9.99000999e-07,0.01112112,43
1,[],5,[],2019-04-26 22:38:52,0.0,0,0,7474154,2019-04-26 22:38:52,btc,0.0,0.02638891,0,btc,0.0,0.0,0.0,43
0,[],17,[],2019-04-26 22:38:53,0.0,0,0,7474155,2019-04-26 22:38:53,btc,0.0,0.0,0,btc,0.0,0.0,0.0,43
1,[],12,[],2019-03-05 01:54:08,639326.02,0.00000004,0.000000000001486676,6845775,2019-03-05 01:54:08,btc,11116042.728239931,0.0,0.00000004,btc,1103841.4595604,0.0003330765234764,0.014975410599999999,44
0.00000000013139359999999998,[],4,[],2019-06-23 02:32:39,106741905.88565655,5.2557439999999996e-17,5.6909616491519996e-21,7754116,2019-06-23 02:32:39,ltc,1601.9026650562957,0.0,0.0000004,ltc,26045076.72896898,0.0,6.254801744447596e-10,49
0.00000000013139359999999998,[],4,[],2019-06-23 02:32:39,319239170.3011559,2.7592656e-17,2.9877548658048e-21,7754117,2019-06-23 02:32:39,ltc,27281.79169763782,0.0,0.00000021,ltc,181692086.32294798,0.0,2.566841098471456e-09,52
0,[],22,[],2019-06-23 02:32:43,0.0,0,0,7754118,2019-06-23 02:32:43,,10289.80784133,0.0,0,,287058287.4566013,0.0,0.0,57
0,[],27,[],2019-06-23 02:32:49,0.0,0,0,7754119,2019-06-23 02:32:49,,0.0,0.0,0,"btc,eth",0.0,0.0,0.0,57
0,[],4,[],2019-06-23 02:32:49,0.0,0,0,7754120,2019-06-23 02:32:49,,19.72015943514955,0.0,0,,5712975801.497043,0.0,0.0,58
1,[],12,[],2019-06-23 02:32:50,551376971.09991,0.0000000001,0.00000000000001082808,7754121,2019-06-23 02:32:50,btc,34227845.32829165,0.0,0.0000000001,btc,2963285396.7681885,0.026618132751,0.055137697109991,58
0.0000000001074472,[],22,[],2019-06-23 02:34:54,126877.0,1.074472e-18,1.1634468773759998e-22,7754122,2019-06-23 02:34:54,XMR,68.17454206,0.0,0.00000001,XMR,9626402.6,0.0,0.00126877,58
1,[],17,[],2019-05-03 01:12:09,1200000.0,0.0000000001,0.00000000000000548003,7559085,2019-05-03 01:12:09,btc,1e+24,0.0,0.0000000001,"btc,eth",39516342.31952568,0.0,0.00010000000058666061,58
1,[],5,[],2019-06-17 14:31:27,0.0,0,0,7740135,2019-06-17 14:31:27,btc,0.0,0.00079154,0,btc,0.0,0.0,0.0,61
1,[],22,[],2019-06-17 14:31:30,13612.833333333334,0.00000012,0.00000000001114968,7740136,2019-06-17 14:31:30,BTC,1002.29123003,0.0,0.00000012,BTC,15014.200177125656,0.0,0.00153257,61
1,[],26,[],2019-06-17 14:31:30,0.0,0.00000050,0.000000000046457,7740137,2019-06-17 14:31:30,btc,0.0,0.0,0.00000050,btc,0.0,0.0,0.0,61
1,[],27,[],2019-06-17 14:31:36,8400.0,0.00000018,0.00000000001672452,7740138,2019-06-17 14:31:36,btc,1.9742539297246655,0.0,0.00000018,"btc,eth",10953.51663696,0.0,0.001512,61
0,[],28,[],2019-06-17 14:31:38,0.0,0,0,7740139,2019-06-17 14:31:38,,0.0,0.0,0,,0.0,0.0,0.0,61
1,[],4,[],2019-06-23 02:34:55,663889.12405884,0.00000074,0.000000000080127792,7754123,2019-06-23 02:34:55,btc,3.700368279758983,0.0,0.00000074,btc,1352469.92299384,0.12918258,0.3799908968418956,67
0.0,[],25,[],2019-06-23 02:34:56,0.0,0,0,7754124,2019-06-23 02:34:56,,0.0,0.0,0.0,btc,0.0,0.0,0.0,67
1,[],12,[],2019-06-02 06:23:14,910048.355,0.00000006,0.000000000005154929999999999,7725270,2019-06-02 06:23:14,btc,5.167005424215783,0.0,0.00000006,btc,738530.60239759,0.003159757462,0.0187188113,71
,[],5,[],2018-11-20 23:02:39,1.5e-07,0.00000005,0.000000000002128045,4862160,2018-11-20 23:02:39,btc,2.84511358,0.0,,btc,0.00036572,0.0,0.07381892,74
1,[],5,[],2019-06-23 02:34:57,0.0,0,0,7754125,2019-06-23 02:34:57,btc,0.0,0.00862456,0,btc,0.0,0.0,0.0,75
1,[],4,[],2019-06-04 03:25:15,715281.46076168,0.00000001,0.000000000000803619,7734085,2019-06-04 03:25:15,btc,581089.6218469425,0.0,0.00000001,btc,37692563.61091116,0.0,0.0071528146076168,81
0,[],20,[],2019-01-25 09:30:31,0.0,0,0,6495923,2019-01-25 09:30:31,btc,0.0,0.0,0,btc,0.0,0.0,0.0,81
1,[],4,[],2019-06-23 02:34:58,223937.65230055,0.00008001,0.000000008663546808,7754126,2019-06-23 02:34:58,btc,57.60842233621098,0.0,0.00008001,btc,118298.59375215,0.12332944,0.3058946853154164,82
1,[],21,[],2019-06-23 02:34:59,79246.48849183,0.00008553999999999999754793367224,0.000000009262339632,7754127,2019-06-23 02:34:59,btc,4.947059520460063,20011.37794668,0.0000855399999999999975479336722372636359068565070629119873046875,btc,41699.53302177,1.81226733,4.6519930748939675,82
0,[],17,[],2019-03-25 22:42:34,0.0,0,0,7038780,2019-03-25 22:42:34,btc,0.0445064681804024,0.0,0,btc,995513.18476001,0.0,0.0,84
0.0000000001161485,[],4,[],2019-05-20 13:09:39,216715621.0206096,1.161485e-18,9.0533806701e-23,7657228,2019-05-20 13:09:39,ltc,1.6511566870244727,0.0,0.00000001,ltc,471032407.9048656,0.0,2.5171194308112273e-10,85
,[],22,[],2018-11-20 23:09:34,3408.1,0.0000001,0.0000000000041895,4862324,2018-11-20 23:09:34,BTC,0.04624735,0.0,,BTC,4990.0,0.0,0.00033081,86
1,[],22,[],2019-06-23 02:35:04,74694.0,0.00000005,0.00000000000541404,7754128,2019-06-23 02:35:04,BTC,1.80746553,0.0,0.00000005,BTC,178624.94736842104,0.00227638,0.00122846,87
1,[],27,[],2019-06-23 02:35:10,269536.0,0.00000003,0.000000000003248424,7754129,2019-06-23 02:35:10,btc,2.00927544326,0.0,0.00000003,btc,549681.402,0.0,0.00708608,87
,[],2,[],2018-11-20 23:10:47,0.0,0,0,4862359,2018-11-20 23:10:47,,0.0,0.0,,,0.0,0.0,0.0,88
1,[],11,[],2019-06-17 14:31:59,193715.3529613,0.000073310000000000001140094962881477158589405007660388946533203125,0.00000000681152534,7740147,2019-06-17 14:31:59,btc,168.35454702024953,5791.70569014,0.000073310000000000001140094962881477158589405007660388946533203125,btc,196971.41170107,0.0,1.1996165759440112,89
0,[],2,[],2019-01-20 23:31:45,0.0,0,0,6477083,2019-01-20 23:31:45,,0.0,0.0,0,,0.0,0.0,0.0,91
1,[],12,[],2019-06-18 02:35:48,427715.74,0.00000015,0.000000000013911045000000001,7746087,2019-06-18 02:35:48,btc,116.61022144471085,0.0,0.00000015,btc,193315.55943968,0.000180759303,0.0129558314,91
1,[],22,[],2019-06-20 20:27:07,75910.0,0.00000002,0.000000000001914908,7746207,2019-06-20 20:27:07,BTC,0.49565371,0.0,0.00000002,"BTC,LTC",6.384990670617935,0.0,0.0016592,91
0,[],17,[],2019-05-03 01:12:26,0.0,0,0,7559096,2019-05-03 01:12:26,btc,0.0,0.0,0,btc,0.0,0.0,0.0,91
1,[],22,[],2019-06-23 02:35:13,105655.66666666667,0.00000003,0.000000000003248424,7754130,2019-06-23 02:35:13,BTC,11.33897591,0.0,0.00000003,"BTC,LTC",299855.0280038263,3.1534463999999997e-13,0.06677967,95
0.00000000013139359999999998,[],4,[],2019-06-23 02:35:14,540443690.5447621,2.6278719999999998e-17,2.8454808245759998e-21,7754131,2019-06-23 02:35:14,ltc,11.330212442988417,0.0,0.0000002,ltc,156864533.64923683,0.0,8.654450281972299e-10,96
0,[],12,[],2019-06-23 02:35:16,0.0,0,0,7754132,2019-06-23 02:35:16,btc,36.4744128388012,0.0,0,btc,9855637.88011988,1.020979e-05,0.0,96
0,[],17,[],2019-05-03 01:12:32,0.0,0,0,7559100,2019-05-03 01:12:32,btc,0.0,0.0,0,btc,0.0,0.0,0.0,96
1,[],4,[],2019-04-14 03:32:46,1039404.33283278,0.00000038,0.000000000019245518,7293458,2019-04-14 03:32:46,btc,4.170086055365747,0.0,0.00000038,btc,3097704.34561074,0.06260606,0.1859928211030784,99
0,[],2,[],2019-01-20 23:23:55,0.0,0,0,6476914,2019-01-20 23:23:55,,0.0,0.0,0,,0.0,0.0,0.0,100
1,[],4,[],2019-06-23 02:37:17,288608.55404001,0.00001226,0.000000001327522608,7754133,2019-06-23 02:37:17,btc,7.414709345008527,0.0,0.00001226,btc,166763.9154866,0.33979159,0.2946169315843079,100
1,[],22,[],2019-06-05 06:30:35,150000.0,0.00000002,0.000000000001558192,7740007,2019-06-05 06:30:35,BTC,28.56386409,0.0,0.00000002,BTC,12787.719,0.0,0.0017,101
1,[],4,[],2019-06-23 02:37:17,541857.78791677,0.00000146,0.000000000158089968,7754134,2019-06-23 02:37:17,btc,634.3409575561823,0.0,0.00000146,btc,745915.5684842,0.08630228,0.0863093015556812,103
1,[],12,[],2019-06-17 14:32:14,179201505.10870332,0.000000005,0.00000000000046457,7740154,2019-06-17 14:32:14,btc,113577.79366343976,0.0,0.000000005,btc,79148141.67831126,0.019059029059,0.27280986350611003,105
1,[],27,[],2019-06-17 14:32:19,18306828.03496503,0.00000002,0.00000000000185828,7740155,2019-06-17 14:32:19,btc,180.7198218385489,1083.96503497,0.00000002,btc,276513.60142659,7.588e-05,0.3661365606993006,105
1,[],22,[],2019-04-21 00:17:26,21333.0,0.00000001,0.000000000000532493,7385819,2019-04-21 00:17:26,BTC,51.38182867,0.0,0.00000001,BTC,470435.0,0.0,0.00021333,107
1,[],26,[],2019-04-21 00:17:26,0.0,0.00000000,0,7385820,2019-04-21 00:17:26,btc,0.0,0.0,0.00000000,btc,0.0,0.0,0.0,107
1,[],5,[],2019-06-23 02:37:20,0.0,0,0,7754135,2019-06-23 02:37:20,btc,0.0,0.00500011,0,btc,0.0,0.0,0.0,112
0,[],22,[],2019-06-23 02:37:23,0.0,0,0,7754136,2019-06-23 02:37:23,,6.79500102,0.0,0,,3375892.0833333335,0.0,0.0,112
1,[],27,[],2019-06-23 02:37:29,1.0,0.00000001,0.000000000001082808,7754137,2019-06-23 02:37:29,btc,1.14885,0.0,0.00000001,"btc,eth",39.0,0.0,1e-08,112
1,[],4,[],2019-06-23 02:37:30,1019734.49830611,0.00000059,0.000000000063885672,7754138,2019-06-23 02:37:30,btc,4.715014288081371,0.0,0.00000059,btc,757392.41149038,0.04101492,0.2105421447292943,113
1,[],5,[],2019-06-23 02:37:31,0.0,0,0,7754139,2019-06-23 02:37:31,btc,0.0,0.0,0,btc,0.0,0.0,0.0,113
1,[],17,[],2019-04-26 02:17:47,162738.278,0.00000004,0.0000000000021069000000000002,7461287,2019-04-26 02:17:47,btc,1.3331140273775473,0.0,0.00000004,btc,51796.221,0.0,0.00230953112,116
1,[],27,[],2019-05-22 05:13:01,210000.0,0.00000001,0.00000000000079145,7666372,2019-05-22 05:13:01,btc,3919.0005001478,0.0,0.00000001,btc,128660.871,0.0,0.0021,116
1,[],4,[],2019-05-21 22:31:11,138169.03963019,0.00000701,0.000000000558364025,7664793,2019-05-21 22:31:11,btc,150.95388250938234,0.0,0.00000701,btc,344631.17141974,0.07552974,0.4288357684941946,120
1,[],7,[],2019-05-21 22:31:12,3901.07750076,0.000010679999999999999389654892212320191902108490467071533203125,0.0000000008506887,7664794,2019-05-21 22:31:12,btc,231188.94669936574,0.0,0.000010679999999999999389654892212320191902108490467071533203125,btc,4133.83151364,0.0,0.0113888422364489,120
1,[],20,[],2019-04-07 18:42:29,1914137.0852,0.000000035,0.0000000000017871910000000002,7211992,2019-04-07 18:42:29,btc,32.2497668025648,25528.85,0.000000035,btc,1001975.4986,0.00089350975,0.0152723574729,125
1,[],22,[],2019-06-17 14:32:38,10000.0,0.00000001,0.00000000000092914,7740161,2019-06-17 14:32:38,BTC,0.032061,0.0,0.00000001,BTC,299316.7611111111,0.0,0.0001,126
1,[],4,[],2019-06-23 02:37:31,904726.15482141,0.00000348,0.00000000037681718400000003,7754140,2019-06-23 02:37:31,btc,2.431023985039939,0.0,0.00000348,btc,183326.2550214,0.24040706,0.4465120883257399,131
0,[],2,[],2019-01-20 23:25:46,0.0,0,0,6476969,2019-01-20 23:25:46,,0.0,0.0,0,,0.0,0.0,0.0,131
1,[],17,[],2019-05-03 01:13:10,10000.0,0.00000001,0.000000000000548003,7559115,2019-05-03 01:13:10,btc,0.0953976503951408,0.0,0.00000001,btc,5037.62507334,0.0,0.0001,131
1,[],4,[],2019-06-17 14:32:42,4848.49465417,0.00007919,0.00000000735785966,7740163,2019-06-17 14:32:42,btc,0.9905723729472744,0.0,0.00007919,btc,202.13055914,0.0,0.0061509344290166,135
1,[],3,[],2019-06-05 06:33:11,40600.27748212,0.00000001,0.000000000000779096,7740019,2019-06-05 06:33:11,btc,0.2308097808993716,2146378.52189,0.00000001,btc,2477992.76904676,0.0,0.0004060027748212,136
1,[],4,[],2019-06-23 02:39:33,708844.82982045,0.00000170,0.00000000018407736,7754141,2019-06-23 02:39:33,btc,110.1823524883821,0.0,0.00000170,btc,546402.97970385,0.02744022,0.4551671961159747,137
1,[],12,[],2019-06-23 02:39:34,67513.18713265,0.000001599999999999999927596978921418013896982301957905292510986328125,0.00000000017324928,7754142,2019-06-23 02:39:34,btc,79.71405903575385,0.0,0.000001599999999999999927596978921418013896982301957905292510986328125,btc,81717.92097078,0.0,0.0160042799999707,137
1,[],4,[],2019-06-23 02:39:35,274616.17751791,0.00001412,0.000000001528924896,7754143,2019-06-23 02:39:35,btc,6.426524879077225,0.0,0.00001412,btc,163067.61974926,0.16676847,0.3562698941543714,142
1,[],5,[],2019-06-23 02:39:36,0.0,0,0,7754144,2019-06-23 02:39:36,btc,0.0,0.01674698,0,btc,0.0,0.0,0.0,142
1,[],20,[],2019-06-23 02:41:38,269300.9826,0.000014231,0.0000000015409440648,7754145,2019-06-23 02:41:38,btc,1.6071562627731,86.4339,0.000014231,btc,9853.9655,0.001391718738,0.0177623681222,142
1,[],22,[],2019-06-23 02:41:41,10715.0,0.00001299,0.000000001406567592,7754146,2019-06-23 02:41:41,BTC,2.99759384,0.0,0.00001299,BTC,835.7198755539798,0.0,0.00540125,142
0.0,[],25,[],2019-06-23 02:41:43,0.0,0,0,7754147,2019-06-23 02:41:43,,0.0,0.0,0.0,btc,0.0,0.0,0.0,142
0,[],28,[],2019-06-23 02:41:44,0.0,0,0,7754148,2019-06-23 02:41:44,,0.0,0.0,0,,0.0,0.0,0.0,142
1,[],17,[],2019-05-03 01:13:16,32967.38636364,0.00000088,0.000000000048224264,7559122,2019-05-03 01:13:16,btc,20.06976206696776,0.0,0.00000088,btc,2746.079105,0.0,0.0105613000000032,142
0,[],22,[],2019-06-23 02:41:47,0.0,0,0,7754149,2019-06-23 02:41:47,,1635.98618676,0.0,0,,788450755.3,0.0,0.0,143
0,[],22,[],2019-02-25 15:42:22,0.0,0,0,6783783,2019-02-25 15:42:22,,4.2131946,0.0,0,,2322156.0,0.0,0.0,146
,[],22,[],2018-11-20 23:01:11,0.0,0,0,4862114,2018-11-20 23:01:11,,2.56807021,0.0,,,61828.4988236,0.0,0.0,147
1,[],12,[],2019-04-21 06:38:04,193091.5971266,0.00000071,0.000000000037635183,7388679,2019-04-21 06:38:04,btc,2.301232411611175,0.0,0.00000071,btc,9957.48302385,0.00023528,0.0313308199999888,148
1,[],4,[],2019-03-19 21:31:25,255810.0415942,0.00000029,0.000000000011615747,6982695,2019-03-19 21:31:25,btc,218.94922712414143,0.0,0.00000029,btc,793529.37642722,0.00117,0.0608347789473395,152
0,[],22,[],2019-03-19 21:31:27,0.0,0,0,6982696,2019-03-19 21:31:27,,0.0,0.0,0,,0.0,0.0,0.0,152
1,[],5,[],2019-04-26 09:36:59,0.0,0,0,7465040,2019-04-26 09:36:59,btc,0.0,0.0,0,btc,0.0,0.0,0.0,153
,[],16,[],2019-01-11 15:38:59,0.0,0,0,6366141,2019-01-11 15:38:59,btc,0.0,0.0,,btc,0.0,0.0,0.0,155
0,[],23,[],2019-01-20 23:24:29,0.0,0,0,6476932,2019-01-20 23:24:29,,0.0,0.0,0,,0.0,0.0,0.0,156
0,[],22,[],2019-06-04 06:02:09,0.0,0,0,7734688,2019-06-04 06:02:09,,7.43375324,0.0,0,,5955762.942592593,0.0,0.0,156
1,[],22,[],2019-06-23 02:41:50,6996.0,0.00000001,0.000000000001082808,7754150,2019-06-23 02:41:50,BTC,1.7543039,0.0,0.00000001,BTC,57.0,0.0,6.996e-05,157
0,[],22,[],2019-05-21 23:40:32,0.0,0,0,7665049,2019-05-21 23:40:32,,50234.60468402,0.0,0,,54786159.03179465,0.0,0.0,158
,[],17,[],2018-11-20 22:56:10,0.0,0,0,4861976,2018-11-20 22:56:10,btc,1.1265625,0.0,,btc,1000.0,0.0,0.0,159
,[],20,[],2018-11-20 22:56:12,0.0,0,0,4861977,2018-11-20 22:56:12,btc,11912.7940471,0.0,,btc,34413894.3617,0.0,0.0,159
1,[],12,[],2019-05-24 02:51:20,9178.522006449999,0.00000191999999999999982841307998027158276954651228152215480804443359375,0.000000000151222656,7676256,2019-05-24 02:51:20,btc,149.80414728631675,0.0,0.00000191999999999999982841307998027158276954651228152215480804443359375,btc,1115.7451448499999,0.01783167678326,0.0120075778999181,168
1,[],17,[],2019-05-03 01:13:36,42852.0,0.00000002,0.000000000001096006,7559132,2019-05-03 01:13:36,btc,0.04279856251542,0.0,0.00000002,btc,274.46171372,0.0,0.00052852,168
1,[],22,[],2019-05-17 03:01:52,10.0,0.00000001,0.000000000000778341,7642059,2019-05-17 03:01:52,BTC,41.95893009,0.0,0.00000001,BTC,1753972.7737547632,0.0,1e-07,169
1,[],22,[],2019-05-30 08:38:18,202834.0,0.00000002,0.0000000000017416160000000001,7711049,2019-05-30 08:38:18,BTC,27.87002826,0.0,0.00000002,BTC,462189.5410507793,0.0,0.00211768,171
1,[],22,[],2019-05-29 08:05:18,349870.0,0.00000002,0.000000000001705894,7705265,2019-05-29 08:05:18,BTC,24.05907723,0.0,0.00000002,"BTC,LTC",1224285.4355616204,0.0,0.0039847,173
1,[],5,[],2019-06-23 02:41:52,0.0,0,0,7754151,2019-06-23 02:41:52,btc,0.0,0.00740699,0,btc,0.0,0.0,0.0,175
1,[],22,[],2019-06-17 14:33:12,90671.0,0.00000001,0.00000000000092914,7740175,2019-06-17 14:33:12,BTC,394.35459412,0.0,0.00000001,BTC,136275.61833431243,0.0,0.00090671,176
1,[],7,[],2019-06-23 02:41:54,0.0,0,0,7754152,2019-06-23 02:41:54,btc,522272.5934493988,0.0,0,btc,27809550.642174788,0.0,0.0,178
0,[],22,[],2019-06-23 02:41:56,0.0,0,0,7754153,2019-06-23 02:41:56,,1.00242428,0.0,0,,57512.0,0.0,0.0,178
0,[],2,[],2019-01-20 23:28:34,0.0,0,0,6477001,2019-01-20 23:28:34,,0.0,0.0,0,,0.0,0.0,0.0,178
0,[],23,[],2019-01-20 23:25:08,0.0,0,0,6476952,2019-01-20 23:25:08,,0.0,0.0,0,,0.0,0.0,0.0,179
1,[],5,[],2019-06-23 02:41:57,0.0,0,0,7754154,2019-06-23 02:41:57,btc,0.0,0.01015428,0,btc,0.0,0.0,0.0,179
0,[],22,[],2019-06-23 02:41:59,0.0,0,0,7754155,2019-06-23 02:41:59,,5.17403917,0.0,0,,13450788.311946675,0.0,0.0,179
1,[],22,[],2019-06-23 02:44:05,679129.5363636364,0.0000004,0.00000000004331232,7754156,2019-06-23 02:44:05,BTC,40.58757625,0.0,0.0000004,"BTC,LTC",148952.62502857723,0.0087291,0.56809529,180
1,[],26,[],2019-06-23 02:44:05,0.0,0.00000010,0.00000000001082808,7754157,2019-06-23 02:44:05,btc,0.0,0.0,0.00000010,btc,0.0,0.0,0.0,180
1,[],17,[],2019-05-03 01:13:56,20504.725000000002,0.0000001,0.00000000000548003,7559141,2019-05-03 01:13:56,btc,5.2010695838400265,0.0,0.0000001,btc,5033.45945,0.0,0.0011504725,180
,[],7,[],2018-11-20 22:58:01,562227.975654,0.00000085,0.000000000036176765,4862015,2018-11-20 22:58:01,btc,21836.6059674,2491.87645172,,btc,749999.041456,0.00211021,0.127565380455,183
,[],5,[],2019-01-10 08:11:41,0.0,0,0,6347036,2019-01-10 08:11:41,btc,82.15055501,0.00261,,btc,1.19002445,0.0,0.0,187
,[],17,[],2018-11-16 20:58:10,4062536.27273,0.00000001,0.000000000000550501,4708775,2018-11-16 20:58:10,btc,3.36492563466,0.195460381006,,"btc,eth",110697919.549,0.0,0.0157628953496,187
1,[],24,[],2019-05-22 21:04:52,0.0,0.000000000014,0.0000000000000010960978,7670219,2019-05-22 21:04:52,btc,0.0,0.0,0.000000000014,btc,0.0,0.0,0.0,187
0,[],22,[],2019-04-25 02:54:07,0.0,0,0,7447896,2019-04-25 02:54:07,,7.54794454,0.0,0,,76361.7243344055,0.0,0.0,191
0,[],22,[],2019-06-17 14:33:34,0.0,0,0,7740182,2019-06-17 14:33:34,,0.0,0.0,0,,0.0,0.0,0.0,197
0,[],23,[],2019-01-20 23:31:41,0.0,0,0,6477079,2019-01-20 23:31:41,,0.0,0.0,0,,0.0,0.0,0.0,199
0,[],22,[],2019-06-23 02:44:08,0.0,0,0,7754158,2019-06-23 02:44:08,,10.58263174,0.0,0,,84280969.0,0.0,0.0,199
1,[],26,[],2019-06-23 02:44:08,0.0,0.00000000,0,7754159,2019-06-23 02:44:08,btc,0.0,0.0,0.00000000,btc,0.0,0.0,0.0,199
0,[],2,[],2019-01-20 23:30:49,0.0,0,0,6477059,2019-01-20 23:30:49,,0.0,0.0,0,,0.0,0.0,0.0,201
1,[],4,[],2019-01-25 15:51:35,2084389.58565343,0.00000936,0.000000000333526752,6499557,2019-01-25 15:51:35,btc,2.0092503037378524,0.0,0.00000936,btc,160195.80207885,0.19272417,1.242687955921835,211
1,[],7,[],2019-06-23 02:44:11,1170054124.6898527,0.00000018,0.000000000019490544,7754160,2019-06-23 02:44:11,btc,1346838.7838339163,0.0,0.00000018,btc,5759479.26464841,0.0,11.954344045954047,212
1,[],12,[],2019-01-25 02:44:32,207462.42853209,0.000001080000000000000035831255497387193287295303889550268650054931640625,0.000000000038610756000000006,6493050,2019-01-25 02:44:32,btc,85023.03793723314,0.0,0.000001080000000000000035831255497387193287295303889550268650054931640625,btc,43675.73520027,0.000146250909087,0.0348620860622024,213
1,[],5,[],2019-05-30 00:07:46,0.0,0,0,7709357,2019-05-30 00:07:46,btc,0.0,0.06425239,0,btc,0.0,0.0,0.0,213
1,[],24,[],2019-05-30 00:07:46,0.0,0.000000399202,0.0000000000344859829346,7709358,2019-05-30 00:07:46,btc,0.0,0.0,0.000000399202,btc,0.0,0.0,0.0,213
1,[],26,[],2019-05-30 00:07:47,0.0,0.00000040,0.000000000034554919999999996,7709359,2019-05-30 00:07:47,btc,0.0,0.0,0.00000040,btc,0.0,0.0,0.0,213
0,[],22,[],2019-06-23 02:44:14,0.0,0,0,7754161,2019-06-23 02:44:14,,9.56923849,0.0,0,,3661587.2040649247,0.0,0.0,216
0,[],27,[],2019-06-23 02:44:21,0.0,0,0,7754162,2019-06-23 02:44:21,,95.7703487515382,0.0,0,"btc,ltc",597562.12538,0.0,0.0,216
1,[],22,[],2019-06-23 02:44:25,402780.3852813853,0.00000028,0.000000000030318624,7754163,2019-06-23 02:44:25,BTC,12055.91935175,0.0,0.00000028,BTC,507453.4678921843,0.00381739,0.02189473,217
1,[],7,[],2019-06-23 02:44:26,0.0,0,0,7754164,2019-06-23 02:44:26,btc,1234862.069144521,0.0,0,btc,89337195.01569474,0.0,0.0,219
0,[],27,[],2019-06-23 02:44:30,0.0,0,0,7754165,2019-06-23 02:44:30,,250.34372354432625,0.0,0,btc,5709879.26511325,0.0,0.0,219
0,[],28,[],2019-06-23 02:44:32,0.0,0,0,7754166,2019-06-23 02:44:32,,0.0,0.0,0,,0.0,0.0,0.0,219
1,[],22,[],2019-05-23 16:41:05,172069.0,0.00000004,0.0000000000031167080000000004,7674065,2019-05-23 16:41:05,BTC,56.76466137,0.0,0.00000004,BTC,127061.6482738741,0.0,0.00393676,221
1,[],24,[],2019-05-23 16:41:05,0.0,0.000000010000,0.0000000000007791770000000001,7674066,2019-05-23 16:41:05,btc,0.0,0.0,0.000000010000,btc,0.0,0.0,0.0,221
1,[],20,[],2019-06-17 14:34:11,26882155.8301,0.000000003,0.000000000000278742,7740192,2019-06-17 14:34:11,btc,100050.81956632523,233521.3529,0.000000003,btc,38769742.8604,0.0007925640587,0.0306863532672,224
0,[],22,[],2019-06-17 14:34:13,0.0,0,0,7740193,2019-06-17 14:34:13,,0.0,0.0,0,,0.0,0.0,0.0,224
1,[],26,[],2019-06-23 02:44:32,0.0,0.00000022,0.000000000023821776,7754167,2019-06-23 02:44:32,btc,0.0,0.0,0.00000022,btc,0.0,0.0,0.0,231
1,[],26,[],2019-06-23 02:44:33,0.0,0.00000005,0.00000000000541404,7754168,2019-06-23 02:44:33,btc,0.0,0.0,0.00000005,btc,0.0,0.0,0.0,234
0.0000000002903643,[],27,[],2019-06-23 02:44:39,100.0,2.903643e-18,3.144087869544e-22,7754169,2019-06-23 02:44:39,eth,0.0,0.0,0.00000001,"btc,eth",0.0,0.0,2.903643e-16,234
1,[],4,[],2019-05-22 17:06:12,91780.56053785,0.00000078,0.000000000061977552,7669277,2019-05-22 17:06:12,btc,5.573372450018177,0.0,0.00000078,btc,729173.93529783,0.0,0.0307060663355679,236
1,[],24,[],2019-05-22 17:06:12,0.0,0.000000010000,0.000000000000794584,7669278,2019-05-22 17:06:12,btc,0.0,0.0,0.000000010000,btc,0.0,0.0,0.0,236
1,[],5,[],2019-06-23 02:44:40,0.0,0,0,7754170,2019-06-23 02:44:40,btc,0.0,2.21088213,0,btc,0.0,0.0,0.0,237
1,[],20,[],2019-06-23 02:44:42,50745085.7673,0.000000073,0.0000000000079044984,7754171,2019-06-23 02:44:42,btc,8172549.575973934,15157392.52,0.000000073,btc,40944311.2815,1.3500911939384,1.080331533988,237
1,[],22,[],2019-06-23 02:44:47,2084614.0,0.00000004,0.000000000004331232,7754172,2019-06-23 02:44:47,BTC,1.20112207,0.0,0.00000004,"BTC,LTC",14507.148717948718,0.0,0.02587451,237
1,[],4,[],2019-06-23 02:44:48,41780074.46829231,0.00000007,0.000000000007579656,7754173,2019-06-23 02:44:48,btc,2.5737481013874564,0.0,0.00000007,btc,11672441.65450365,0.04773029,0.8604516567164601,238
1,[],5,[],2019-06-23 02:44:49,0.0,0,0,7754174,2019-06-23 02:44:49,btc,0.0,0.0216568,0,btc,0.0,0.0,0.0,238
0,[],22,[],2019-03-12 16:49:32,0.0,0,0,6914458,2019-03-12 16:49:32,,0.40415746,0.0,0,,526736.5639027493,0.0,0.0,249
0,[],22,[],2019-05-28 23:53:45,0.0,0,0,7703643,2019-05-28 23:53:45,,13.44714864,0.0,0,,43777534.3426455,0.0,0.0,252
0,[],28,[],2019-06-23 02:44:51,0.0,0,0,7754175,2019-06-23 02:44:51,,0.0,0.0,0,,0.0,0.0,0.0,256
1,[],22,[],2019-06-23 02:44:55,566882.0,0.00000001,0.000000000001082808,7754176,2019-06-23 02:44:55,BTC,31464.57209997,0.0,0.00000001,BTC,1031955.2230878276,2.351e-05,0.00566882,258
1,[],22,[],2019-05-19 18:12:02,400.0,0.00000001,0.0000000000007957800000000001,7653905,2019-05-19 18:12:02,BTC,2.415167,0.0,0.00000001,BTC,157.0,0.0,4e-06,259
1,[],5,[],2019-06-23 02:44:56,0.0,0,0,7754177,2019-06-23 02:44:56,btc,0.0,0.15483512,0,btc,0.0,0.0,0.0,264
1,[],20,[],2019-06-23 02:44:58,910783.8054,0.000000421,0.0000000000455862168,7754178,2019-06-23 02:44:58,btc,1.0288055596884,28508.3765,0.000000421,btc,62959.9021,0.0261094182398,0.0073977343048,264
0,[],22,[],2019-04-12 17:57:27,0.0,0,0,7278186,2019-04-12 17:57:27,,66.37522201,0.0,0,,677842.4169881374,0.0,0.0,271
0,[],22,[],2019-06-23 02:45:01,0.0,0,0,7754179,2019-06-23 02:45:01,,33050469.74148113,0.0,0,,14261527780.7,0.0,0.0,272
0,[],28,[],2019-06-23 02:45:03,0.0,0,0,7754180,2019-06-23 02:45:03,,0.0,0.0,0,,0.0,0.0,0.0,272
1,[],22,[],2019-05-23 07:12:29,219930.0,0.00000004,0.000000000003048688,7671985,2019-05-23 07:12:29,BTC,426.77835217,0.0,0.00000004,BTC,248664.3325962929,0.0,0.00739728,281
1,[],22,[],2019-06-23 02:45:09,27319.1,0.00000001,0.000000000001082808,7754181,2019-06-23 02:45:09,BTC,2.73965723,0.0,0.00000001,"BTC,LTC",1049281.637193209,0.00036726,0.00476888,286
0,[],22,[],2019-06-17 14:34:53,0.0,0,0,7740207,2019-06-17 14:34:53,,7337915.80475575,0.0,0,,2078527309.6797826,0.0,0.0,294
