pairValue,buyBook,exchangeId,sellBook,updated,buyTotal,satoshiPrice,usdPrice,exchangeLogId,created,bestPair,sellTotalBtc,volume,pairPrice,activePairs,sellTotal,volumeBtc,buyTotalBtc,coinId
1,[],3,[],2019-04-08 06:13:30,31237.300157672988,0.01358415999999999963787633561196344089694321155548095703125,0.00000071457436056,7217437,2019-04-08 06:13:30,btc,60.033406441263594,0.0,0.01358415999999999963787633561196344089694321155548095703125,btc,15.963285756416001,0.0,0.4856396382299498,1
1,[],4,[],2019-04-08 06:13:32,207823.25916977,0.01350566,0.0000007104449858100001,7217438,2019-04-08 06:13:32,btc,7.632318756288513,0.0,0.01350566,btc,247.24348012,1.57205442,1.8836776093934633,1
1,[],5,[],2019-04-08 06:13:34,0.0,0,0,7217439,2019-04-08 06:13:34,btc,0.0,0.21677805,0,btc,0.0,0.0,0.0,1
1,[],10,[],2019-04-08 06:13:36,422037.92541668,0.01000954,0.0000005265368373900001,7217440,2019-04-08 06:13:36,btc,6522.497527435833,1652.15961964,0.01000954,btc,1199.14013472,0.0,4.371801289274263,1
1,[],12,[],2019-04-08 06:13:39,76.13731825,0.01366999999999999985955678738491769763641059398651123046875,0.000000719089845,7217441,2019-04-08 06:13:39,btc,0.206682515433,0.0,0.01366999999999999985955678738491769763641059398651123046875,btc,7.01319388,0.2561399137214,0.3678607121984,1
1,[],20,[],2019-04-08 06:13:41,1189.0419,0.01330003,0.000000699628128105,7217442,2019-04-08 06:13:41,btc,0.02715291715,1.0348,0.01330003,btc,1.5814,0.0148220280711,0.1784271509015,1
1,[],21,[],2019-04-08 06:13:42,2398.63766449,0.01360043000000000015803358622,0.0000007154302195050001,7217443,2019-04-08 06:13:42,btc,19.140814872310052,2515.75868743,0.0136004300000000001580335862172432825900614261627197265625,"btc,eth",1771.24527755,29.345267316233038,24.994837098899165,1
1,[],22,[],2019-04-08 06:13:45,0.07690488253968254,0.01260000,0.0000006628041000000001,7217444,2019-04-08 06:13:45,BTC,0.32326253,0.0,0.01260000,BTC,0.6996653554712208,0.0,0.0009684,1
1,[],24,[],2019-04-08 06:13:46,0.0,0.000000000000,0,7217445,2019-04-08 06:13:46,btc,0.0,0.0,0.000000000000,btc,0.0,0.0,0.0,1
0.0,[],25,[],2019-04-08 06:13:46,0.0,0,0,7217446,2019-04-08 06:13:46,btc,23.209999998721738,473.20212104,0.0,btc,1662.6028119,6.4401,0.0,1
1,[],26,[],2019-04-08 06:13:47,0.0,0,0,7217447,2019-04-08 06:13:47,,0.0,0.0,0,,0.0,0.0,0.0,1
1,[],28,[],2019-04-08 06:13:50,988.9,0.01300200,0.0000006839507070000001,7217448,2019-04-08 06:13:50,btc,0.160132948,18322.4,0.01300200,btc,8.7812,0.0,0.037553096,1
0,[],2,[],2019-01-20 23:28:45,0.0,0,0,6477011,2019-01-20 23:28:45,,0.0,0.0,0,,0.0,0.0,0.0,1
1,[],5,[],2019-04-08 06:13:52,0.0,0,0,7217449,2019-04-08 06:13:52,btc,0.0,0.18367935,0,btc,0.0,0.0,0.0,2
0,[],22,[],2019-04-08 06:13:54,0.0,0,0,7217450,2019-04-08 06:13:54,,0.0,0.0,0,,0.0,0.0,0.0,2
1,[],5,[],2019-04-08 06:13:56,0.0,0,0,7217451,2019-04-08 06:13:56,btc,0.0,2.29723653,0,btc,0.0,0.0,0.0,3
1,[],12,[],2019-04-08 06:13:57,2700111.49952016,0.000000195,0.000000000010257682500000002,7217452,2019-04-08 06:13:57,btc,23498.846153216335,0.0,0.000000195,btc,1741711.52559619,0.21841465550462813,0.3558675322214091,3
0,[],28,[],2019-04-08 06:13:58,0.0,0,0,7217453,2019-04-08 06:13:58,,0.0,0.0,0,,0.0,0.0,0.0,3
0,[],2,[],2019-01-20 23:31:32,0.0,0,0,6477077,2019-01-20 23:31:32,,0.0,0.0,0,,0.0,0.0,0.0,4
1,[],4,[],2019-03-31 15:22:41,353217.65794564,0.00000029,0.000000000011904674,7122029,2019-03-31 15:22:41,btc,32.078041210795526,0.0,0.00000029,btc,733585.73137669,0.0,0.0341999475799974,4
1,[],12,[],2019-04-08 06:14:00,647176.0,0.00000001,0.0000000000005260350000000001,7217454,2019-04-08 06:14:00,btc,1111896.48814184,0.0,0.00000001,btc,1532950.00798202,0.0047844,0.00647176,5
0,[],2,[],2019-01-20 23:31:51,0.0,0,0,6477087,2019-01-20 23:31:51,,0.0,0.0,0,,0.0,0.0,0.0,6
1,[],11,[],2019-04-08 06:14:02,4871375.66422,0.00000002,0.0000000000010520700000000002,7217455,2019-04-08 06:14:02,btc,9584.205706300481,88179.6,0.00000002,btc,42912775.62863166,0.0,0.0540116266422,6
1,[],3,[],2019-04-08 06:14:03,1119.975964035692,0.00016025999999999998688222924148050196890835650265216827392578125,0.00000000843023691,7217456,2019-04-08 06:14:03,btc,2.619483229802423,0.0,0.00016025999999999998688222924148050196890835650265216827392578125,btc,302.698592668561,0.0,0.034143225424973965,7
1,[],4,[],2019-04-08 06:14:04,74900.39205772,0.00021427,0.000000011271351945,7217457,2019-04-08 06:14:04,btc,10.735150137178834,0.0,0.00021427,btc,37950.45323634,3.24774547,5.230160528704528,7
1,[],5,[],2019-04-08 06:14:05,0.0,0,0,7217458,2019-04-08 06:14:05,btc,0.0,1.12004594,0,btc,0.0,0.0,0.0,7
1,[],20,[],2019-04-07 22:06:50,3201475.0482,0.000000001,0.000000000000051590000000000004,7213932,2019-04-07 22:06:50,btc,30.8005781811902,0.0,0.000000001,btc,23077405.3926,0.0,0.0032014750482,8
1,[],4,[],2019-04-08 06:14:06,1424331.73781604,0.00000126,0.00000000006628041000000001,7217459,2019-04-08 06:14:06,btc,3.7350899809718427,0.0,0.00000126,btc,2172518.63851946,2.42358151,1.0534690849956005,9
1,[],28,[],2019-04-08 06:14:08,18305.0,0.0000005,0.00000000002630175,7217460,2019-04-08 06:14:08,btc,2708.780087333777,3454350.0,0.0000005,btc,25153.1818,0.0,0.00198655,9
0,[],2,[],2019-01-20 23:22:42,0.0,0,0,6476876,2019-01-20 23:22:42,,0.0,0.0,0,,0.0,0.0,0.0,9
0,[],23,[],2019-01-20 23:22:48,0.0,0,0,6476878,2019-01-20 23:22:48,,0.0,0.0,0,,0.0,0.0,0.0,9
1,[],1,[],2019-02-17 23:31:42,1822507.21,0.00000181000000000000003456111265232042484285557293333113193511962890625,0.000000000066086901,6701244,2019-02-17 23:31:42,btc,3.6990969245,17153386.5,0.00000181000000000000003456111265232042484285557293333113193511962890625,btc,1997391.71,31.11772986,3.2610482446,9
1,[],4,[],2019-02-17 11:22:43,4341674.27126056,0.00000002,0.0000000000007272960000000001,6696112,2019-02-17 11:22:43,btc,0.1997230937751353,0.0,0.00000002,btc,4109766.79808031,0.00215132,0.0479381022052112,10
1,[],4,[],2019-04-08 06:14:09,3654822.62463425,0.00000126,0.00000000006628041000000001,7217461,2019-04-08 06:14:09,btc,6.913085103101601,0.0,0.00000126,btc,3795141.80303891,0.96281452,2.237442467469147,12
1,[],5,[],2019-04-08 06:14:11,0.0,0,0,7217462,2019-04-08 06:14:11,btc,0.0,0.05589559,0,btc,0.0,0.0,0.0,12
0.0,[],25,[],2019-04-08 06:14:12,0.0,0,0,7217463,2019-04-08 06:14:12,,0.0,0.0,0.0,btc,0.0,0.0,0.0,12
0,[],2,[],2019-01-20 23:23:08,0.0,0,0,6476890,2019-01-20 23:23:08,,0.0,0.0,0,,0.0,0.0,0.0,12
1,[],4,[],2019-04-08 06:14:13,32140851.54863244,0.00000930,0.00000000048921255,7217464,2019-04-08 06:14:13,btc,3.7319311509324247,0.0,0.00000930,btc,296658.65549018,1.39116549,2.1588701144105844,13
1,[],10,[],2019-04-08 06:14:15,504193.94766915,0.0000092,0.0000000004839522,7217465,2019-04-08 06:14:15,btc,666790.1467630098,5038.17211302,0.0000092,btc,610951.77433914,0.0,0.8410803696770931,13
1,[],21,[],2019-04-08 06:14:17,1257015.9839337901,0.000009370000000000000073621664320,0.000000000492894795,7217466,2019-04-08 06:14:17,btc,5.2356598180408325,1435429.76633651,0.00000937000000000000007362166432045569308684207499027252197265625,btc,486251.68278948,13.38628373,9.852728543817118,13
1,[],4,[],2019-04-08 06:14:18,1811875.73839893,0.00000115,0.000000000060494025,7217467,2019-04-08 06:14:18,btc,6.165089128754775,0.0,0.00000115,btc,951722.63333273,0.0219042,0.2304297636073518,14
1,[],12,[],2019-04-08 06:14:19,316090.8682657,0.000001030000000000000091033409109486651544784763245843350887298583984375,0.00000000005418160500000001,7217468,2019-04-08 06:14:19,btc,0.15767460597400001,0.0,0.000001030000000000000091033409109486651544784763245843350887298583984375,btc,11206.003996,0.0,0.0434487399999456,14
0,[],17,[],2019-04-08 06:14:21,0.0,0,0,7217469,2019-04-08 06:14:21,btc,0.0,0.0,0,btc,0.0,0.0,0.0,14
1,[],26,[],2019-04-08 06:14:21,0.0,0.00000050,0.00000000002630175,7217470,2019-04-08 06:14:21,btc,0.0,0.0,0.00000050,btc,0.0,0.0,0.0,14
0,[],4,[],2019-04-08 06:14:22,0.0,0,0,7217471,2019-04-08 06:14:22,,0.0,0.0,0,,0.0,0.0,0.0,15
,[],12,[],2018-12-01 15:15:48,204241.84496,0.00000489,0.000000000202473384,5260204,2018-12-01 15:15:48,btc,49.5475654835,0.0,,btc,35763.2193806,0.0163153972027625,0.0203389899998,15
1,[],4,[],2019-04-08 06:14:24,25263.9391973,0.00001545,0.0000000008127240750000001,7217472,2019-04-08 06:14:24,btc,1.0127908400542154,0.0,0.00001545,btc,13356.51424985,0.03137917,0.0603069375277592,18
1,[],10,[],2019-04-08 06:14:26,487570.84973342,0.00001591,0.000000000836921685,7217473,2019-04-08 06:14:26,btc,15.392449736906675,1294.98370462,0.00001591,btc,13772.59813814,0.0,0.0666600674528416,18
1,[],12,[],2019-04-08 06:14:27,314990.44273368,0.00001603999999999999889299488742278043673650245182216167449951171875,0.00000000084376014,7217474,2019-04-08 06:14:27,btc,33215.009158061715,0.0,0.00001603999999999999889299488742278043673650245182216167449951171875,btc,846.39160924,0.0038737481789103,0.0281388370003703,18
0,[],17,[],2019-04-08 06:14:29,0.0,0,0,7217475,2019-04-08 06:14:29,btc,0.0,0.0,0,btc,0.0,0.0,0.0,18
0,[],2,[],2019-01-20 23:23:38,0.0,0,0,6476906,2019-01-20 23:23:38,,0.0,0.0,0,,0.0,0.0,0.0,18
1,[],3,[],2019-04-08 06:14:30,125090.40535429293,0.00003009999999999999980258846843383935265592299401760101318359375,0.00000000158336535,7217476,2019-04-08 06:14:30,btc,0.33172360967521325,3289.53971034,0.00003009999999999999980258846843383935265592299401760101318359375,btc,5768.940773252433,0.0,0.2270958979520174,19
1,[],4,[],2019-04-08 06:14:31,294404.46314561,0.00003526,0.0000000018547994100000001,7217477,2019-04-08 06:14:31,btc,7.085365962030289,0.0,0.00003526,btc,134481.66824375,0.70721009,4.788203073489898,19
1,[],5,[],2019-04-08 06:14:32,0.0,0,0,7217478,2019-04-08 06:14:32,btc,0.0,0.00116217,0,btc,0.0,0.0,0.0,19
1,[],12,[],2019-04-08 06:14:33,183953.84444251,0.0000357000000000000003962108419131027403636835515499114990234375,0.00000000187794495,7217479,2019-04-08 06:14:33,btc,0.0974440121331664,0.0,0.0000357000000000000003962108419131027403636835515499114990234375,btc,568.46913097,0.0161469872993914,0.0823520751928324,19
0,[],27,[],2019-04-08 06:15:35,0.0,0,0,7217480,2019-04-08 06:15:35,,0.0,0.0,0,,0.0,0.0,0.0,19
0,[],2,[],2019-01-20 23:24:19,0.0,0,0,6476924,2019-01-20 23:24:19,,0.0,0.0,0,,0.0,0.0,0.0,19
1,[],4,[],2019-04-08 06:15:36,1423114.09920322,0.00000011,0.000000000005786385000000001,7217481,2019-04-08 06:15:36,btc,6.074564383794945,0.0,0.00000011,btc,2363361.69397214,0.0,0.0461847363435042,20
1,[],4,[],2019-04-08 06:15:38,88338397.71545188,0.00000001,0.0000000000005260350000000001,7217482,2019-04-08 06:15:38,btc,38.58252210983107,0.0,0.00000001,btc,64211689.95856905,0.00035059,0.8833839771545188,21
1,[],12,[],2019-04-08 06:15:40,8202687.0,0.00000001,0.0000000000005260350000000001,7217483,2019-04-08 06:15:40,btc,2904.541230868961,0.0,0.00000001,btc,4979046.70529471,0.00204994001998,0.08202687,21
0,[],17,[],2019-04-08 06:15:41,0.0,0,0,7217484,2019-04-08 06:15:41,btc,0.0,0.0,0,btc,0.0,0.0,0.0,21
1,[],12,[],2019-04-08 06:15:43,3439962790.0,0.0000000002,0.0000000000000105207,7217485,2019-04-08 06:15:43,btc,317475322042.0351,0.0,0.0000000002,btc,2088581712.283717,0.04656375093726266,0.41997764530000004,23
0,[],27,[],2019-04-08 06:15:43,0.0,0,0,7217486,2019-04-08 06:15:43,,0.0,0.0,0,,0.0,0.0,0.0,23
1,[],4,[],2019-04-08 06:15:44,534197.25266321,0.00000045,0.000000000023671575000000002,7217487,2019-04-08 06:15:44,btc,14.263551129397461,0.0,0.00000045,btc,2093214.69556393,0.02997347,0.1630904809550271,24
1,[],22,[],2019-04-08 06:15:47,11.76,0.00000100,0.0000000000526035,7217488,2019-04-08 06:15:47,BTC,7.415e-05,0.0,0.00000100,BTC,23.919354838709676,0.0,1.176e-05,24
0.0,[],25,[],2019-04-08 06:15:48,0.0,0,0,7217489,2019-04-08 06:15:48,,0.0,0.0,0.0,btc,0.0,0.0,0.0,24
1,[],4,[],2019-04-08 06:15:49,26722556.34934905,0.00000792,0.00000000041661972000000005,7217490,2019-04-08 06:15:49,btc,181.85719815326067,0.0,0.00000792,btc,264240.15312885,0.17560122,0.6792243529698317,26
1,[],10,[],2019-04-08 06:15:52,95290.06253321,0.00000686,0.0000000003608600100000001,7217491,2019-04-08 06:15:52,btc,25.567652875768726,3791.59601273,0.00000686,btc,21598.2877419,0.0,0.1210557761256474,26
0,[],2,[],2019-01-20 23:25:56,0.0,0,0,6476976,2019-01-20 23:25:56,,0.0,0.0,0,,0.0,0.0,0.0,26
1,[],3,[],2019-04-08 06:15:53,4713716.20156602,0.00000001,0.0000000000005260350000000001,7217492,2019-04-08 06:15:53,btc,2.5563404175515045,617604.932376,0.00000001,btc,21152509.04907389,0.0,0.0471371620156602,27
1,[],5,[],2019-04-08 06:15:55,0.0,0,0,7217493,2019-04-08 06:15:55,btc,0.0,0.00058028,0,btc,0.0,0.0,0.0,27
1,[],11,[],2019-04-08 06:15:56,7108765.91256781,0.00000006,0.00000000000315621,7217494,2019-04-08 06:15:56,btc,67502.97299864117,1198400.0,0.00000006,btc,6586383.7503637,0.0,0.38614616491802245,27
1,[],4,[],2019-04-08 06:15:59,1762092702.541018,0.00000003,0.0000000000015781050000000002,7217495,2019-04-08 06:15:59,btc,3.925389124344293,0.0,0.00000003,"btc,ltc",268960009.74121594,0.2961564,16.667126516263433,29
1,[],7,[],2019-04-08 06:16:01,41939343.38922696,0.00000003,0.000000000001578105,7217496,2019-04-08 06:16:01,btc,44883945.929583,12964.6351648,0.00000003,btc,29720064.02389236,0.00062824,0.5592694850032071,29
1,[],4,[],2019-04-08 06:16:02,2273617.57093796,0.00000018,0.000000000009468630000000001,7217497,2019-04-08 06:16:02,btc,3.183694554405078,0.0,0.00000018,btc,2629242.6918749,0.00756464,0.0820108889081418,30
0,[],17,[],2019-04-08 06:16:03,0.0,0,0,7217498,2019-04-08 06:16:03,btc,0.0,0.0,0,btc,0.0,0.0,0.0,30
1,[],4,[],2019-04-08 06:16:04,162911.08288335,0.00008551,0.0000000044981252850000005,7217499,2019-04-08 06:16:04,btc,9.425730829841118,0.0,0.00008551,btc,57041.26064526,3.36602945,2.359963605697261,31
1,[],21,[],2019-04-08 06:16:05,68391.28327073,0.00008676000000000000280785811269,0.000000004563879660000001,7217500,2019-04-08 06:16:05,btc,12.379476735758567,1400116.67850115,0.000086760000000000002807858112685579499157029204070568084716796875,btc,123444.0007121,135.91114298,5.634209226302358,31
0,[],2,[],2019-01-20 23:28:43,0.0,0,0,6477009,2019-01-20 23:28:43,,0.0,0.0,0,,0.0,0.0,0.0,32
0,[],4,[],2019-04-08 06:16:05,0.0,0,0,7217501,2019-04-08 06:16:05,,0.0,0.0,0,,0.0,0.0,0.0,33
1,[],12,[],2019-03-30 07:55:10,40641173.964,0.00000003,0.000000000001228359,7108785,2019-03-30 07:55:10,btc,4233210.82356125,0.0,0.00000003,btc,28378394.68333462,0.0126927883965248,0.90752895892,33
1,[],4,[],2019-04-08 06:16:07,1487703.51472552,0.00000001,0.0000000000005260350000000001,7217502,2019-04-08 06:16:07,btc,4.261969033387458,0.0,0.00000001,btc,157116100.51179028,0.00321779,0.0148770351472552,34
1,[],5,[],2019-04-08 06:16:09,0.0,0,0,7217503,2019-04-08 06:16:09,btc,0.0,7.66e-06,0,btc,0.0,0.0,0.0,34
0.0000000001727476,[],4,[],2019-04-08 06:16:09,2686746030.8567805,1.727476e-18,9.087128376600002e-23,7217504,2019-04-08 06:16:09,ltc,5.751887648392919e-08,0.0,0.00000001,ltc,6699426210.8047495,0.0,4.641289286400348e-09,36
1,[],5,[],2019-04-08 06:16:10,0.0,0,0,7217505,2019-04-08 06:16:10,btc,0.0,0.0,0,btc,0.0,0.0,0.0,36
0,[],17,[],2019-04-08 06:16:12,0.0,0,0,7217506,2019-04-08 06:16:12,btc,0.11068695886050933,0.0,0,btc,7709499.277436471,0.0,0.0,36
0,[],27,[],2019-04-08 06:16:35,0.0,0,0,7217507,2019-04-08 06:16:35,,0.0,0.0,0,,0.0,0.0,0.0,36
1,[],4,[],2019-04-08 06:16:36,945966.84686679,0.00000041,0.000000000021567435000000002,7217508,2019-04-08 06:16:36,btc,19775.110150744196,0.0,0.00000041,btc,820389.30140149,0.03051127,0.0995503235646746,37
1,[],12,[],2019-04-08 06:16:37,634919.84073255,0.00000041,0.000000000021567435000000002,7217509,2019-04-08 06:16:37,btc,18.669781865237507,0.0,0.00000041,btc,490061.95200715,0.0274216977823325,0.1810366690015271,37
1,[],17,[],2019-04-08 06:16:38,1752.74075282,0.00000025,0.000000000013150875,7217510,2019-04-08 06:16:38,btc,0.055484923987815016,0.0,0.00000025,btc,1387.19918473,0.0,0.00043818518820499993,37
0,[],27,[],2019-04-08 06:16:38,0.0,0,0,7217511,2019-04-08 06:16:38,,0.0,0.0,0,,0.0,0.0,0.0,37
1,[],5,[],2019-04-08 06:16:40,0.0,0,0,7217512,2019-04-08 06:16:40,btc,0.0,0.00076893,0,btc,0.0,0.0,0.0,42
1,[],12,[],2019-04-08 06:16:41,209022.00134657,0.00000081,0.000000000042608835,7217513,2019-04-08 06:16:41,btc,10.205345866482352,0.0,0.00000081,btc,42774.83149988,0.0047356187812188,0.0178464795958076,42
0,[],27,[],2019-04-08 06:16:42,0.0,0,0,7217514,2019-04-08 06:16:42,,0.0,0.0,0,,0.0,0.0,0.0,42
1,[],5,[],2019-04-03 07:21:02,0.0,0,0,7159930,2019-04-03 07:21:02,btc,0.0,0.00286478,0,btc,0.0,0.0,0.0,43
0,[],17,[],2019-04-03 07:21:05,0.0,0,0,7159931,2019-04-03 07:21:05,btc,0.0,0.0,0,btc,0.0,0.0,0.0,43
1,[],12,[],2019-03-13 09:13:29,1112112.0,0.00000001,0.000000000000386531,6919902,2019-03-13 09:13:29,btc,29058.00478931866,0.0,0.00000001,btc,5967681.93306694,9.99000999e-07,0.01112112,43
1,[],12,[],2019-03-05 01:54:08,639326.02,0.00000004,0.000000000001486676,6845775,2019-03-05 01:54:08,btc,11116042.728239931,0.0,0.00000004,btc,1103841.4595604,0.0003330765234764,0.014975410599999999,44
1,[],4,[],2019-04-08 06:16:44,123068278.37217455,0.00000001,0.0000000000005260350000000001,7217515,2019-04-08 06:16:44,btc,481.3667913312565,0.0,0.00000001,"btc,ltc",18442988.84631327,0.00245749,0.18689083577680696,49
0.0000000001727476,[],4,[],2019-04-08 06:16:45,1337760761.138,1.727476e-18,9.087128376600002e-23,7217516,2019-04-08 06:16:45,ltc,24.562088146748717,0.0,0.00000001,ltc,6906399381.85841,0.0,2.310949608607628e-09,52
0.0000000001375593,[],22,[],2019-04-08 06:16:49,3.0,9.629151e-18,5.065270446285e-22,7217517,2019-04-08 06:16:49,XMR,10308.14342123,0.0,0.00000007,XMR,314385094.4566013,0.0,2.1e-07,57
0,[],27,[],2019-04-08 06:16:50,0.0,0,0,7217518,2019-04-08 06:16:50,,0.0,0.0,0,,0.0,0.0,0.0,57
0.0000000001727476,[],4,[],2019-04-08 06:16:51,1187495167.2869995,1.727476e-18,9.087128376600002e-23,7217519,2019-04-08 06:16:51,ltc,18.627668160407268,0.0,0.00000001,ltc,4831657085.6443205,0.0,2.0513694016042766e-09,58
1,[],12,[],2019-04-08 06:16:52,756995565.0,0.0000000002,0.0000000000000105207,7217520,2019-04-08 06:16:52,btc,8621351.848782549,0.0,0.0000000002,btc,1900328485.978857,0.011693278921478522,0.1343260396,58
0,[],17,[],2019-04-08 06:16:53,0.0,0,0,7217521,2019-04-08 06:16:53,btc,1e+24,0.0,0,btc,49306342.21952568,0.0,0.0,58
0.0000000001375593,[],22,[],2019-04-08 06:16:57,137438.0,1.375593e-18,7.23610063755e-23,7217522,2019-04-08 06:16:57,XMR,69.1795942,0.0,0.00000001,XMR,9887963.0,0.0,0.00137438,58
1,[],5,[],2019-04-08 06:16:59,0.0,0,0,7217523,2019-04-08 06:16:59,btc,0.0,0.02318976,0,btc,0.0,0.0,0.0,61
1,[],22,[],2019-04-08 06:17:01,113553.83333333333,0.00000015,0.000000000007890525,7217524,2019-04-08 06:17:01,BTC,1002.29602762,0.0,0.00000015,BTC,15234.52361146909,0.0,0.01502511,61
1,[],26,[],2019-04-08 06:17:01,0.0,0.00000800,0.000000000420828,7217525,2019-04-08 06:17:01,btc,0.0,0.0,0.00000800,btc,0.0,0.0,0.0,61
0,[],27,[],2019-04-08 06:17:01,0.0,0,0,7217526,2019-04-08 06:17:01,,0.0,0.0,0,,0.0,0.0,0.0,61
1,[],28,[],2019-04-08 06:17:03,1639.304,0.0000002,0.000000000010520700000000001,7217527,2019-04-08 06:17:03,btc,2.071450024942105,906.0,0.0000002,btc,26758.35620005,0.0,0.00011139304,61
1,[],4,[],2019-04-08 06:17:04,1594452.06026385,0.00000190,0.00000000009994665,7217528,2019-04-08 06:17:04,btc,9.545440138066532,0.0,0.00000190,btc,916212.0083397,0.10935981,1.2099192388534776,67
0.0,[],25,[],2019-04-08 06:17:06,0.0,0,0,7217529,2019-04-08 06:17:06,,0.0,0.0,0.0,btc,0.0,0.0,0.0,67
1,[],12,[],2019-04-08 06:17:09,1135078.76190473,0.00000025,0.000000000013150875,7217530,2019-04-08 06:17:09,btc,56667922.00922121,0.0,0.00000025,btc,1223997.96141119,0.0066658657442558,0.0746533899999929,71
,[],5,[],2018-11-20 23:02:39,1.5e-07,0.00000005,0.000000000002128045,4862160,2018-11-20 23:02:39,btc,2.84511358,0.0,,btc,0.00036572,0.0,0.07381892,74
1,[],5,[],2019-04-08 06:17:10,0.0,0,0,7217531,2019-04-08 06:17:10,btc,0.0,0.0115844,0,btc,0.0,0.0,0.0,75
1,[],4,[],2019-04-08 06:17:10,3278481.00028221,0.00000001,0.0000000000005260350000000001,7217532,2019-04-08 06:17:10,btc,135894.21077439433,0.0,0.00000001,btc,35597698.10364842,0.0,0.0327848100028221,81
0,[],20,[],2019-01-25 09:30:31,0.0,0,0,6495923,2019-01-25 09:30:31,btc,0.0,0.0,0,btc,0.0,0.0,0.0,81
1,[],4,[],2019-04-08 06:17:12,18789.50042822,0.00007855,0.0000000041320049250000005,7217533,2019-04-08 06:17:12,btc,17.760216966732123,0.0,0.00007855,btc,12900.49116124,0.11011215,0.2786710778888423,82
1,[],21,[],2019-04-08 06:17:13,753362.72539546,0.00007417999999999999789258853244,0.0000000039021276300000005,7217534,2019-04-08 06:17:13,btc,2.958903686471932,12833.50745403,0.00007417999999999999789258853244433566942461766302585601806640625,btc,35621.77803562,0.96038735,2.7392687245894205,82
0,[],17,[],2019-03-25 22:42:34,0.0,0,0,7038780,2019-03-25 22:42:34,btc,0.0445064681804024,0.0,0,btc,995513.18476001,0.0,0.0,84
0.0000000001727476,[],4,[],2019-04-08 06:17:14,248128933.6102013,1.727476e-18,9.087128376600002e-23,7217535,2019-04-08 06:17:14,ltc,1.6928141473933338,0.0,0.00000001,ltc,451378102.305569,0.0,4.2863677771721613e-10,85
,[],22,[],2018-11-20 23:09:34,3408.1,0.0000001,0.0000000000041895,4862324,2018-11-20 23:09:34,BTC,0.04624735,0.0,,BTC,4990.0,0.0,0.00033081,86
1,[],22,[],2019-04-08 06:17:18,107643.2,0.00000005,0.0000000000026301750000000004,7217536,2019-04-08 06:17:18,BTC,3.66204147,0.0,0.00000005,BTC,225783.87374350388,0.0,0.00154216,87
0,[],27,[],2019-04-08 06:17:45,0.0,0,0,7217537,2019-04-08 06:17:45,,0.0,0.0,0,,0.0,0.0,0.0,87
,[],2,[],2018-11-20 23:10:47,0.0,0,0,4862359,2018-11-20 23:10:47,,0.0,0.0,,,0.0,0.0,0.0,88
1,[],11,[],2019-04-08 06:17:47,89627.6704748,0.0001409100000000000044338144267186407887493260204792022705078125,0.000000007412359185000001,7217538,2019-04-08 06:17:47,btc,529.5962972988012,2796.83801613,0.0001409100000000000044338144267186407887493260204792022705078125,btc,101109.28793204,0.0,5.806419811664237,89
0,[],2,[],2019-01-20 23:31:45,0.0,0,0,6477083,2019-01-20 23:31:45,,0.0,0.0,0,,0.0,0.0,0.0,91
1,[],12,[],2019-04-08 06:17:49,319152.42483816,0.00000075,0.000000000039452625000000006,7217539,2019-04-08 06:17:49,btc,83.1170627936614,0.0,0.00000075,btc,101263.16012314,0.0008027497214584,0.0417074114263052,91
0,[],17,[],2019-04-08 06:17:51,0.0,0,0,7217540,2019-04-08 06:17:51,btc,0.0,0.0,0,btc,0.0,0.0,0.0,91
1,[],22,[],2019-04-08 06:17:58,65900.0,0.00000001,0.0000000000005260350000000001,7217541,2019-04-08 06:17:58,BTC,3e-06,0.0,0.00000001,BTC,1.0,0.0,0.000659,91
0,[],22,[],2019-03-21 12:10:46,0.0,0,0,6996572,2019-03-21 12:10:46,,4.56897116,0.0,0,,46768900.1,0.0,0.0,95
0.0000000001727476,[],4,[],2019-04-08 06:17:59,543777857.6658676,2.7639616e-17,1.4539405402560002e-21,7217542,2019-04-08 06:17:59,ltc,11.977337118753987,0.0,0.00000016,ltc,142348415.9076473,0.0,1.349284266922734e-09,96
0,[],12,[],2019-04-08 06:18:00,0.0,0,0,7217543,2019-04-08 06:18:00,btc,50.5312283201998,0.0,0,btc,5061277.01997998,0.0001028271728272,0.0,96
0,[],17,[],2019-04-08 06:18:02,0.0,0,0,7217544,2019-04-08 06:18:02,btc,0.0,0.0,0,btc,0.0,0.0,0.0,96
1,[],4,[],2019-04-03 20:04:38,1523570.8786377,0.00000040,0.00000000002042612,7166515,2019-04-03 20:04:38,btc,4.6810255304234305,0.0,0.00000040,btc,3209413.55187158,0.19593752,0.1820333463725714,99
0,[],2,[],2019-01-20 23:23:55,0.0,0,0,6476914,2019-01-20 23:23:55,,0.0,0.0,0,,0.0,0.0,0.0,100
1,[],4,[],2019-04-08 06:18:05,342754.10336737,0.00004519,0.0000000023771521650000002,7217545,2019-04-08 06:18:05,btc,9.653269971191065,0.0,0.00004519,btc,147129.24255056,0.4456946,3.559819272690204,100
1,[],22,[],2019-04-08 06:18:08,120000.0,0.00000002,0.0000000000010520700000000002,7217546,2019-04-08 06:18:08,BTC,24.82891609,0.0,0.00000002,BTC,11877.22,0.0,0.0014,101
1,[],4,[],2019-04-08 06:18:09,376122.68685012,0.00000086,0.00000000004523901000000001,7217547,2019-04-08 06:18:09,btc,286.40608978146366,0.0,0.00000086,btc,668126.25792384,0.02346941,0.2021452534955682,103
1,[],12,[],2019-04-08 06:18:11,36721210.0,0.000000007,0.00000000000036822450000000004,7217548,2019-04-08 06:18:11,btc,468419818.52938396,0.0,0.000000007,btc,86822443.27765507,0.00887256193522936,0.065108673,105
0,[],27,[],2019-04-08 06:18:15,0.0,0,0,7217549,2019-04-08 06:18:15,,0.0,0.0,0,,0.0,0.0,0.0,105
1,[],22,[],2019-04-01 17:44:48,9328.0,0.00000001,0.00000000000041453500000000006,7138290,2019-04-01 17:44:48,BTC,51.38182867,0.0,0.00000001,BTC,470435.0,0.00050637,9.328e-05,107
1,[],26,[],2019-04-01 17:44:48,0.0,0.00000000,0,7138291,2019-04-01 17:44:48,btc,0.0,0.0,0.00000000,btc,0.0,0.0,0.0,107
1,[],5,[],2019-04-08 06:18:16,0.0,0,0,7217550,2019-04-08 06:18:16,btc,0.0,0.0040133,0,btc,0.0,0.0,0.0,112
0,[],22,[],2019-04-08 06:18:19,0.0,0,0,7217551,2019-04-08 06:18:19,,2.7872961,0.0,0,,1029384.0833333334,0.0,0.0,112
0,[],27,[],2019-04-08 06:18:19,0.0,0,0,7217552,2019-04-08 06:18:19,,0.0,0.0,0,,0.0,0.0,0.0,112
1,[],4,[],2019-04-08 06:18:20,90645.20788718,0.00000169,0.00000000008889991500000001,7217553,2019-04-08 06:18:20,btc,3.817478246491503,0.0,0.00000169,btc,479095.57457244,0.02656787,0.0852261464551554,113
1,[],5,[],2019-04-08 06:18:21,0.0,0,0,7217554,2019-04-08 06:18:21,btc,0.0,2.874e-05,0,btc,0.0,0.0,0.0,113
1,[],17,[],2019-04-08 06:18:24,152738.278,0.00000004,0.0000000000021041400000000004,7217555,2019-04-08 06:18:24,btc,1.3368030274829512,0.0,0.00000004,btc,51896.221,0.0,0.0022095311199999998,116
0,[],27,[],2019-04-08 06:18:24,0.0,0,0,7217556,2019-04-08 06:18:24,,0.0,0.0,0,,0.0,0.0,0.0,116
1,[],4,[],2019-04-08 06:18:25,63239615.99125381,0.00001374,0.0000000007227720900000001,7217557,2019-04-08 06:18:25,btc,117.95142087008094,0.0,0.00001374,btc,216431.71040526,0.30872982,7.387681721270457,120
1,[],7,[],2019-04-08 06:18:27,9418.53961077,0.00001219000000000000017894540016438753582406206987798213958740234375,0.0000000006412366650000001,7217558,2019-04-08 06:18:27,btc,231199.25127505127,64.28118468,0.00001219000000000000017894540016438753582406206987798213958740234375,btc,10763.65435312,0.00097989,0.0159565435776778,120
1,[],20,[],2019-04-07 18:42:29,1914137.0852,0.000000035,0.0000000000017871910000000002,7211992,2019-04-07 18:42:29,btc,32.2497668025648,25528.85,0.000000035,btc,1001975.4986,0.00089350975,0.0152723574729,125
0,[],22,[],2019-04-08 06:18:30,0.0,0,0,7217559,2019-04-08 06:18:30,,0.01444887,0.0,0,,296263.5111111111,0.0,0.0,126
0,[],2,[],2019-01-20 23:25:46,0.0,0,0,6476969,2019-01-20 23:25:46,,0.0,0.0,0,,0.0,0.0,0.0,131
1,[],4,[],2019-04-08 06:10:28,3239480.5696379,0.00001057,0.0000000005569977769999999,7217379,2019-04-08 06:10:28,btc,4.512056036942131,0.0,0.00001057,btc,186810.50221119,0.20326034,0.5487681247716383,131
0,[],17,[],2019-04-08 06:10:30,0.0,0,0,7217380,2019-04-08 06:10:30,btc,0.0953976503951408,0.0,0,btc,5037.62507334,0.0,0.0,131
1,[],4,[],2019-04-08 06:18:31,4729.16777949,0.00011063,0.000000005819525205000001,7217560,2019-04-08 06:18:31,btc,9.983753681718609,0.0,0.00011063,btc,242.95868326,0.0,0.0104537351696,135
1,[],3,[],2019-03-07 00:20:44,877702.73244099,0.00000004,0.00000000000154846,6863392,2019-03-07 00:20:44,btc,0.119366241821405,0.0,0.00000004,btc,760637.99421222,0.0,0.023771231960604298,136
1,[],4,[],2019-04-08 06:18:32,2398226.00320322,0.00000095,0.000000000049973325,7217561,2019-04-08 06:18:32,btc,50.3283800106466,0.0,0.00000095,btc,603215.68942794,0.05463523,0.1430318199493391,137
1,[],12,[],2019-04-08 06:18:34,158278.80712786,0.000001039999999999999995289683661636725986454621306620538234710693359375,0.000000000054707640000000005,7217562,2019-04-08 06:18:34,btc,10234.706011013792,0.0,0.000001039999999999999995289683661636725986454621306620538234710693359375,btc,10529.14273091,0.0,0.013268809999988,137
1,[],4,[],2019-04-08 06:18:35,54899.69952633,0.00002775,0.0000000014597471250000002,7217563,2019-04-08 06:18:35,btc,5.326063146112725,0.0,0.00002775,btc,69488.50363052,1.37859332,0.619147771589721,142
1,[],5,[],2019-04-08 06:18:36,0.0,0,0,7217564,2019-04-08 06:18:36,btc,0.0,0.1608055,0,btc,0.0,0.0,0.0,142
1,[],17,[],2019-04-08 06:18:37,22967.386363640002,0.00000088,0.000000000046291080000000006,7217565,2019-04-08 06:18:37,btc,20.069762067641935,0.0,0.00000088,btc,2746.079105,0.0,0.0104613000000032,142
1,[],20,[],2019-04-08 06:18:39,60393.3156,0.00002855,0.0000000015018299250000002,7217566,2019-04-08 06:18:39,btc,1.3841158758415,0.0499,0.00002855,btc,3331.5358,1.424645e-06,0.0451291711146,142
1,[],22,[],2019-04-08 06:18:43,1621.0,0.00001020,0.0000000005365557,7217567,2019-04-08 06:18:43,BTC,3.27948712,0.0,0.00001020,BTC,1169.5278181818182,0.0,0.0007584,142
0.0,[],25,[],2019-04-08 06:18:45,0.0,0,0,7217568,2019-04-08 06:18:45,,0.0,0.0,0.0,btc,0.0,0.0,0.0,142
1,[],28,[],2019-04-08 06:18:47,77757.207,0.00004735,0.0000000024907757250000002,7217569,2019-04-08 06:18:47,btc,0.0477314554747,884.0,0.00004735,btc,312.37303,0.0,0.01634985145,142
0,[],22,[],2019-04-08 06:19:09,0.0,0,0,7217570,2019-04-08 06:19:09,,62.98070713,0.0,0,,767832216.8,0.0,0.0,143
0,[],22,[],2019-02-25 15:42:22,0.0,0,0,6783783,2019-02-25 15:42:22,,4.2131946,0.0,0,,2322156.0,0.0,0.0,146
,[],22,[],2018-11-20 23:01:11,0.0,0,0,4862114,2018-11-20 23:01:11,,2.56807021,0.0,,,61828.4988236,0.0,0.0,147
1,[],12,[],2019-04-08 06:19:11,257798.76795579,0.0000020300000000000000457815209353729102303987019695341587066650390625,0.00000000010678510500000001,7217571,2019-04-08 06:19:11,btc,9.698349995657834,0.0,0.0000020300000000000000457815209353729102303987019695341587066650390625,btc,106618.49999209,0.00047328,0.0099957599999799,148
1,[],4,[],2019-03-19 21:31:25,255810.0415942,0.00000029,0.000000000011615747,6982695,2019-03-19 21:31:25,btc,218.94922712414143,0.0,0.00000029,btc,793529.37642722,0.00117,0.0608347789473395,152
0,[],22,[],2019-03-19 21:31:27,0.0,0,0,6982696,2019-03-19 21:31:27,,0.0,0.0,0,,0.0,0.0,0.0,152
1,[],5,[],2019-04-08 06:19:12,0.0,0,0,7217572,2019-04-08 06:19:12,btc,0.0,0.0,0,btc,0.0,0.0,0.0,153
,[],16,[],2019-01-11 15:38:59,0.0,0,0,6366141,2019-01-11 15:38:59,btc,0.0,0.0,,btc,0.0,0.0,0.0,155
0,[],23,[],2019-01-20 23:24:29,0.0,0,0,6476932,2019-01-20 23:24:29,,0.0,0.0,0,,0.0,0.0,0.0,156
0,[],22,[],2019-04-08 06:19:15,0.0,0,0,7217573,2019-04-08 06:19:15,,6.80640151,0.0,0,,4675792.242592593,0.0,0.0,156
1,[],22,[],2019-04-08 06:19:18,7066.0,0.00000800,0.000000000420828,7217574,2019-04-08 06:19:18,BTC,1.79802465,0.0,0.00000800,BTC,802.6461988741639,0.0,0.00062996,157
0,[],22,[],2019-04-08 06:19:21,0.0,0,0,7217575,2019-04-08 06:19:21,,50234.63122879,0.0,0,,55030636.03179465,0.0,0.0,158
,[],17,[],2018-11-20 22:56:10,0.0,0,0,4861976,2018-11-20 22:56:10,btc,1.1265625,0.0,,btc,1000.0,0.0,0.0,159
,[],20,[],2018-11-20 22:56:12,0.0,0,0,4861977,2018-11-20 22:56:12,btc,11912.7940471,0.0,,btc,34413894.3617,0.0,0.0,159
1,[],12,[],2019-04-08 06:19:21,244234.15647274,0.000006150000000000000409915157373319516409537754952907562255859375,0.0000000003235115250000001,7217576,2019-04-08 06:19:21,btc,17.95121835153881,0.0,0.000006150000000000000409915157373319516409537754952907562255859375,btc,10207.00667815,0.0015666046,0.1063515914999841,168
1,[],17,[],2019-04-08 06:19:23,22852.0,0.00000001,0.0000000000005260350000000001,7217577,2019-04-08 06:19:23,btc,0.04106974251542,0.0,0.00000001,btc,256.46171372,0.0,0.00022852000000000001,168
1,[],22,[],2019-04-07 03:35:46,993744.0,0.00000001,0.000000000000511532,7204372,2019-04-07 03:35:46,BTC,45.65738194,0.0,0.00000001,BTC,529106.1947107811,0.0,0.00993744,169
1,[],22,[],2019-04-08 06:19:26,635118.6666666666,0.00000004,0.0000000000021041400000000004,7217578,2019-04-08 06:19:26,BTC,11.28982263,0.0,0.00000004,BTC,122025.29625227844,0.0002468,0.01527498,171
1,[],22,[],2019-04-01 09:30:11,464224.0,0.00000029,0.000000000011989963000000002,7131874,2019-04-01 09:30:11,BTC,2.300003,0.0,0.00000029,"BTC,LTC",295879.07579844765,0.00203181,0.12689866,173
1,[],5,[],2019-04-08 06:19:28,0.0,0,0,7217579,2019-04-08 06:19:28,btc,0.0,0.00382695,0,btc,0.0,0.0,0.0,175
1,[],22,[],2019-04-08 06:19:31,634768.6666666666,0.00000003,0.0000000000015781050000000002,7217580,2019-04-08 06:19:31,BTC,0.52441472,0.0,0.00000003,BTC,129184.40469601455,0.0,0.00704306,176
1,[],7,[],2019-04-08 06:19:32,0.0,0,0,7217581,2019-04-08 06:19:32,btc,409259.93599906954,20000.0,0,btc,47442347.23671812,0.0,0.0,178
0,[],22,[],2019-04-08 06:19:35,0.0,0,0,7217582,2019-04-08 06:19:35,,1.00242438,0.0,0,,57522.0,0.0,0.0,178
0,[],2,[],2019-01-20 23:28:34,0.0,0,0,6477001,2019-01-20 23:28:34,,0.0,0.0,0,,0.0,0.0,0.0,178
0,[],23,[],2019-01-20 23:25:08,0.0,0,0,6476952,2019-01-20 23:25:08,,0.0,0.0,0,,0.0,0.0,0.0,179
1,[],5,[],2019-04-08 06:19:36,0.0,0,0,7217583,2019-04-08 06:19:36,btc,0.0,0.06448288,0,btc,0.0,0.0,0.0,179
1,[],22,[],2019-04-08 06:19:39,824451.0,0.00000001,0.0000000000005260350000000001,7217584,2019-04-08 06:19:39,BTC,5.5216135,0.0,0.00000001,BTC,17701825.192249708,0.00018713,0.00824451,179
1,[],17,[],2019-04-08 06:19:41,10504.725,0.0000001,0.00000000000526035,7217585,2019-04-08 06:19:41,btc,5.201069583844265,0.0,0.0000001,btc,5033.45945,0.0,0.0010504725,180
1,[],22,[],2019-04-08 06:19:44,671970.2973262032,0.00000055,0.000000000028931925000000003,7217586,2019-04-08 06:19:44,BTC,38.04385313,0.0,0.00000055,"BTC,LTC",138871.8594236411,0.003072,0.55995229,180
1,[],26,[],2019-04-08 06:19:45,0.0,0.00000125,0.000000000065754375,7217587,2019-04-08 06:19:45,btc,0.0,105.17,0.00000125,btc,0.0,0.0,0.0,180
,[],7,[],2018-11-20 22:58:01,562227.975654,0.00000085,0.000000000036176765,4862015,2018-11-20 22:58:01,btc,21836.6059674,2491.87645172,,btc,749999.041456,0.00211021,0.127565380455,183
,[],5,[],2019-01-10 08:11:41,0.0,0,0,6347036,2019-01-10 08:11:41,btc,82.15055501,0.00261,,btc,1.19002445,0.0,0.0,187
,[],17,[],2018-11-16 20:58:10,4062536.27273,0.00000001,0.000000000000550501,4708775,2018-11-16 20:58:10,btc,3.36492563466,0.195460381006,,"btc,eth",110697919.549,0.0,0.0157628953496,187
1,[],24,[],2019-04-08 06:19:45,0.0,0.000000000014,7.36449e-16,7217588,2019-04-08 06:19:45,btc,0.0,0.0,0.000000000014,btc,0.0,0.0,0.0,187
1,[],22,[],2019-03-26 06:20:29,12315.0,0.00000001,0.00000000000039339800000000003,7044441,2019-03-26 06:20:29,BTC,7.56699454,0.0,0.00000001,BTC,79361.7243344055,0.0,0.00012315,191
0,[],22,[],2019-04-08 06:19:49,0.0,0,0,7217589,2019-04-08 06:19:49,,0.0,0.0,0,,0.0,0.0,0.0,197
0,[],23,[],2019-01-20 23:31:41,0.0,0,0,6477079,2019-01-20 23:31:41,,0.0,0.0,0,,0.0,0.0,0.0,199
0.0000000001727476,[],22,[],2019-04-08 06:19:53,107121968.0,1.727476e-18,9.087128376600002e-23,7217590,2019-04-08 06:19:53,LTC,5.45812985,0.0,0.00000001,LTC,26942169.15,6.9099040000000006e-12,1.07121968,199
1,[],26,[],2019-04-08 06:19:53,0.0,0.00000000,0,7217591,2019-04-08 06:19:53,btc,0.0,155217.0,0.00000000,btc,0.0,0.0,0.0,199
0,[],2,[],2019-01-20 23:30:49,0.0,0,0,6477059,2019-01-20 23:30:49,,0.0,0.0,0,,0.0,0.0,0.0,201
1,[],4,[],2019-01-25 15:51:35,2084389.58565343,0.00000936,0.000000000333526752,6499557,2019-01-25 15:51:35,btc,2.0092503037378524,0.0,0.00000936,btc,160195.80207885,0.19272417,1.242687955921835,211
1,[],7,[],2019-04-08 06:19:56,3080858.54162864,0.00000110999999999999996035831596741250137938550324179232120513916015625,0.00000000005838988500000001,7217592,2019-04-08 06:19:56,btc,15586195.531421384,286357.518055,0.00000110999999999999996035831596741250137938550324179232120513916015625,btc,13444052.20291432,0.0,2.2556345950355055,212
1,[],12,[],2019-01-25 02:44:32,207462.42853209,0.000001080000000000000035831255497387193287295303889550268650054931640625,0.000000000038610756000000006,6493050,2019-01-25 02:44:32,btc,85023.03793723314,0.0,0.000001080000000000000035831255497387193287295303889550268650054931640625,btc,43675.73520027,0.000146250909087,0.0348620860622024,213
1,[],5,[],2019-04-08 03:10:35,0.0,0,0,7216323,2019-04-08 03:10:35,btc,0.0,0.37968348,0,btc,0.0,0.0,0.0,213
1,[],24,[],2019-04-08 03:10:35,0.0,0.000000220000,0.000000000011599654,7216324,2019-04-08 03:10:35,btc,0.0,0.0,0.000000220000,btc,0.0,0.0,0.0,213
1,[],26,[],2019-04-08 03:10:35,0.0,0.00000040,0.00000000002109028,7216325,2019-04-08 03:10:35,btc,0.0,0.0,0.00000040,btc,0.0,0.0,0.0,213
1,[],22,[],2019-04-08 05:59:40,435836.0,0.00000001,0.000000000000525096,7217230,2019-04-08 05:59:40,BTC,9.52190871,0.0,0.00000001,BTC,1112735.9818427025,0.0,0.00435836,216
0,[],27,[],2019-04-08 06:01:01,0.0,0,0,7217231,2019-04-08 06:01:01,,0.0,0.0,0,,0.0,0.0,0.0,216
1,[],22,[],2019-04-08 06:20:21,670386.1792187453,0.00000183,0.00000000009626440500000002,7217593,2019-04-08 06:20:21,BTC,12043.72170164,0.0,0.00000183,BTC,363305.6835529841,0.00570604,0.49524158,217
1,[],7,[],2019-04-08 06:20:22,0.0,0,0,7217594,2019-04-08 06:20:22,btc,77969.70443924062,0.0,0,btc,136424979.15198368,0.0,0.0,219
0,[],27,[],2019-04-08 06:21:23,0.0,0,0,7217595,2019-04-08 06:21:23,,0.0,0.0,0,,0.0,0.0,0.0,219
0.0000000000000062,[],28,[],2019-04-08 06:21:25,261227577.638,5.27e-18,2.7722044500000005e-22,7217596,2019-04-08 06:21:25,doge,110064.6669440466,137713.6472,0.00085000,"btc,doge",16614234.63126,0.0,1.4300210551287336e-11,219
1,[],22,[],2019-04-02 19:32:29,694653.0,0.00000007,0.00000000000330008,7153804,2019-04-02 19:32:29,BTC,2.83309452,0.0,0.00000007,BTC,94373.03430328587,0.00135954,0.03572421,221
1,[],24,[],2019-04-02 19:32:29,0.0,0.000000140000,0.00000000000660016,7153805,2019-04-02 19:32:29,btc,0.0,0.0,0.000000140000,btc,0.0,0.0,0.0,221
1,[],20,[],2019-04-08 06:21:28,10855582.1866,0.000000005,0.00000000000026301750000000005,7217597,2019-04-08 06:21:28,btc,100092.20565048323,0.0,0.000000005,btc,18022479.8359,0.0,0.0349899439598,224
0,[],22,[],2019-04-08 06:21:31,0.0,0,0,7217598,2019-04-08 06:21:31,,0.0,0.0,0,,0.0,0.0,0.0,224
1,[],26,[],2019-04-08 06:21:31,0.0,0.00000022,0.000000000011572770000000001,7217599,2019-04-08 06:21:31,btc,0.0,0.0,0.00000022,btc,0.0,0.0,0.0,231
1,[],26,[],2019-04-08 06:21:31,0.0,0.00000005,0.0000000000026301750000000004,7217600,2019-04-08 06:21:31,btc,0.0,100.0,0.00000005,btc,0.0,0.0,0.0,234
0,[],27,[],2019-04-08 06:21:31,0.0,0,0,7217601,2019-04-08 06:21:31,,0.0,0.0,0,,0.0,0.0,0.0,234
1,[],4,[],2019-04-08 06:21:32,17257741.1002946,0.00000081,0.000000000042608835,7217602,2019-04-08 06:21:32,btc,4.905341773884594,0.0,0.00000081,btc,1284869.80879253,0.05441313,0.3194481540196341,236
1,[],24,[],2019-04-08 06:21:32,0.0,0.000000500000,0.00000000002630175,7217603,2019-04-08 06:21:32,btc,0.0,0.0,0.000000500000,btc,0.0,0.0,0.0,236
1,[],20,[],2019-04-08 06:12:27,76833562.2784,0.000000036,0.0000000000018970595999999998,7217423,2019-04-08 06:12:27,btc,482.0047035976839,11625132.2954,0.000000036,btc,30945808.7071,0.397967049833,0.6663303924768,237
1,[],22,[],2019-04-08 06:12:31,795976.9,0.00000001,0.000000000000526961,7217424,2019-04-08 06:12:31,BTC,1.20377519,0.0,0.00000001,"BTC,LTC",18869.0,0.0,0.12586331,237
1,[],4,[],2019-04-08 06:21:33,4945804.94907347,0.00000034,0.00000000001788519,7217604,2019-04-08 06:21:33,btc,4.141565599942904,0.0,0.00000034,btc,7631618.47011547,0.65687431,1.0997596524029218,238
1,[],5,[],2019-04-08 06:21:35,0.0,0,0,7217605,2019-04-08 06:21:35,btc,0.0,0.01794505,0,btc,0.0,0.0,0.0,238
0,[],22,[],2019-03-12 16:49:32,0.0,0,0,6914458,2019-03-12 16:49:32,,0.40415746,0.0,0,,526736.5639027493,0.0,0.0,249
0.0000000001728559,[],22,[],2019-04-08 06:12:37,18951759.0,1.728559e-18,9.108831791989999e-23,7217427,2019-04-08 06:12:37,LTC,2.7230552,0.0,0.00000001,LTC,31476785.414074074,1.89811335231e-12,0.18951759,252
1,[],28,[],2019-04-08 06:21:38,1484307.399,0.00000110,0.00000000005786385000000001,7217606,2019-04-08 06:21:38,btc,164694.25575747603,633438.5964,0.00000110,btc,507967.64335962,0.0,0.87904324682,256
1,[],22,[],2019-04-08 06:21:41,1143358.5,0.00000002,0.0000000000010520700000000002,7217607,2019-04-08 06:21:41,BTC,21.75700264,0.0,0.00000002,BTC,545178.2454253442,0.0,0.01233363,258
1,[],22,[],2019-03-13 00:07:30,47146.0,0.00000001,0.000000000000387233,6917028,2019-03-13 00:07:30,BTC,2.415167,0.0,0.00000001,BTC,157.0,0.0,0.00047146,259
1,[],5,[],2019-04-08 06:21:43,0.0,0,0,7217608,2019-04-08 06:21:43,btc,0.0,0.12490581,0,btc,0.0,0.0,0.0,264
1,[],20,[],2019-04-08 06:21:45,1271152.0028,0.000001471,0.0000000000773797485,7217609,2019-04-08 06:21:45,btc,4.7138549784069,127100.1143,0.000001471,btc,89229.668,0.2919760588242,0.0390319693605,264
0,[],22,[],2019-04-08 06:21:49,0.0,0,0,7217610,2019-04-08 06:21:49,,66.41067466,0.0,0,,640842.4233983938,0.0,0.0,271
0,[],22,[],2019-04-08 06:22:04,0.0,0,0,7217611,2019-04-08 06:22:04,,111843.11266242,0.0,0,,14245627424.692,0.0,0.0,272
0.0000000000000062,[],28,[],2019-04-08 06:22:06,233362479557.083,2.728e-21,1.43502348e-25,7217612,2019-04-08 06:22:06,doge,44555827.733980656,27473099511.9579,0.00000044,doge,259481316424.3362,0.0,5.226147367923464e-10,272
1,[],22,[],2019-04-08 06:02:18,205832.0,0.00000017,0.000000000008926632000000001,7217253,2019-04-08 06:02:18,BTC,79.51581032,0.0,0.00000017,BTC,44251.28614701752,0.0021336,0.01653582,281
1,[],22,[],2019-04-08 06:22:10,922179.4623015873,0.00000009,0.000000000004734315000000001,7217613,2019-04-08 06:22:10,BTC,1.42849384,0.0,0.00000009,BTC,279685.1961962299,0.00114189,0.05780361,286
0,[],22,[],2019-04-08 06:13:06,0.0,0,0,7217436,2019-04-08 06:13:06,,1044974.57066254,0.0,0,,1132418521.4347825,0.0,0.0,294
