pairValue,buyBook,exchangeId,sellBook,updated,buyTotal,satoshiPrice,usdPrice,exchangeLogId,created,bestPair,sellTotalBtc,volume,pairPrice,activePairs,sellTotal,volumeBtc,buyTotalBtc,coinId
1,[],3,[],2019-08-21 05:19:51,962.559495458315,0.008000000000000000166533453693773481063544750213623046875,0.0000008173912,7919873,2019-08-21 05:19:51,btc,9.379124973701677,2.66347542667,0.008000000000000000166533453693773481063544750213623046875,btc,40.289440057625,0.0,0.27859109128800613,1
1,[],4,[],2019-08-21 05:19:52,25013.89477228,0.00795221,0.0000008125083093189999,7919874,2019-08-21 05:19:52,btc,12.766270695648943,0.0,0.00795221,btc,577.92630963,1.20655198,0.852336541341008,1
1,[],12,[],2019-08-21 05:19:56,124.28257265,0.00797999999999999924671367779183128732256591320037841796875,0.0000008153477219999998,7919875,2019-08-21 05:19:56,btc,0.25816422655960003,0.0,0.00797999999999999924671367779183128732256591320037841796875,btc,23.71569527,0.854888514801,0.2416742460586,1
1,[],20,[],2019-08-21 05:19:57,932.3528,0.00790225,0.000000807403701275,7919876,2019-08-21 05:19:57,btc,0.2376104379243,3.1833,0.00790225,btc,20.4111,0.0254820201703,0.1300200617988,1
1,[],21,[],2019-08-21 05:19:59,2123.31478137,0.007967830000000000398308053207,0.000000814104265637,7919877,2019-08-21 05:19:59,btc,9.608859584955834,1234.13832541,0.00796783000000000039830805320661966106854379177093505859375,"btc,eth",1766.08440957,9.624134503822987,14.308075434990291,1
1,[],22,[],2019-08-21 05:20:04,0.5198816666666667,0.00600000,0.0000006130434,7919878,2019-08-21 05:20:04,BTC,0.01700334,0.0,0.00600000,BTC,0.283670650841137,0.0,0.00302178,1
1,[],24,[],2019-08-21 05:20:04,0.0,0.000000000000,0,7919879,2019-08-21 05:20:04,btc,0.0,0.0,0.000000000000,btc,0.0,0.0,0.0,1
0.0,[],25,[],2019-08-21 05:20:08,0.0,0,0,7919880,2019-08-21 05:20:08,btc,42.47709999884146,17974.5001005,0.0,btc,5133.96697592,146.1942,0.0,1
1,[],26,[],2019-08-21 05:20:13,0.0,0,0,7919881,2019-08-21 05:20:13,,0.0,0.0,0,,0.0,0.0,0.0,1
1,[],28,[],2019-08-21 05:20:17,1040.4,0.008020000000,0.000000819434678,7919882,2019-08-21 05:20:17,btc,0.38023024096,2603.0,0.008020000000,btc,23.7255,0.0,0.274306096,1
1,[],10,[],2019-07-13 08:58:05,251434.9725798,0.00271069,0.00000031407274150500003,7812232,2019-07-13 08:58:05,btc,6515.317158446701,1686.04548878,0.00271069,btc,2002.66956917,0.0,1.2639712180673435,1
1,[],5,[],2019-07-06 00:27:44,0.0,0,0,7800775,2019-07-06 00:27:44,btc,0.0,0.00190933,0,btc,0.0,0.0,0.0,1
0,[],2,[],2019-01-20 23:28:45,0.0,0,0,6477011,2019-01-20 23:28:45,,0.0,0.0,0,,0.0,0.0,0.0,1
0,[],22,[],2019-08-21 05:17:00,0.0,0,0,7919786,2019-08-21 05:17:00,,0.0,0.0,0,,0.0,0.0,0.0,2
1,[],5,[],2019-07-06 00:28:14,0.0,0,0,7800785,2019-07-06 00:28:14,btc,0.0,0.00208797,0,btc,0.0,0.0,0.0,2
1,[],12,[],2019-08-21 05:17:02,6702154.73173329,0.00000006,0.0000000000061382399999999995,7919787,2019-08-21 05:17:02,btc,43032.80136355304,0.0,0.00000006,btc,9305901.17346529,0.012639730897,0.28989035612157743,3
0,[],28,[],2019-08-21 05:17:03,0.0,0,0,7919788,2019-08-21 05:17:03,,0.0,0.0,0,,0.0,0.0,0.0,3
1,[],5,[],2019-06-03 14:48:58,0.0,0,0,7731126,2019-06-03 14:48:58,btc,0.0,0.05905545,0,btc,0.0,0.0,0.0,3
0,[],2,[],2019-01-20 23:31:32,0.0,0,0,6477077,2019-01-20 23:31:32,,0.0,0.0,0,,0.0,0.0,0.0,4
1,[],4,[],2019-08-19 07:13:39,5576051.9095195,0.00000012,0.000000000012681852,7911861,2019-08-19 07:13:39,btc,25.86361324985451,0.0,0.00000012,btc,1094878.27526979,0.00024951,0.0793524101309535,4
0,[],2,[],2019-01-20 23:31:51,0.0,0,0,6477087,2019-01-20 23:31:51,,0.0,0.0,0,,0.0,0.0,0.0,6
1,[],11,[],2019-08-15 15:27:29,324074.0,0.00000001,0.0000000000010065590000000001,7900084,2019-08-15 15:27:29,btc,9583.47119397936,4910218.0,0.00000001,btc,78345418.50750598,0.0,0.00324074,6
1,[],3,[],2019-08-21 05:23:03,11388.114722593402,0.0000693099999999999987800036738150311066419817507266998291015625,0.000000007088250527999999,7919958,2019-08-21 05:23:03,btc,1026.302820930871,0.0,0.0000693099999999999987800036738150311066419817507266998291015625,btc,439.414759279976,0.0,0.0188231516003246,7
1,[],4,[],2019-08-21 05:23:03,47816.86791495,0.00008364,0.000000008553762432,7919959,2019-08-21 05:23:03,btc,12.32514316329419,0.0,0.00008364,btc,72756.30703697,0.87114849,2.1486450788839244,7
1,[],5,[],2019-07-06 00:28:21,0.0,0,0,7800789,2019-07-06 00:28:21,btc,0.0,0.38662001,0,btc,0.0,0.0,0.0,7
1,[],5,[],2019-07-05 17:50:59,0.0,0,0,7799863,2019-07-05 17:50:59,btc,0.0,0.04857279,0,btc,0.0,0.0,0.0,12
1,[],4,[],2019-08-21 05:23:05,22947470.7223422,0.00000021,0.000000000021476447999999998,7919960,2019-08-21 05:23:05,btc,5.834904063333238,0.0,0.00000021,btc,11547659.41878333,0.19540544,1.5179671629892455,12
0.0,[],25,[],2019-08-21 05:23:11,0.0,0,0,7919961,2019-08-21 05:23:11,,0.0,0.0,0.0,btc,0.0,0.0,0.0,12
0,[],2,[],2019-01-20 23:23:08,0.0,0,0,6476890,2019-01-20 23:23:08,,0.0,0.0,0,,0.0,0.0,0.0,12
1,[],4,[],2019-08-21 05:20:26,988560.16386507,0.00000121,0.000000000123630419,7919887,2019-08-21 05:20:26,btc,3.445684644425032,0.0,0.00000121,btc,931916.01245856,0.10451265,0.3359503271513364,13
1,[],21,[],2019-08-21 05:20:30,4141122.02247954,0.000001260000000000000006510091945,0.000000000128739114,7919888,2019-08-21 05:20:30,btc,3.9451207991930874,809917.08231005,0.000001260000000000000006510091944689211373997750342823565006256103515625,btc,2078268.23193602,1.0618925,1.6918875126810429,13
1,[],10,[],2019-08-21 04:59:30,787427.53170675,0.00000125,0.000000000128125,7919469,2019-08-21 04:59:30,btc,666797.3190169301,16920.4011439,0.00000125,btc,1006872.03169482,0.0,0.0866174627826718,13
1,[],4,[],2019-08-21 05:23:12,1466128.02637793,0.00000071,0.000000000072610848,7919962,2019-08-21 05:23:12,btc,2.546875140294872,0.0,0.00000071,btc,875263.94937085,0.05940085,0.2350130502769513,14
1,[],12,[],2019-08-21 05:23:13,213844.92998027,0.00000075,0.0000000000767016,7919963,2019-08-21 05:23:13,btc,181.98210252408393,0.0,0.00000075,btc,31548.5760854,0.000164081287,0.0181343778434746,14
0,[],17,[],2019-08-21 05:23:14,0.0,0,0,7919964,2019-08-21 05:23:14,btc,0.0,0.0,0,btc,0.0,0.0,0.0,14
1,[],26,[],2019-08-21 05:23:19,0.0,0,0,7919965,2019-08-21 05:23:19,,0.0,0.0,0,,0.0,0.0,0.0,14
,[],12,[],2018-12-01 15:15:48,204241.84496,0.00000489,0.000000000202473384,5260204,2018-12-01 15:15:48,btc,49.5475654835,0.0,,btc,35763.2193806,0.0163153972027625,0.0203389899998,15
0,[],4,[],2019-08-21 05:17:21,0.0,0,0,7919799,2019-08-21 05:17:21,,0.0,0.0,0,,0.0,0.0,0.0,15
1,[],4,[],2019-08-21 05:20:31,34596.24290123,0.00000713,0.000000000728499907,7919889,2019-08-21 05:20:31,btc,2.429605882342769,0.0,0.00000713,btc,23173.41622199,0.02462798,0.0454331929629584,18
1,[],10,[],2019-08-21 05:20:33,393632.95476194,0.0000073,0.00000000074586947,7919890,2019-08-21 05:20:33,btc,15.271790734696657,7209.26321896,0.0000073,btc,27092.46072934,0.0,0.2708921707563816,18
1,[],12,[],2019-08-21 05:20:34,4598.27285533,0.00000723000000000000023398817605713162492975243367254734039306640625,0.000000000738717297,7919891,2019-08-21 05:20:34,btc,0.565974859646112,0.0,0.00000723000000000000023398817605713162492975243367254734039306640625,btc,1901.90897517,0.000196137683,0.0106371892696603,18
0,[],17,[],2019-08-21 05:20:36,0.0,0,0,7919892,2019-08-21 05:20:36,btc,0.0,0.0,0,btc,0.0,0.0,0.0,18
0,[],2,[],2019-01-20 23:23:38,0.0,0,0,6476906,2019-01-20 23:23:38,,0.0,0.0,0,,0.0,0.0,0.0,18
1,[],3,[],2019-08-21 05:23:19,215782.85864153111,0.0000053000000000000000778023478975597981843748129904270172119140625,0.0000000005420246399999999,7919966,2019-08-21 05:23:19,btc,190.5821082459504,631.444025226,0.0000053000000000000000778023478975597981843748129904270172119140625,btc,51504.77945541187,0.0,0.3642905593359469,19
1,[],4,[],2019-08-21 05:23:20,560186.50099129,0.00000523,0.000000000534865824,7919967,2019-08-21 05:23:20,btc,3.069472083977426,0.0,0.00000523,btc,269361.53425863,0.08195215,1.512682734281541,19
1,[],12,[],2019-08-21 05:23:21,133098.94007528,0.0000055400000000000003210517789120626019894189084880053997039794921875,0.000000000566569152,7919968,2019-08-21 05:23:21,btc,0.3389138190971613,0.0,0.0000055400000000000003210517789120626019894189084880053997039794921875,btc,3200.8622266,0.002470642164,0.0245342299998834,19
0,[],27,[],2019-08-12 16:48:42,0.0,0,0,7891818,2019-08-12 16:48:42,,0.0,0.0,0,btc,0.0,0.0,0.0,19
0,[],2,[],2019-01-20 23:24:19,0.0,0,0,6476924,2019-01-20 23:24:19,,0.0,0.0,0,,0.0,0.0,0.0,19
1,[],5,[],2019-07-06 02:01:19,0.0,0,0,7800799,2019-07-06 02:01:19,btc,0.0,0.0,0,btc,0.0,0.0,0.0,19
1,[],4,[],2019-08-19 09:56:57,10479102.32813501,0.00000006,0.00000000000640596,7912317,2019-08-19 09:56:57,btc,4.984292824562718,0.0,0.00000006,btc,2305413.8842246,0.0,0.1263090499480169,20
0,[],4,[],2019-08-21 05:17:33,0.0,0,0,7919807,2019-08-21 05:17:33,,58251.862146129395,0.0,0,,172988063.31614378,0.0008485,0.0,21
0,[],12,[],2019-08-21 05:17:35,0.0,0,0,7919808,2019-08-21 05:17:35,btc,2617.972049630909,0.0,0,btc,8226239.88911087,0.0,0.0,21
0,[],17,[],2019-08-21 05:17:36,0.0,0,0,7919809,2019-08-21 05:17:36,btc,0.0,0.0,0,btc,0.0,0.0,0.0,21
1,[],12,[],2019-08-21 05:20:39,5887257741.509668,0.0000000019,0.00000000000019413041,7919896,2019-08-21 05:20:39,btc,167285803970.53506,0.0,0.0000000019,btc,1763130456.1318905,0.25209222829,4.998216197808569,23
0.0000000002204393,[],27,[],2019-07-29 17:24:02,79794022.5,8.5971327e-17,8.21370058158e-21,7852364,2019-07-29 17:24:02,eth,1253.5830452782222,787155.0,0.00000039,eth,2317982.66147653,6.7672759904685e-11,2.1948587434632156e-09,23
1,[],4,[],2019-08-21 05:20:40,6317266.96509104,0.00000039,0.000000000039847821,7919897,2019-08-21 05:20:40,btc,5.136258563474762,0.0,0.00000039,btc,1739256.65688735,0.02997541,0.2662044285278422,24
0,[],22,[],2019-08-21 05:20:44,0.0,0,0,7919898,2019-08-21 05:20:44,,0.0,0.0,0,,0.0,0.0,0.0,24
0.0,[],25,[],2019-08-21 05:20:46,0.0,0,0,7919899,2019-08-21 05:20:46,,0.0,0.0,0.0,btc,0.0,0.0,0.0,24
1,[],4,[],2019-08-21 04:59:59,26967250.41879536,0.00000349,0.000000000357725,7919490,2019-08-21 04:59:59,btc,4.414155230522845,0.0,0.00000349,btc,209758.16155954,0.10366021,0.4742775004051175,26
1,[],10,[],2019-08-21 05:00:02,221772.17718727,0.00000386,0.00000000039565,7919491,2019-08-21 05:00:02,btc,25.70844613852792,7082.00524021,0.00000386,btc,18345.90075627,0.0,0.0358196349039453,26
0,[],2,[],2019-01-20 23:25:56,0.0,0,0,6476976,2019-01-20 23:25:56,,0.0,0.0,0,,0.0,0.0,0.0,26
0.0000000000720903,[],4,[],2019-08-21 05:20:47,826397366.9862413,5.1905016e-17,5.3033379142823996e-21,7919900,2019-08-21 05:20:47,ltc,11.933314445270542,0.0,0.00000072,ltc,970720889.9878106,0.0,7.647597947701525e-09,29
1,[],7,[],2019-08-21 05:20:48,0.0,0,0,7919901,2019-08-21 05:20:48,btc,1236880.734218782,0.0,0,btc,60485285.765250355,0.0,0.0,29
1,[],4,[],2019-08-21 05:20:49,15036556.83756628,0.00000007,0.000000000007152173,7919902,2019-08-21 05:20:49,btc,2.6080203473237753,0.0,0.00000007,btc,2006655.85044338,0.0,0.1720253123988888,30
0,[],17,[],2019-08-21 05:20:51,0.0,0,0,7919903,2019-08-21 05:20:51,btc,0.0,0.0,0,btc,0.0,0.0,0.0,30
1,[],4,[],2019-08-21 05:12:41,212231.46255806,0.00002763,0.000000002829389364,7919714,2019-08-21 05:12:41,btc,2.287708541614432,0.0,0.00002763,btc,48772.322879,0.3838927,0.4746505305917935,31
1,[],21,[],2019-08-21 05:12:42,6272213.86787927,0.00002801000000000000117830224744,0.0000000028683024280000005,7919715,2019-08-21 05:12:42,btc,5.070837096449425,31492.85823781,0.00002801000000000000117830224743986633484382764436304569244384765625,btc,144430.58023655,0.89208556,4.864108606236349,31
0,[],2,[],2019-01-20 23:28:43,0.0,0,0,6477009,2019-01-20 23:28:43,,0.0,0.0,0,,0.0,0.0,0.0,32
1,[],12,[],2019-03-30 07:55:10,40641173.964,0.00000003,0.000000000001228359,7108785,2019-03-30 07:55:10,btc,4233210.82356125,0.0,0.00000003,btc,28378394.68333462,0.0126927883965248,0.90752895892,33
0,[],4,[],2019-08-21 05:06:51,0.0,0,0,7919606,2019-08-21 05:06:51,,0.0,0.0,0,,0.0,0.0,0.0,33
0.0000000000720903,[],4,[],2019-08-21 05:20:52,36714672.90933994,3.0277926e-17,3.0936137833313998e-21,7919904,2019-08-21 05:20:52,ltc,6.025786673996309,0.0,0.00000042,ltc,162508309.00128034,0.001098,4.1479281992032185e-10,34
1,[],5,[],2019-07-06 02:03:46,0.0,0,0,7800811,2019-07-06 02:03:46,btc,0.0,0.0,0,btc,0.0,0.0,0.0,34
1,[],27,[],2019-08-12 16:26:17,6255.0,0.00000019,0.000000000021630303,7891745,2019-08-12 16:26:17,btc,22.61101824371233,0.0,0.00000019,btc,4198.924835,0.0,0.00091445,37
1,[],4,[],2019-08-21 05:20:53,10580168.25953481,0.00000014,0.000000000014304346,7919905,2019-08-21 05:20:53,btc,19774.671923390957,0.0,0.00000014,btc,2320489.49374586,0.00260978,0.1418478769359412,37
1,[],12,[],2019-08-21 05:20:55,8363618.713051,0.00000015,0.000000000015326085,7919906,2019-08-21 05:20:55,btc,1729.3211126822025,0.0,0.00000015,btc,2033639.42433282,0.020992757809,0.2836275248378396,37
1,[],17,[],2019-08-21 05:20:56,210000.45146899,0.00000025,0.000000000025543475,7919907,2019-08-21 05:20:56,btc,0.003138923777095,0.0,0.00000025,"btc,eth",803.94918473,0.0,0.0001001128676174376,37
0,[],27,[],2019-08-12 16:26:27,0.0,0,0,7891747,2019-08-12 16:26:27,,0.001005,0.0,0,"btc,eth",3.0,0.0,0.0,42
1,[],12,[],2019-08-21 05:17:49,208463.61664303,0.000001030000000000000091033409109486651544784763245843350887298583984375,0.00000000010537312000000001,7919820,2019-08-21 05:17:49,btc,522.2365216328957,0.0,0.000001030000000000000091033409109486651544784763245843350887298583984375,btc,150952.70207019,0.021506718423,0.0506193001923827,42
1,[],5,[],2019-07-06 02:03:47,0.0,0,0,7800812,2019-07-06 02:03:47,btc,0.0,0.14382058,0,btc,0.0,0.0,0.0,42
1,[],12,[],2019-03-13 09:13:29,1112112.0,0.00000001,0.000000000000386531,6919902,2019-03-13 09:13:29,btc,29058.00478931866,0.0,0.00000001,btc,5967681.93306694,9.99000999e-07,0.01112112,43
1,[],5,[],2019-04-26 22:38:52,0.0,0,0,7474154,2019-04-26 22:38:52,btc,0.0,0.02638891,0,btc,0.0,0.0,0.0,43
0,[],17,[],2019-04-26 22:38:53,0.0,0,0,7474155,2019-04-26 22:38:53,btc,0.0,0.0,0,btc,0.0,0.0,0.0,43
0.0000000000720903,[],4,[],2019-08-21 05:20:57,107272258.87922525,5.5509531e-17,5.6716252694409e-21,7919908,2019-08-21 05:20:57,ltc,3637.1902536435987,0.0,0.00000077,ltc,24889139.05220427,0.0,3.916062921755432e-10,49
0.0000000000720903,[],4,[],2019-08-21 05:20:58,314918594.3404965,1.5859866e-17,1.6204643626974e-21,7919909,2019-08-21 05:20:58,ltc,31170.46115623108,0.0,0.00000022,ltc,231995649.56930357,0.0006986,5.819164352370079e-10,52
0,[],27,[],2019-08-12 16:26:37,0.0,0,0,7891750,2019-08-12 16:26:37,,0.0,0.0,0,"btc,eth",0.0,0.0,0.0,57
0,[],22,[],2019-08-21 05:21:01,0.0,0,0,7919910,2019-08-21 05:21:01,,10290.02779686,0.0,0,,282696231.3316013,0.0,0.0,57
0.0000000000720903,[],4,[],2019-08-21 05:21:02,1043928416.7552229,7.20903e-19,7.36574710317e-23,7919911,2019-08-21 05:21:02,ltc,19.7868601720226,0.0,0.00000001,ltc,5497257796.274327,0.0006986,7.525711274240904e-10,58
1,[],12,[],2019-08-21 05:21:03,1339233600.2145119,0.0000000001,0.00000000000001021739,7919912,2019-08-21 05:21:03,btc,52870546.04520495,0.0,0.0000000001,btc,4360308022.032004,0.001013394821,0.1339233600214512,58
1,[],17,[],2019-08-21 05:21:04,1200000.0,0.0000000001,0.00000000000001021739,7919913,2019-08-21 05:21:04,btc,1e+24,0.0,0.0000000001,"btc,eth",39506342.31952568,0.0,0.0001000000003699376,58
0.0000000000799889,[],22,[],2019-08-21 05:21:08,626877.0,7.99889e-19,8.17277786971e-23,7919914,2019-08-21 05:21:08,XMR,68.17454206,0.0,0.00000001,XMR,9626402.6,0.0,0.00626877,58
0,[],22,[],2019-08-21 05:21:10,0.0,0,0,7919915,2019-08-21 05:21:10,,1000.95212109,0.0,0,,9656.689066014545,0.0,0.0,61
1,[],26,[],2019-08-21 05:21:10,0.0,0,0,7919916,2019-08-21 05:21:10,,0.0,0.0,0,,0.0,0.0,0.0,61
1,[],28,[],2019-08-21 05:21:12,40000.0,0.00000004,0.0000000000040869559999999995,7919917,2019-08-21 05:21:12,btc,0.242343945415105,390.0,0.00000004,btc,8016.46650005,0.0,0.001,61
0,[],27,[],2019-07-29 19:34:56,0.0,0,0,7852673,2019-07-29 19:34:56,,1.97314195,0.0,0,"btc,eth",10936.9,0.0,0.0,61
1,[],5,[],2019-06-17 14:31:27,0.0,0,0,7740135,2019-06-17 14:31:27,btc,0.0,0.00079154,0,btc,0.0,0.0,0.0,61
1,[],4,[],2019-08-21 05:21:14,1822906.38922358,0.00000084,0.000000000085826076,7919918,2019-08-21 05:21:14,btc,2.818128425656351,0.0,0.00000084,btc,1169596.83401663,0.05850743,0.8473163312725983,67
0.0,[],25,[],2019-08-21 05:21:16,0.0,0,0,7919919,2019-08-21 05:21:16,,0.0,0.0,0.0,btc,0.0,0.0,0.0,67
1,[],12,[],2019-06-02 06:23:14,910048.355,0.00000006,0.000000000005154929999999999,7725270,2019-06-02 06:23:14,btc,5.167005424215783,0.0,0.00000006,btc,738530.60239759,0.003159757462,0.0187188113,71
,[],5,[],2018-11-20 23:02:39,1.5e-07,0.00000005,0.000000000002128045,4862160,2018-11-20 23:02:39,btc,2.84511358,0.0,,btc,0.00036572,0.0,0.07381892,74
1,[],5,[],2019-07-06 00:15:01,0.0,0,0,7800749,2019-07-06 00:15:01,btc,0.0,0.01883861,0,btc,0.0,0.0,0.0,75
1,[],4,[],2019-08-21 05:18:05,172169.87356207,0.00006806,0.00000000696281024,7919831,2019-08-21 05:18:05,btc,55.897275422212836,0.0,0.00006806,btc,114330.54243092,0.01778702,0.4157972253307804,82
1,[],21,[],2019-08-21 05:18:06,840272.39016071,0.00006383000000000000381372017300,0.00000000653006432,7919832,2019-08-21 05:18:06,btc,5.631899179911514,3378.55467964,0.000063830000000000003813720172995971324780839495360851287841796875,btc,64735.26410192,0.23080568,2.0584098508613393,82
0,[],4,[],2019-07-23 20:51:52,0.0,0,0,7830376,2019-07-23 20:51:52,,1.6413985531662756,0.0,0,,620289065.5915176,0.0,0.0,85
,[],22,[],2018-11-20 23:09:34,3408.1,0.0000001,0.0000000000041895,4862324,2018-11-20 23:09:34,BTC,0.04624735,0.0,,BTC,4990.0,0.0,0.00033081,86
1,[],22,[],2019-08-21 05:21:22,188880.0,0.00000002,0.0000000000020434779999999997,7919920,2019-08-21 05:21:22,BTC,1.8208034,0.0,0.00000002,BTC,775828.347368421,0.0,0.00192702,87
1,[],27,[],2019-08-06 12:06:36,100155.0,0.00000003,0.000000000003516594,7875448,2019-08-06 12:06:36,btc,7.177196150774,345.0,0.00000003,btc,287406.89336,1.035e-05,0.00300465,87
,[],2,[],2018-11-20 23:10:47,0.0,0,0,4862359,2018-11-20 23:10:47,,0.0,0.0,,,0.0,0.0,0.0,88
0,[],2,[],2019-01-20 23:31:45,0.0,0,0,6477083,2019-01-20 23:31:45,,0.0,0.0,0,,0.0,0.0,0.0,91
1,[],12,[],2019-08-21 05:21:23,424920.29172476,0.00000026,0.000000000026565213999999998,7919921,2019-08-21 05:21:23,btc,589.0196553122464,0.0,0.00000026,btc,329461.8088511,0.000457377432,0.020545921045095,91
0,[],17,[],2019-08-21 05:21:24,0.0,0,0,7919922,2019-08-21 05:21:24,btc,0.0,0.0,0,btc,0.0,0.0,0.0,91
1,[],22,[],2019-08-21 05:21:28,54200.0,0.00000003,0.000000000003065217,7919923,2019-08-21 05:21:28,BTC,1.05335,0.0,0.00000003,"BTC,LTC",1839.95,0.0,0.002326,91
0.0000000000720903,[],4,[],2019-08-21 05:21:28,568133893.2826959,1.0092642000000001e-17,1.0312045944438e-21,7919924,2019-08-21 05:21:28,ltc,11.472990414432513,0.0,0.00000014,ltc,205143634.49579614,0.000499,6.922714982736126e-10,96
0,[],12,[],2019-08-21 05:21:30,0.0,0,0,7919925,2019-08-21 05:21:30,btc,108.8725195656943,0.0,0,btc,11657485.56943056,0.0,0.0,96
0,[],17,[],2019-08-21 05:21:31,0.0,0,0,7919926,2019-08-21 05:21:31,btc,0.0,0.0,0,btc,0.0,0.0,0.0,96
1,[],4,[],2019-08-21 05:21:31,123485.34684906,0.00001315,0.000000001343586785,7919927,2019-08-21 05:21:31,btc,7.730193834149784,0.0,0.00001315,btc,194537.18122542,0.05743153,0.3962770656267139,100
0,[],2,[],2019-01-20 23:23:55,0.0,0,0,6476914,2019-01-20 23:23:55,,0.0,0.0,0,,0.0,0.0,0.0,100
1,[],22,[],2019-08-21 05:21:34,146000.0,0.00000002,0.0000000000020434779999999997,7919928,2019-08-21 05:21:34,BTC,26.50623849,0.0,0.00000002,BTC,10383.92,0.0,0.00162,101
1,[],27,[],2019-08-12 16:30:59,2050161.9,0.00000005,0.0000000000056921850000000005,7891762,2019-08-12 16:30:59,btc,261.32824567561846,0.0,0.00000005,btc,285690.80442935,0.0,0.060251537,105
1,[],12,[],2019-08-21 05:21:36,29562179.0,0.000000003,0.00000000000030652169999999996,7919929,2019-08-21 05:21:36,btc,339288.33709051984,0.0,0.000000003,btc,114261436.18403415,0.001353664516,0.035840617000000005,105
0,[],22,[],2019-08-21 05:07:48,0.0,0,0,7919635,2019-08-21 05:07:48,,6.79500102,0.0,0,,3375892.0833333335,0.0,0.0,112
1,[],27,[],2019-08-12 16:31:06,1.0,0.00000001,0.000000000001138437,7891764,2019-08-12 16:31:06,btc,0.0,0.0,0.00000001,"btc,eth",0.0,0.0,1e-08,112
1,[],5,[],2019-07-06 00:19:31,0.0,0,0,7800761,2019-07-06 00:19:31,btc,0.0,0.0,0,btc,0.0,0.0,0.0,112
1,[],4,[],2019-08-21 05:21:37,600933.31894869,0.00000096,0.000000000098086944,7919930,2019-08-21 05:21:37,btc,6.030413438288889,0.0,0.00000096,btc,948119.43926952,0.12581515,0.2689314578495855,113
1,[],5,[],2019-07-06 00:19:43,0.0,0,0,7800765,2019-07-06 00:19:43,btc,0.0,0.0,0,btc,0.0,0.0,0.0,113
1,[],17,[],2019-08-21 05:21:38,210000.0,0.00000001,0.000000000001021739,7919931,2019-08-21 05:21:38,btc,1.333354104365593,0.0,0.00000001,btc,53396.73574154,0.0,0.0021,116
1,[],27,[],2019-08-02 18:48:59,95525.16595526,0.00000001,0.000000000001045936,7866367,2019-08-02 18:48:59,btc,3918.96487209,0.0,0.00000001,btc,88497.69,0.0,0.0009552516595526,116
1,[],4,[],2019-08-21 05:21:39,19459996.42569163,0.00000083,0.000000000084804337,7919932,2019-08-21 05:21:39,btc,125.65988102214388,0.0,0.00000083,btc,1318338.02198947,0.01519283,1.859311477643656,120
1,[],7,[],2019-08-21 05:21:40,3486.14796983,0.0000075399999999999998070315289366849498264855355955660343170166015625,0.000000000770391206,7919933,2019-08-21 05:21:40,btc,115616.30054502479,0.0,0.0000075399999999999998070315289366849498264855355955660343170166015625,btc,3150.27387341,0.0,0.0087064046735582,120
1,[],4,[],2019-08-21 05:21:41,935284.95928993,0.00000269,0.000000000274847791,7919934,2019-08-21 05:21:41,btc,2.3806308311016986,0.0,0.00000269,btc,308036.56372315,0.03025738,0.1763337610428624,131
1,[],17,[],2019-08-21 05:21:42,10000.0,0.00000001,0.000000000001021739,7919935,2019-08-21 05:21:42,btc,0.0953976503951408,0.0,0.00000001,btc,5037.62507334,0.0,0.0001,131
0,[],2,[],2019-01-20 23:25:46,0.0,0,0,6476969,2019-01-20 23:25:46,,0.0,0.0,0,,0.0,0.0,0.0,131
1,[],4,[],2019-08-20 14:43:19,8549.6097675,0.00005121,0.0000000054409242329999995,7915998,2019-08-20 14:43:19,btc,0.2921428325204394,0.0,0.00005121,btc,235.83446249,0.0,0.0027602632940558,135
1,[],3,[],2019-07-13 16:51:20,187.26592867,0.00000001,0.000000000001140965,7813490,2019-07-13 16:51:20,btc,419.77407087449336,1935513.62324,0.00000001,btc,3179086.72005867,0.0,1.8726592866999999e-06,136
1,[],4,[],2019-08-21 05:21:43,795877.97229494,0.00000409,0.00000000041789125099999997,7919936,2019-08-21 05:21:43,btc,23.37468391991305,0.0,0.00000409,btc,522492.74324685,0.1539492,1.8597867342301895,137
1,[],12,[],2019-08-21 05:21:45,158771.64192657,0.00000377999999999999980777203902049254935491262585856020450592041015625,0.00000000038621734199999996,7919937,2019-08-21 05:21:45,btc,39.95364269913282,0.0,0.00000377999999999999980777203902049254935491262585856020450592041015625,btc,56859.94029573,0.002787969331,0.0188255072552456,137
1,[],4,[],2019-08-21 05:21:45,616426.58022344,0.00003436,0.0000000035106952039999998,7919938,2019-08-21 05:21:45,btc,5.723184651705711,0.0,0.00003436,btc,101998.99806865,0.98649699,1.653886311262237,142
1,[],17,[],2019-08-21 05:21:47,32967.38636364,0.00000088,0.000000000089913032,7919939,2019-08-21 05:21:47,btc,20.06976206561467,0.0,0.00000088,btc,2746.079105,0.0,0.0105613000000032,142
1,[],20,[],2019-08-21 05:21:49,110169.6815,0.000034,0.0000000034739126,7919940,2019-08-21 05:21:49,btc,1.2642715524633,19.9,0.000034,btc,3210.2892,0.0006766,0.0157802444985,142
1,[],22,[],2019-08-21 05:21:52,10619.88,0.00000200,0.0000000002043478,7919941,2019-08-21 05:21:52,BTC,1.55898515,0.0,0.00000200,BTC,835.8398331062671,0.0,0.00416696,142
0.0,[],25,[],2019-08-21 05:21:54,0.0,0,0,7919942,2019-08-21 05:21:54,,0.0,0.0,0.0,btc,0.0,0.0,0.0,142
1,[],28,[],2019-08-21 05:21:56,10093636.0,0.000035010000,0.0000000035771082389999997,7919943,2019-08-21 05:21:56,btc,0.51474502,3597.0,0.000035010000,btc,2808.485,0.0,1.39650526,142
1,[],5,[],2019-07-06 02:06:10,0.0,0,0,7800822,2019-07-06 02:06:10,btc,0.0,0.00140707,0,btc,0.0,0.0,0.0,142
0,[],22,[],2019-08-21 05:21:59,0.0,0,0,7919944,2019-08-21 05:21:59,,68.14027224,0.0,0,,718000153.5744588,0.0,0.0,143
0,[],22,[],2019-02-25 15:42:22,0.0,0,0,6783783,2019-02-25 15:42:22,,4.2131946,0.0,0,,2322156.0,0.0,0.0,146
,[],22,[],2018-11-20 23:01:11,0.0,0,0,4862114,2018-11-20 23:01:11,,2.56807021,0.0,,,61828.4988236,0.0,0.0,147
1,[],12,[],2019-04-21 06:38:04,193091.5971266,0.00000071,0.000000000037635183,7388679,2019-04-21 06:38:04,btc,2.301232411611175,0.0,0.00000071,btc,9957.48302385,0.00023528,0.0313308199999888,148
1,[],5,[],2019-04-26 09:36:59,0.0,0,0,7465040,2019-04-26 09:36:59,btc,0.0,0.0,0,btc,0.0,0.0,0.0,153
0,[],22,[],2019-08-21 05:22:03,0.0,0,0,7919945,2019-08-21 05:22:03,,6.78813965,0.0,0,,4560228.592592592,0.0,0.0,156
0,[],23,[],2019-01-20 23:24:29,0.0,0,0,6476932,2019-01-20 23:24:29,,0.0,0.0,0,,0.0,0.0,0.0,156
1,[],22,[],2019-08-21 05:22:06,6996.0,0.00000001,0.0000000000010217389999999999,7919946,2019-08-21 05:22:06,BTC,1.7547719,0.0,0.00000001,BTC,64.8,0.0,6.996e-05,157
0,[],22,[],2019-08-17 00:05:41,0.0,0,0,7905012,2019-08-17 00:05:41,,50234.60468402,0.0,0,,54786159.03179465,0.0,0.0,158
,[],17,[],2018-11-20 22:56:10,0.0,0,0,4861976,2018-11-20 22:56:10,btc,1.1265625,0.0,,btc,1000.0,0.0,0.0,159
,[],20,[],2018-11-20 22:56:12,0.0,0,0,4861977,2018-11-20 22:56:12,btc,11912.7940471,0.0,,btc,34413894.3617,0.0,0.0,159
1,[],22,[],2019-08-21 05:22:11,92548.0,0.00000001,0.0000000000010217389999999999,7919947,2019-08-21 05:22:11,BTC,12.83793936,0.0,0.00000001,"BTC,LTC",194574.84947371835,0.0,0.03674548,171
0.0000000000720903,[],22,[],2019-08-21 05:22:14,144000.0,3.604515e-18,3.682873551585e-22,7919948,2019-08-21 05:22:14,LTC,1.7468213,0.0,0.00000005,LTC,1318220.8536050986,0.0,0.00344,173
1,[],5,[],2019-07-06 02:08:45,0.0,0,0,7800830,2019-07-06 02:08:45,btc,0.0,0.00700197,0,btc,0.0,0.0,0.0,175
0,[],22,[],2019-08-19 04:17:22,0.0,0,0,7911532,2019-08-19 04:17:22,,393.97295672,0.0,0,,135375.61833431243,0.0,0.0,176
1,[],7,[],2019-07-01 10:15:32,0.0,0,0,7783526,2019-07-01 10:15:32,btc,521516.2326888725,0.0,0,btc,26809253.73522063,0.0,0.0,178
0,[],2,[],2019-01-20 23:28:34,0.0,0,0,6477001,2019-01-20 23:28:34,,0.0,0.0,0,,0.0,0.0,0.0,178
0,[],22,[],2019-08-21 05:18:56,0.0,0,0,7919856,2019-08-21 05:18:56,,1.00255534,0.0,0,,112828.0,0.0,0.0,178
1,[],5,[],2019-07-06 02:08:50,0.0,0,0,7800832,2019-07-06 02:08:50,btc,0.0,6.904e-05,0,btc,0.0,0.0,0.0,179
0,[],22,[],2019-08-21 05:14:32,0.0,0,0,7919762,2019-08-21 05:14:32,,10.33080644,0.0,0,,14921836.231946677,0.0,0.0,179
0,[],23,[],2019-01-20 23:25:08,0.0,0,0,6476952,2019-01-20 23:25:08,,0.0,0.0,0,,0.0,0.0,0.0,179
1,[],17,[],2019-08-21 05:18:57,20504.725000000002,0.0000001,0.0000000000102304,7919857,2019-08-21 05:18:57,btc,5.201612863967515,0.0,0.0000001,btc,5019.40125,0.0,0.0011504725,180
1,[],22,[],2019-08-21 05:19:02,761970.8577922077,0.00000049,0.00000000005012896,7919858,2019-08-21 05:19:02,BTC,2.96186825,0.0,0.00000049,"BTC,LTC",237563.03096771595,0.00013381,0.60868611,180
1,[],26,[],2019-08-21 05:19:02,0.0,0,0,7919859,2019-08-21 05:19:02,,0.0,0.0,0,,0.0,0.0,0.0,180
,[],7,[],2018-11-20 22:58:01,562227.975654,0.00000085,0.000000000036176765,4862015,2018-11-20 22:58:01,btc,21836.6059674,2491.87645172,,btc,749999.041456,0.00211021,0.127565380455,183
,[],5,[],2019-01-10 08:11:41,0.0,0,0,6347036,2019-01-10 08:11:41,btc,82.15055501,0.00261,,btc,1.19002445,0.0,0.0,187
,[],17,[],2018-11-16 20:58:10,4062536.27273,0.00000001,0.000000000000550501,4708775,2018-11-16 20:58:10,btc,3.36492563466,0.195460381006,,"btc,eth",110697919.549,0.0,0.0157628953496,187
1,[],24,[],2019-05-22 21:04:52,0.0,0.000000000014,0.0000000000000010960978,7670219,2019-05-22 21:04:52,btc,0.0,0.0,0.000000000014,btc,0.0,0.0,0.0,187
0,[],23,[],2019-01-20 23:31:41,0.0,0,0,6477079,2019-01-20 23:31:41,,0.0,0.0,0,,0.0,0.0,0.0,199
0,[],22,[],2019-08-21 05:22:17,0.0,0,0,7919949,2019-08-21 05:22:17,,6.22011878,0.0,0,,40771826.0,0.0,0.0,199
1,[],26,[],2019-08-21 05:22:18,0.0,0,0,7919950,2019-08-21 05:22:18,,0.0,0.0,0,,0.0,0.0,0.0,199
1,[],4,[],2019-01-25 15:51:35,2084389.58565343,0.00000936,0.000000000333526752,6499557,2019-01-25 15:51:35,btc,2.0092503037378524,0.0,0.00000936,btc,160195.80207885,0.19272417,1.242687955921835,211
1,[],7,[],2019-07-01 02:21:28,1170054124.6898527,0.00000018,0.000000000019815389999999997,7782694,2019-07-01 02:21:28,btc,1346735.6331920293,0.0,0.00000018,btc,5516233.71348162,0.0,11.954344045954047,212
0,[],22,[],2019-08-19 07:38:07,0.0,0,0,7911940,2019-08-19 07:38:07,,6.8412543,0.0,0,,3272264.174064925,0.0,0.0,216
1,[],27,[],2019-08-12 16:37:52,320029.088,0.00000001,0.000000000001138437,7891783,2019-08-12 16:37:52,btc,176.0318120012664,0.0,0.00000001,"btc,ltc",485496.05456794,0.0,0.00320029088,216
1,[],22,[],2019-08-21 05:22:25,477059.7923076923,0.00000015,0.000000000015326085,7919951,2019-08-21 05:22:25,BTC,12055.7623205,0.0,0.00000015,BTC,447101.14467048226,0.0005406,0.01850145,217
0,[],22,[],2019-08-21 05:22:29,0.0,0,0,7919952,2019-08-21 05:22:29,,4.14997484,0.0,0,,126244.70709740352,0.0,0.0,221
1,[],24,[],2019-08-21 05:22:29,0.0,0.000000010000,0.0000000000010217389999999999,7919953,2019-08-21 05:22:29,btc,0.0,0.0,0.000000010000,btc,0.0,0.0,0.0,221
1,[],26,[],2019-08-21 05:22:30,0.0,0,0,7919954,2019-08-21 05:22:30,,0.0,0.0,0,,0.0,0.0,0.0,231
0.0000000001859265,[],27,[],2019-08-12 16:38:10,100.0,1.859265e-18,2.1166560688050002e-22,7891787,2019-08-12 16:38:10,eth,0.0,0.0,0.00000001,"btc,eth",0.0,0.0,1.8592649999999999e-16,234
1,[],26,[],2019-08-21 05:19:15,0.0,0,0,7919866,2019-08-21 05:19:15,,0.0,0.0,0,,0.0,0.0,0.0,234
1,[],5,[],2019-07-06 02:11:21,0.0,0,0,7800842,2019-07-06 02:11:21,btc,0.0,0.10652887,0,btc,0.0,0.0,0.0,237
1,[],20,[],2019-08-21 05:19:17,94221341.1609,0.000000039,0.000000000003989856,7919867,2019-08-21 05:19:17,btc,514.73917149541,1205905.3702,0.000000039,btc,29210893.3777,0.0470887877878,0.4828253897034,237
1,[],22,[],2019-08-21 05:19:21,1839335.0,0.00000001,0.00000000000102304,7919868,2019-08-21 05:19:21,BTC,1.2037398,0.0,0.00000001,"BTC,LTC",41039.44871794872,0.0,0.01839335,237
1,[],5,[],2019-07-06 02:11:32,0.0,0,0,7800846,2019-07-06 02:11:32,btc,0.0,0.05525444,0,btc,0.0,0.0,0.0,238
1,[],4,[],2019-08-18 21:55:28,28766182.9187235,0.00000006,0.0000000000062177580000000004,7910606,2019-08-18 21:55:28,btc,2.1262004590211685,0.0,0.00000006,btc,15667280.40051822,0.02567584,0.5811165339764514,238
0.0000000000711565,[],22,[],2019-08-17 13:20:25,419253.0,7.115650000000001e-19,7.3700771814e-23,7906682,2019-08-17 13:20:25,LTC,0.40427224,0.0,0.00000001,LTC,496363.0639027493,0.0,0.00419253,249
0,[],22,[],2019-08-21 05:22:33,0.0,0,0,7919955,2019-08-21 05:22:33,,13.4488406,0.0,0,,43819581.3426455,0.0,0.0,252
1,[],28,[],2019-08-21 05:19:25,3938023.43,0.00000009,0.00000000000920736,7919870,2019-08-21 05:19:25,btc,4.923707494831,456965.551,0.00000009,btc,2793773.7862,0.0,0.19492804836,256
0.0000000000916764,[],22,[],2019-07-23 20:12:22,1517.0,9.16764e-19,9.31930943616e-23,7830286,2019-07-23 20:12:22,LTC,31474.63788373,0.0,0.00000001,LTC,1024398.9185893413,0.0,1.517e-05,258
1,[],20,[],2019-08-21 05:22:35,982878.1972,0.000000138,0.000000000014099998199999999,7919956,2019-08-21 05:22:35,btc,0.535503964084,11534.7409,0.000000138,btc,110216.0538,0.0022098214446,0.0066308748623,264
1,[],5,[],2019-07-02 14:44:15,0.0,0,0,7788374,2019-07-02 14:44:15,btc,0.0,0.02775788,0,btc,0.0,0.0,0.0,264
0,[],22,[],2019-08-21 05:14:59,0.0,0,0,7919774,2019-08-21 05:14:59,,33050469.74148113,0.0,0,,14261527780.7,0.0,0.0,272
0.0000000000000026039999999999997,[],28,[],2019-08-21 05:15:01,90943227723.576,3.1248e-22,3.1998826944e-26,7919775,2019-08-21 05:15:01,doge,1708945265972337.8,157166144.3,0.00000012,doge,67377490218.889,0.0,1.678217631588633e-11,272
0,[],22,[],2019-08-21 05:22:38,0.0,0,0,7919957,2019-08-21 05:22:38,,73.46372129,0.0,0,,1350777.6287135023,0.0,0.0,286
