pairValue,buyBook,exchangeId,sellBook,updated,buyTotal,satoshiPrice,usdPrice,exchangeLogId,created,bestPair,sellTotalBtc,volume,pairPrice,activePairs,sellTotal,volumeBtc,buyTotalBtc,coinId
1,[],3,[],2019-05-13 02:53:21,32397.966297098064,0.01065370000000000032247537973262296873144805431365966796875,0.00000074865147955,7622329,2019-05-13 02:53:21,btc,3.4341617586778055,127.260046126,0.01065370000000000032247537973262296873144805431365966796875,btc,18.678425459773003,0.0,0.49409573856413486,1
1,[],4,[],2019-05-13 02:53:23,251118.62725488,0.01075996,0.00000075611852914,7622330,2019-05-13 02:53:23,btc,8.62366982546382,0.0,0.01075996,btc,388.72489508,1.09171811,0.5271139196994538,1
1,[],5,[],2019-05-13 02:53:25,0.0,0,0,7622331,2019-05-13 02:53:25,btc,0.0,0.05133346,0,btc,0.0,0.0,0.0,1
1,[],10,[],2019-05-13 02:53:27,256863.88609417,0.00917465,0.000000644716417475,7622332,2019-05-13 02:53:27,btc,6525.40429555698,1487.71304241,0.00917465,btc,1483.71746541,0.0,3.5681197940615403,1
1,[],12,[],2019-05-13 02:53:30,73.98538588,0.01077000000000000005939693181744587491266429424285888671875,0.000000756824055,7622333,2019-05-13 02:53:30,btc,0.1378580859862,0.0,0.01077000000000000005939693181744587491266429424285888671875,btc,9.0529604,1.1178974574071,0.3403124167405,1
1,[],20,[],2019-05-13 02:53:33,974.0644,0.010700243,0.0000007519221259745,7622334,2019-05-13 02:53:33,btc,0.0786411484287,0.1344,0.010700243,btc,5.1861,0.001603739479,0.1704148674414,1
1,[],21,[],2019-05-13 02:53:36,2163.07755995,0.01083069000000000045580428321,0.000000761088832335,7622335,2019-05-13 02:53:36,btc,14.27323156722783,11037.57881755,0.0108306900000000004558042832059072679840028285980224609375,"btc,eth",1545.69556382,116.49581039267005,15.952639731890992,1
0,[],22,[],2019-05-13 02:53:40,0.0,0,0,7622336,2019-05-13 02:53:40,,0.3163308,0.0,0,,0.2527518593615956,0.0,0.0,1
1,[],24,[],2019-05-13 02:53:40,0.0,0.000000000000,0,7622337,2019-05-13 02:53:40,btc,0.0,0.0,0.000000000000,btc,0.0,0.0,0.0,1
0.0,[],25,[],2019-05-13 02:53:41,0.0,0,0,7622338,2019-05-13 02:53:41,btc,10.599999999629723,2756.14379461,0.0,btc,943.93876043,29.806,0.0,1
1,[],26,[],2019-05-13 02:53:43,0.0,0,0,7622339,2019-05-13 02:53:43,,0.0,0.0,0,,0.0,0.0,0.0,1
1,[],28,[],2019-05-13 02:54:21,987.9,0.01131000,0.000000794770665,7622340,2019-05-13 02:54:21,btc,0.160832048,349912.8,0.01131000,btc,8.7307,0.0,0.024551096,1
0,[],2,[],2019-01-20 23:28:45,0.0,0,0,6477011,2019-01-20 23:28:45,,0.0,0.0,0,,0.0,0.0,0.0,1
1,[],5,[],2019-05-13 02:54:22,0.0,0,0,7622341,2019-05-13 02:54:22,btc,0.0,0.00016221,0,btc,0.0,0.0,0.0,2
1,[],22,[],2019-05-13 02:54:26,12625.0,0.00000018,0.00000000001264887,7622342,2019-05-13 02:54:26,BTC,21.00846647,0.0,0.00000018,"BTC,XMR",24148.96059725142,0.0,0.00158221,2
1,[],5,[],2019-05-13 02:54:28,0.0,0,0,7622343,2019-05-13 02:54:28,btc,0.0,0.29215218,0,btc,0.0,0.0,0.0,3
1,[],12,[],2019-05-13 02:54:29,3579222.76036,0.000000133,0.0000000000093461095,7622344,2019-05-13 02:54:29,btc,11597.365065152175,0.0,0.000000133,btc,3446509.78186245,0.09338242094608235,0.35679595932608,3
0,[],28,[],2019-05-13 02:54:31,0.0,0,0,7622345,2019-05-13 02:54:31,,0.0,0.0,0,,0.0,0.0,0.0,3
0,[],2,[],2019-01-20 23:31:32,0.0,0,0,6477077,2019-01-20 23:31:32,,0.0,0.0,0,,0.0,0.0,0.0,4
1,[],4,[],2019-04-26 19:14:12,610911.70993152,0.00000026,0.000000000013566046,7471614,2019-04-26 19:14:12,btc,31.457742656463164,0.0,0.00000026,btc,718733.71307795,0.00142695,0.0638464483338706,4
0,[],12,[],2019-04-25 23:08:22,0.0,0,0,7459310,2019-04-25 23:08:22,btc,1111851.94727753,0.0,0,btc,953412.0,0.0,0.0,5
0,[],2,[],2019-01-20 23:31:51,0.0,0,0,6477087,2019-01-20 23:31:51,,0.0,0.0,0,,0.0,0.0,0.0,6
1,[],11,[],2019-05-12 00:02:31,5042415.307535999,0.00000001,0.00000000000072476,7617400,2019-05-12 00:02:31,btc,9576.518911699495,10000.0,0.00000001,btc,47478529.75253575,0.0,0.05042415307536,6
1,[],3,[],2019-05-13 02:54:32,11123.12745060058,0.000121830000000000004153725974287425515285576693713665008544921875,0.000000008561176845,7622346,2019-05-13 02:54:32,btc,14.357294429986169,74.2247196733,0.000121830000000000004153725974287425515285576693713665008544921875,btc,344.256531411478,0.0,0.033289305166927845,7
1,[],4,[],2019-05-13 02:54:33,68634.67164436,0.00013441,0.000000009445192315,7622347,2019-05-13 02:54:33,btc,8.027203481311503,0.0,0.00013441,btc,36668.12120184,3.5920586,4.390089423165667,7
1,[],5,[],2019-05-13 02:54:34,0.0,0,0,7622348,2019-05-13 02:54:34,btc,0.0,0.69462118,0,btc,0.0,0.0,0.0,7
1,[],20,[],2019-04-07 22:06:50,3201475.0482,0.000000001,0.000000000000051590000000000004,7213932,2019-04-07 22:06:50,btc,30.8005781811902,0.0,0.000000001,btc,23077405.3926,0.0,0.0032014750482,8
0,[],2,[],2019-01-20 23:22:42,0.0,0,0,6476876,2019-01-20 23:22:42,,0.0,0.0,0,,0.0,0.0,0.0,9
0,[],23,[],2019-01-20 23:22:48,0.0,0,0,6476878,2019-01-20 23:22:48,,0.0,0.0,0,,0.0,0.0,0.0,9
1,[],1,[],2019-02-17 23:31:42,1822507.21,0.00000181000000000000003456111265232042484285557293333113193511962890625,0.000000000066086901,6701244,2019-02-17 23:31:42,btc,3.6990969245,17153386.5,0.00000181000000000000003456111265232042484285557293333113193511962890625,btc,1997391.71,31.11772986,3.2610482446,9
1,[],4,[],2019-05-13 02:54:36,23446442.76469774,0.00000061,0.000000000042865615,7622349,2019-05-13 02:54:36,btc,3.65841056227627,0.0,0.00000061,btc,2938652.27259563,0.72291549,0.7259817143693293,9
1,[],28,[],2019-05-13 02:55:15,18055.0,0.00000021,0.000000000014757015,7622350,2019-05-13 02:55:15,btc,2708.775233808764,3672801.0,0.00000021,btc,25766.3492,0.0,0.00186155,9
1,[],4,[],2019-02-17 11:22:43,4341674.27126056,0.00000002,0.0000000000007272960000000001,6696112,2019-02-17 11:22:43,btc,0.1997230937751353,0.0,0.00000002,btc,4109766.79808031,0.00215132,0.0479381022052112,10
0,[],2,[],2019-01-20 23:23:08,0.0,0,0,6476890,2019-01-20 23:23:08,,0.0,0.0,0,,0.0,0.0,0.0,12
1,[],4,[],2019-05-13 02:55:17,6994839.60908066,0.00000081,0.000000000056919915,7622351,2019-05-13 02:55:17,btc,6.454819091993382,0.0,0.00000081,btc,4662934.83965901,1.28243944,2.9087647141221655,12
1,[],5,[],2019-05-13 02:55:18,0.0,0,0,7622352,2019-05-13 02:55:18,btc,0.0,0.05620112,0,btc,0.0,0.0,0.0,12
0.0,[],25,[],2019-05-13 02:55:20,0.0,0,0,7622353,2019-05-13 02:55:20,,0.0,0.0,0.0,btc,0.0,0.0,0.0,12
1,[],10,[],2019-05-12 21:06:24,696987.62307203,0.00000581,0.000000000415510865,7621313,2019-05-12 21:06:24,btc,666793.6476936387,20471.4248879,0.00000581,btc,738452.6838612,0.0,0.4730972016005682,13
1,[],4,[],2019-05-13 02:55:20,32135231.59425785,0.00000588,0.00000000041319642,7622354,2019-05-13 02:55:20,btc,2.962260295003331,0.0,0.00000588,btc,363227.0281126,0.68839055,0.913646725848359,13
1,[],21,[],2019-05-13 02:55:25,2571881.44937488,0.000006000000000000000152005144582,0.000000000421629,7622355,2019-05-13 02:55:25,btc,5.142706754946377,939257.65088307,0.00000600000000000000015200514458246772164784488268196582794189453125,btc,777971.3842015701,5.60591386,12.45993702816006,13
1,[],4,[],2019-05-13 02:55:25,998379.89713081,0.00000080,0.0000000000562172,7622356,2019-05-13 02:55:25,btc,7.154529625856162,0.0,0.00000080,btc,1219514.11314477,0.03122295,0.1560278155817349,14
1,[],12,[],2019-05-13 02:55:27,246864.17171713,0.00000082,0.00000000005762263,7622357,2019-05-13 02:55:27,btc,0.117975938334866,0.0,0.00000082,btc,14045.23656591,0.00092782,0.0234449899999814,14
1,[],26,[],2019-05-13 02:57:28,0.0,0.00000050,0.00000000003513575,7622358,2019-05-13 02:57:28,btc,0.0,0.0,0.00000050,btc,0.0,0.0,0.0,14
0,[],17,[],2019-05-03 00:53:32,0.0,0,0,7558876,2019-05-03 00:53:32,btc,0.0,0.0,0,btc,0.0,0.0,0.0,14
,[],12,[],2018-12-01 15:15:48,204241.84496,0.00000489,0.000000000202473384,5260204,2018-12-01 15:15:48,btc,49.5475654835,0.0,,btc,35763.2193806,0.0163153972027625,0.0203389899998,15
0,[],4,[],2019-05-13 02:57:30,0.0,0,0,7622359,2019-05-13 02:57:30,,0.0,0.0,0,,0.0,0.0,0.0,15
0,[],2,[],2019-01-20 23:23:38,0.0,0,0,6476906,2019-01-20 23:23:38,,0.0,0.0,0,,0.0,0.0,0.0,18
1,[],4,[],2019-05-13 02:57:31,37499.25724397,0.00001115,0.0000000007835272249999999,7622360,2019-05-13 02:57:31,btc,1.114256073519252,0.0,0.00001115,btc,14674.61668821,0.08774711,0.0845910149860042,18
1,[],10,[],2019-05-13 02:57:32,334110.8766408,0.00001498,0.00000000105266707,7622361,2019-05-13 02:57:32,btc,15.4121837819784,2025.18656207,0.00001498,btc,10157.46835075,0.0,0.5009076251749479,18
1,[],12,[],2019-05-13 02:57:34,222408.1917308,0.000011019999999999999522500016002624079192173667252063751220703125,0.00000000077439193,7622362,2019-05-13 02:57:34,btc,33215.12476909253,0.0,0.000011019999999999999522500016002624079192173667252063751220703125,btc,1539.79252362,0.0058302991232155,0.0171218110815764,18
0,[],17,[],2019-05-03 00:53:39,0.0,0,0,7558882,2019-05-03 00:53:39,btc,0.0,0.0,0,btc,0.0,0.0,0.0,18
0,[],2,[],2019-01-20 23:24:19,0.0,0,0,6476924,2019-01-20 23:24:19,,0.0,0.0,0,,0.0,0.0,0.0,19
1,[],3,[],2019-05-13 02:59:35,163659.38517496947,0.000012809999999999999325032105923494185617528273724019527435302734375,0.0000000009001779149999999,7622363,2019-05-13 02:59:35,btc,0.25708656762487975,945.525562509,0.000012809999999999999325032105923494185617528273724019527435302734375,btc,7230.88629889726,0.0,0.10078447798992558,19
1,[],4,[],2019-05-13 02:59:36,456056.831513,0.00001216,0.00000000085450144,7622364,2019-05-13 02:59:36,btc,3.170695942885028,0.0,0.00001216,btc,107056.72303321,0.21457033,1.0475178493165127,19
1,[],5,[],2019-05-13 02:59:37,0.0,0,0,7622365,2019-05-13 02:59:37,btc,0.0,0.01377881,0,btc,0.0,0.0,0.0,19
1,[],12,[],2019-05-13 02:59:38,205554.9568957,0.000010040000000000000435055637348913393225302570499479770660400390625,0.00000000070552586,7622366,2019-05-13 02:59:38,btc,0.3003713252673526,0.0,0.000010040000000000000435055637348913393225302570499479770660400390625,btc,3065.34453584,0.0,0.0805355099998401,19
1,[],27,[],2019-05-13 02:59:43,100.0,0.0000001,0.00000000000702715,7622367,2019-05-13 02:59:43,btc,0.0,0.0,0.0000001,btc,0.0,0.0,1e-05,19
1,[],4,[],2019-05-13 02:59:45,1835078.57391266,0.00000009,0.000000000006324435,7622368,2019-05-13 02:59:45,btc,5.279309685630553,0.0,0.00000009,btc,2279170.28595418,0.0,0.0608465352282092,20
1,[],4,[],2019-05-13 02:59:46,73821465.25151692,0.00000001,0.000000000000702715,7622369,2019-05-13 02:59:46,btc,1774.0397226388775,0.0,0.00000001,btc,57725133.54345615,0.0006285,0.7382146525151692,21
1,[],12,[],2019-05-13 02:59:47,5138002.0,0.00000001,0.000000000000702715,7622370,2019-05-13 02:59:47,btc,2895.6605589658043,0.0,0.00000001,btc,7177923.54745251,0.000590985014985,0.05138002,21
0,[],17,[],2019-05-03 00:53:51,0.0,0,0,7558891,2019-05-03 00:53:51,btc,0.0,0.0,0,btc,0.0,0.0,0.0,21
1,[],12,[],2019-05-13 03:01:49,7486662625.0,0.0000000004,0.0000000000000281086,7622371,2019-05-13 03:01:49,btc,311118500152.2805,0.0,0.0000000004,btc,2753062163.53706,0.05848090668481922,1.7297641734,23
0.0000000002690683,[],27,[],2019-05-13 03:01:55,57376281.0,5.381366e-18,3.78156660869e-22,7622372,2019-05-13 03:01:55,eth,192.6141885716391,1341392259.1426742,0.00000002,eth,15367478.992711,1.4437045393182272e-08,1.83160929257923e-10,23
1,[],4,[],2019-05-13 03:01:57,822910.67007968,0.00000030,0.00000000002108145,7622373,2019-05-13 03:01:57,btc,13.878628401307848,0.0,0.00000030,btc,2051380.29394104,0.00350394,0.0441232667147816,24
1,[],22,[],2019-05-13 03:02:00,21.76,0.00000100,0.0000000000702715,7622374,2019-05-13 03:02:00,BTC,7.415e-05,0.0,0.00000100,BTC,23.919354838709676,0.0,1.186e-05,24
0.0,[],25,[],2019-05-13 03:02:02,0.0,0,0,7622375,2019-05-13 03:02:02,,0.0,0.0,0.0,btc,0.0,0.0,0.0,24
0,[],2,[],2019-01-20 23:25:56,0.0,0,0,6476976,2019-01-20 23:25:56,,0.0,0.0,0,,0.0,0.0,0.0,26
1,[],4,[],2019-05-13 03:02:03,26942047.7835753,0.00000404,0.00000000028389686,7622376,2019-05-13 03:02:03,btc,11.013210368000044,0.0,0.00000404,btc,340416.89606665,0.07378431,0.4139594057963485,26
1,[],10,[],2019-05-13 03:02:05,161064.55381368,0.00000834,0.00000000058606431,7622377,2019-05-13 03:02:05,btc,25.25598080017649,3369.39402207,0.00000834,btc,18806.18788709,0.0,0.0867409524339966,26
1,[],11,[],2019-04-30 04:16:17,7094566.83690364,0.00000006,0.000000000003115554,7518027,2019-04-30 04:16:17,btc,67504.138725751,6116.07566417,0.00000006,btc,6591680.7351637,0.0,0.38529422037817224,27
1,[],5,[],2019-04-26 09:47:06,0.0,0,0,7465326,2019-04-26 09:47:06,btc,0.0,0.0,0,btc,0.0,0.0,0.0,27
1,[],3,[],2019-04-28 02:38:55,141621.60361514,0.00000001,0.0000000000005253330000000001,7491060,2019-04-28 02:38:55,btc,2.501704004580372,921815.184511,0.00000001,btc,21091882.2176418,0.0,0.0014162160361513999,27
1,[],4,[],2019-05-13 03:02:07,1456746730.1866212,0.00000001,0.000000000000702715,7622378,2019-05-13 03:02:07,btc,4.517249927759361,0.0,0.00000001,"btc,ltc",286571865.24685633,0.09114197,9.434155823009522,29
1,[],7,[],2019-05-13 03:02:09,113333441.7229273,0.00000001,0.000000000000702715,7622379,2019-05-13 03:02:09,btc,46550610.51838925,0.0,0.00000001,btc,41667026.64674773,0.0,1.133334417229273,29
0,[],17,[],2019-05-03 01:11:25,0.0,0,0,7559066,2019-05-03 01:11:25,btc,0.0,0.0,0,btc,0.0,0.0,0.0,30
1,[],4,[],2019-05-13 03:02:10,1591755.42983155,0.00000011,0.000000000007729865,7622380,2019-05-13 03:02:10,btc,2.5922645355582974,0.0,0.00000011,btc,2073402.92154881,0.00238917,0.0331842464754727,30
1,[],4,[],2019-05-13 03:04:11,208536.65705207,0.00004741,0.000000003331571815,7622381,2019-05-13 03:04:11,btc,6.776217267387657,0.0,0.00004741,btc,65325.94732692,0.95708519,0.8246469481439881,31
1,[],21,[],2019-05-13 03:04:13,80816.5900597,0.00004750000000000000261509564004,0.0000000033378962500000003,7622382,2019-05-13 03:04:13,btc,4.838280163669284,189637.98586869,0.000047500000000000002615095640035036694825976155698299407958984375,btc,90361.45924003,8.95971396,3.310796527707096,31
0,[],2,[],2019-01-20 23:28:43,0.0,0,0,6477009,2019-01-20 23:28:43,,0.0,0.0,0,,0.0,0.0,0.0,32
1,[],12,[],2019-03-30 07:55:10,40641173.964,0.00000003,0.000000000001228359,7108785,2019-03-30 07:55:10,btc,4233210.82356125,0.0,0.00000003,btc,28378394.68333462,0.0126927883965248,0.90752895892,33
0,[],4,[],2019-05-13 03:04:14,0.0,0,0,7622383,2019-05-13 03:04:14,,0.0,0.0,0,,0.0,0.0,0.0,33
0,[],4,[],2019-05-13 03:04:17,0.0,0,0,7622384,2019-05-13 03:04:17,,3.1280031746967385,0.0,0,,138743010.89331293,0.00054621,0.0,34
1,[],5,[],2019-05-13 03:04:21,0.0,0,0,7622385,2019-05-13 03:04:21,btc,0.0,0.00683157,0,btc,0.0,0.0,0.0,34
0.000000000133684,[],4,[],2019-05-02 18:17:45,3384239970.6360936,1.3368400000000002e-18,7.293946092400001e-23,7556428,2019-05-02 18:17:45,ltc,5.381102735485169e-08,0.0,0.00000001,ltc,6862894551.7408495,0.0,4.524187362345155e-09,36
1,[],5,[],2019-05-02 18:17:46,0.0,0,0,7556429,2019-05-02 18:17:46,btc,0.0,0.0,0,btc,0.0,0.0,0.0,36
0.0000000002926451,[],17,[],2019-05-02 18:17:47,200000.0,2.9264510000000002e-18,1.596703856561e-22,7556430,2019-05-02 18:17:47,eth,0.20942468735267253,0.0,0.00000001,"btc,eth",1018272.20243647,0.0,5.852902e-13,36
0.000000000133684,[],27,[],2019-05-02 18:17:55,7883196.008,1.3368400000000002e-18,7.293946092400001e-23,7556431,2019-05-02 18:17:55,ltc,25567.4086131264,0.0,0.00000001,"ltc,eth",21753551.64,0.0,1.0538571751334722e-11,36
1,[],27,[],2019-05-13 02:07:06,1600.0,0.00000015,0.000000000010544655,7622237,2019-05-13 02:07:06,btc,24.12760334291843,0.0,0.00000015,btc,5839.49448498,0.0,3e-05,37
1,[],17,[],2019-05-03 01:11:36,211752.74075282,0.00000025,0.000000000013700074999999998,7559074,2019-05-03 01:11:36,btc,0.055484923955058496,0.0,0.00000025,"btc,eth",1387.19918473,0.0,0.0005381851887916605,37
1,[],4,[],2019-05-13 03:04:22,253355.38543174,0.00000021,0.000000000014757015,7622386,2019-05-13 03:04:22,btc,19772.680386279248,0.0,0.00000021,btc,823883.47767868,0.00188184,0.0173962330424792,37
1,[],12,[],2019-05-13 03:04:22,2083353.95638094,0.00000021,0.000000000014757015,7622387,2019-05-13 03:04:22,btc,19604.336537989526,0.0,0.00000021,btc,403203.58541121,0.0216813807162109,0.2409638208399974,37
1,[],5,[],2019-05-13 02:07:08,0.0,0,0,7622238,2019-05-13 02:07:08,btc,0.0,0.00515808,0,btc,0.0,0.0,0.0,42
1,[],12,[],2019-05-13 02:07:10,350011.73827199,0.000002659999999999999943157448500929973533857264555990695953369140625,0.000000000186991882,7622239,2019-05-13 02:07:10,btc,2227607.7424453655,0.0,0.000002659999999999999943157448500929973533857264555990695953369140625,btc,99605.66120629,0.0855686957692359,0.0788941198027716,42
1,[],27,[],2019-05-13 02:07:17,506.0,0.00000002,0.0000000000014059540000000002,7622240,2019-05-13 02:07:17,btc,1.22618465,0.0,0.00000002,"btc,eth",1336.4476,0.0,3.0000004192443114e-06,42
1,[],12,[],2019-03-13 09:13:29,1112112.0,0.00000001,0.000000000000386531,6919902,2019-03-13 09:13:29,btc,29058.00478931866,0.0,0.00000001,btc,5967681.93306694,9.99000999e-07,0.01112112,43
1,[],5,[],2019-04-26 22:38:52,0.0,0,0,7474154,2019-04-26 22:38:52,btc,0.0,0.02638891,0,btc,0.0,0.0,0.0,43
0,[],17,[],2019-04-26 22:38:53,0.0,0,0,7474155,2019-04-26 22:38:53,btc,0.0,0.0,0,btc,0.0,0.0,0.0,43
1,[],12,[],2019-03-05 01:54:08,639326.02,0.00000004,0.000000000001486676,6845775,2019-03-05 01:54:08,btc,11116042.728239931,0.0,0.00000004,btc,1103841.4595604,0.0003330765234764,0.014975410599999999,44
1,[],4,[],2019-05-13 02:07:18,123640519.13338153,0.00000001,0.0000000000007029770000000001,7622241,2019-05-13 02:07:18,btc,436.84558462281024,0.0,0.00000001,"btc,ltc",23990892.08342435,0.00358769,0.2190806107437959,49
1,[],4,[],2019-05-13 02:07:20,81452042.48789889,0.00000001,0.0000000000007029770000000001,7622242,2019-05-13 02:07:20,btc,21662.667784760924,0.0,0.00000001,"btc,ltc",121176758.36488555,0.00403736,0.011764775672897783,52
0,[],22,[],2019-05-13 02:07:22,0.0,0,0,7622243,2019-05-13 02:07:22,,10289.64343849,0.0,0,,311140042.4566013,0.0,0.0,57
0,[],27,[],2019-05-13 02:07:29,0.0,0,0,7622244,2019-05-13 02:07:29,,0.0,0.0,0,"btc,eth",0.0,0.0,0.0,57
0.0000000001228608,[],4,[],2019-05-13 02:07:30,817890876.5561304,1.2286079999999999e-18,8.636831660160001e-23,7622245,2019-05-13 02:07:30,ltc,19.11066217503692,0.0,0.00000001,ltc,6159992955.671694,0.0,1.0048672740638743e-09,58
1,[],12,[],2019-05-13 02:07:31,1483417069.0,0.0000000001,0.000000000000007029770000000001,7622246,2019-05-13 02:07:31,btc,118395962.55075948,0.0,0.0000000001,btc,4614824835.202806,0.00248602463176823,0.1483417069,58
0.0000000001054911,[],22,[],2019-05-13 02:09:34,137323.0,1.054911e-18,7.415781700470001e-23,7622247,2019-05-13 02:09:34,XMR,69.17947824,0.0,0.00000001,XMR,9887848.044444444,0.0,0.00137323,58
1,[],17,[],2019-05-03 01:12:09,1200000.0,0.0000000001,0.00000000000000548003,7559085,2019-05-03 01:12:09,btc,1e+24,0.0,0.0000000001,"btc,eth",39516342.31952568,0.0,0.00010000000058666061,58
1,[],5,[],2019-05-13 02:09:36,0.0,0,0,7622248,2019-05-13 02:09:36,btc,0.0,0.0113337,0,btc,0.0,0.0,0.0,61
1,[],22,[],2019-05-13 02:09:40,13613.833333333334,0.00000012,0.000000000008435724,7622249,2019-05-13 02:09:40,BTC,1002.33190883,0.0,0.00000012,BTC,15392.180177125656,0.0,0.00153269,61
1,[],26,[],2019-05-13 02:09:40,0.0,0.00000050,0.000000000035148850000000004,7622250,2019-05-13 02:09:40,btc,0.0,0.0,0.00000050,btc,0.0,0.0,0.0,61
1,[],27,[],2019-05-13 02:09:45,101000.0,0.00000001,0.0000000000007029770000000001,7622251,2019-05-13 02:09:45,btc,1.9482732497246655,0.0,0.00000001,"btc,eth",13266.51663696,0.0,1.00000002695065e-05,61
1,[],28,[],2019-05-13 02:09:47,1039.304,0.00000008,0.000000000005623816000000001,7622252,2019-05-13 02:09:47,btc,2.056501795415105,734.0,0.00000008,btc,10022.46650005,0.0,2.439304e-05,61
1,[],4,[],2019-05-13 02:09:49,1201541.62599058,0.00000099,0.00000000006959472300000001,7622253,2019-05-13 02:09:49,btc,2.241613407527183,0.0,0.00000099,btc,739440.12173765,0.04590309,0.777683902437969,67
0.0,[],25,[],2019-05-13 02:09:51,0.0,0,0,7622254,2019-05-13 02:09:51,,0.0,0.0,0.0,btc,0.0,0.0,0.0,67
1,[],12,[],2019-05-13 02:09:53,1451712.0,0.00000007,0.0000000000049208390000000005,7622255,2019-05-13 02:09:53,btc,55556353.34412622,0.0,0.00000007,btc,1408570.87614822,0.0007410391108906,0.02157749,71
,[],5,[],2018-11-20 23:02:39,1.5e-07,0.00000005,0.000000000002128045,4862160,2018-11-20 23:02:39,btc,2.84511358,0.0,,btc,0.00036572,0.0,0.07381892,74
1,[],5,[],2019-05-13 02:09:56,0.0,0,0,7622256,2019-05-13 02:09:56,btc,0.0,0.00691156,0,btc,0.0,0.0,0.0,75
0,[],4,[],2019-05-13 02:09:58,0.0,0,0,7622257,2019-05-13 02:09:58,,133647.3434328639,0.0,0,,34200062.02546142,0.0,0.0,81
0,[],20,[],2019-01-25 09:30:31,0.0,0,0,6495923,2019-01-25 09:30:31,btc,0.0,0.0,0,btc,0.0,0.0,0.0,81
1,[],4,[],2019-05-13 02:10:00,30447.24639096,0.00006799,0.0000000047795406230000005,7622258,2019-05-13 02:10:00,btc,18.519346442863096,0.0,0.00006799,btc,24997.71136406,0.64003059,0.2000787919374444,82
1,[],21,[],2019-05-13 02:10:01,262463.56742649,0.00006524000000000000556044793543,0.000000004586221948000001,7622259,2019-05-13 02:10:01,btc,3.7637986254549403,26574.45688354,0.000065240000000000005560447935426537924286094494163990020751953125,btc,50359.29836702,1.73042142,1.662193966043923,82
0,[],17,[],2019-03-25 22:42:34,0.0,0,0,7038780,2019-03-25 22:42:34,btc,0.0445064681804024,0.0,0,btc,995513.18476001,0.0,0.0,84
0.00000000013644,[],4,[],2019-05-01 19:17:39,299701867.376,1.3644e-18,7.259508504e-23,7542161,2019-05-01 19:17:39,ltc,1.6769037726995486,0.0,0.00000001,ltc,427823536.87452894,0.00010978,4.089132278478144e-10,85
,[],22,[],2018-11-20 23:09:34,3408.1,0.0000001,0.0000000000041895,4862324,2018-11-20 23:09:34,BTC,0.04624735,0.0,,BTC,4990.0,0.0,0.00033081,86
1,[],22,[],2019-05-13 02:12:02,85999.0,0.00000001,0.0000000000007029770000000001,7622260,2019-05-13 02:12:02,BTC,3.66445213,0.0,0.00000001,BTC,336978.29736842104,0.0,0.00085999,87
0,[],27,[],2019-05-13 02:12:11,0.0,0,0,7622261,2019-05-13 02:12:11,,4.961703020736,13416.0,0,btc,19948.62841,0.00040248,0.0,87
,[],2,[],2018-11-20 23:10:47,0.0,0,0,4862359,2018-11-20 23:10:47,,0.0,0.0,,,0.0,0.0,0.0,88
1,[],11,[],2019-05-13 02:12:13,75349.42345546,0.0001362199999999999934334471429764334970968775451183319091796875,0.000000009575952694,7622262,2019-05-13 02:12:13,btc,177.13509814042828,2567.89762829,0.0001362199999999999934334471429764334970968775451183319091796875,btc,192952.24447406,0.0,4.099750549180762,89
0,[],2,[],2019-01-20 23:31:45,0.0,0,0,6477083,2019-01-20 23:31:45,,0.0,0.0,0,,0.0,0.0,0.0,91
1,[],12,[],2019-05-13 02:12:13,533925.75813121,0.00000049,0.000000000034445873000000003,7622263,2019-05-13 02:12:13,btc,89.86784053647145,0.0,0.00000049,btc,184664.79152962,0.0103254572641319,0.0646398905999834,91
1,[],22,[],2019-05-13 02:14:18,76014.0,0.0000008,0.00000000005623816,7622264,2019-05-13 02:14:18,BTC,0.495,0.0,0.0000008,"BTC,LTC",4.95,0.0,0.0017135,91
0,[],17,[],2019-05-03 01:12:26,0.0,0,0,7559096,2019-05-03 01:12:26,btc,0.0,0.0,0,btc,0.0,0.0,0.0,91
1,[],22,[],2019-04-09 20:17:52,374949.73333333334,0.00000015,0.000000000007771935,7235704,2019-04-09 20:17:52,BTC,6.87372503,0.0,0.00000015,"BTC,LTC",159980.01196797504,1.1e-05,0.80510266,95
0.0000000001228608,[],4,[],2019-05-13 02:14:19,546792026.4624392,8.3545344e-17,5.8730455289088004e-21,7622265,2019-05-13 02:14:19,ltc,11.293129813478936,0.0,0.00000068,ltc,134193643.56241755,0.06450335,1.3217655598823926e-09,96
0,[],12,[],2019-05-13 02:14:20,0.0,0,0,7622266,2019-05-13 02:14:20,btc,25054.270923706474,0.0,0,btc,7550278.46658341,0.0,0.0,96
0,[],17,[],2019-05-03 01:12:32,0.0,0,0,7559100,2019-05-03 01:12:32,btc,0.0,0.0,0,btc,0.0,0.0,0.0,96
1,[],4,[],2019-04-14 03:32:46,1039404.33283278,0.00000038,0.000000000019245518,7293458,2019-04-14 03:32:46,btc,4.170086055365747,0.0,0.00000038,btc,3097704.34561074,0.06260606,0.1859928211030784,99
0,[],2,[],2019-01-20 23:23:55,0.0,0,0,6476914,2019-01-20 23:23:55,,0.0,0.0,0,,0.0,0.0,0.0,100
1,[],4,[],2019-05-13 02:16:21,390928.14143425,0.00003301,0.0000000023205270770000002,7622267,2019-05-13 02:16:21,btc,6.942960612775971,0.0,0.00003301,btc,119517.89867341,0.44861809,0.6075930953412128,100
1,[],22,[],2019-05-13 02:16:24,130000.0,0.00000001,0.0000000000007029770000000001,7622268,2019-05-13 02:16:24,BTC,24.83526409,0.0,0.00000001,BTC,11187.719,0.0,0.0013,101
1,[],4,[],2019-05-13 02:16:25,581627.75528136,0.00000356,0.00000000025025981200000004,7622269,2019-05-13 02:16:25,btc,255.71234849305156,0.0,0.00000356,btc,417660.61206719,2.51996488,0.2742060050824376,103
1,[],12,[],2019-05-13 02:16:28,96282723.76392001,0.000000006,0.00000000000042178620000000004,7622270,2019-05-13 02:16:28,btc,468525267.5261327,0.0,0.000000006,btc,98266124.36841857,0.01077768207072934,0.26899249096776007,105
0,[],27,[],2019-05-13 02:16:37,0.0,0,0,7622271,2019-05-13 02:16:37,,0.0584885651331397,0.0,0,btc,600596.63747933,0.0,0.0,105
1,[],22,[],2019-04-21 00:17:26,21333.0,0.00000001,0.000000000000532493,7385819,2019-04-21 00:17:26,BTC,51.38182867,0.0,0.00000001,BTC,470435.0,0.0,0.00021333,107
1,[],26,[],2019-04-21 00:17:26,0.0,0.00000000,0,7385820,2019-04-21 00:17:26,btc,0.0,0.0,0.00000000,btc,0.0,0.0,0.0,107
1,[],5,[],2019-05-13 02:16:38,0.0,0,0,7622272,2019-05-13 02:16:38,btc,0.0,0.0,0,btc,0.0,0.0,0.0,112
1,[],22,[],2019-05-13 02:16:41,79003.0,0.00000001,0.0000000000007029770000000001,7622273,2019-05-13 02:16:41,BTC,2.79232726,0.0,0.00000001,BTC,1380942.0833333333,0.0,0.00079003,112
1,[],27,[],2019-05-13 02:16:52,1.0,0.00000001,0.0000000000007029770000000001,7622274,2019-05-13 02:16:52,btc,1.25032588,0.0,0.00000001,"btc,eth",1819.0,0.0,1e-08,112
1,[],4,[],2019-05-13 02:16:53,358132.85755067,0.00000153,0.00000000010755548100000001,7622275,2019-05-13 02:16:53,btc,4.683113536706295,0.0,0.00000153,btc,515740.67178795,0.01878971,0.1986182531634376,113
1,[],5,[],2019-05-13 02:16:54,0.0,0,0,7622276,2019-05-13 02:16:54,btc,0.0,0.0,0,btc,0.0,0.0,0.0,113
1,[],17,[],2019-04-26 02:17:47,162738.278,0.00000004,0.0000000000021069000000000002,7461287,2019-04-26 02:17:47,btc,1.3331140273775473,0.0,0.00000004,btc,51796.221,0.0,0.00230953112,116
0,[],27,[],2019-04-26 02:19:51,0.0,0,0,7461288,2019-04-26 02:19:51,,0.0,0.0,0,,0.0,0.0,0.0,116
1,[],4,[],2019-05-07 20:09:28,131822.85721655,0.00001022,0.00000000060230548,7572994,2019-05-07 20:09:28,btc,132.18460413545117,0.0,0.00001022,btc,268070.13193351,0.06918336,1.0489745103085106,120
1,[],7,[],2019-05-07 20:09:30,9501.79941055,0.000011699999999999999788190263583231853772304020822048187255859375,0.0000000006895277999999999,7572995,2019-05-07 20:09:30,btc,231185.88817567716,62.23644451,0.000011699999999999999788190263583231853772304020822048187255859375,btc,4076.97424313,0.00072692,0.018013380795019,120
1,[],20,[],2019-04-07 18:42:29,1914137.0852,0.000000035,0.0000000000017871910000000002,7211992,2019-04-07 18:42:29,btc,32.2497668025648,25528.85,0.000000035,btc,1001975.4986,0.00089350975,0.0152723574729,125
1,[],22,[],2019-05-13 02:16:57,10000.0,0.00000001,0.0000000000007029770000000001,7622277,2019-05-13 02:16:57,BTC,0.032061,0.0,0.00000001,BTC,299316.7611111111,0.0,0.0001,126
1,[],4,[],2019-05-13 02:16:58,1885260.29128034,0.00000627,0.00000000044076657900000004,7622278,2019-05-13 02:16:58,btc,3.339038013408881,0.0,0.00000627,btc,167355.96485958,0.05673563,0.4490550163543103,131
0,[],2,[],2019-01-20 23:25:46,0.0,0,0,6476969,2019-01-20 23:25:46,,0.0,0.0,0,,0.0,0.0,0.0,131
1,[],17,[],2019-05-03 01:13:10,10000.0,0.00000001,0.000000000000548003,7559115,2019-05-03 01:13:10,btc,0.0953976503951408,0.0,0.00000001,btc,5037.62507334,0.0,0.0001,131
1,[],4,[],2019-05-13 02:19:01,4702.76657212,0.00024866,0.000000017480226082,7622279,2019-05-13 02:19:01,btc,5.026798700606594,0.0,0.00024866,btc,179.49429964,0.00531025,0.0080644533992635,135
1,[],3,[],2019-05-13 02:19:01,15105.0,0.00000001,0.0000000000007029770000000001,7622280,2019-05-13 02:19:01,btc,0.2039354059486088,764516.391393,0.00000001,btc,1718704.31412391,0.0,0.00015105,136
1,[],4,[],2019-05-13 02:19:02,2500438.41807782,0.00000183,0.00000000012864479100000001,7622281,2019-05-13 02:19:02,btc,318.72828983912467,0.0,0.00000183,btc,524090.90916266,0.02485392,0.5761376780347275,137
1,[],12,[],2019-05-13 02:19:03,324741.901314,0.0000018500000000000000751026844880708921436962555162608623504638671875,0.00000000013005074500000002,7622282,2019-05-13 02:19:03,btc,48531.231827981996,0.0,0.0000018500000000000000751026844880708921436962555162608623504638671875,btc,39892.6066523,0.0011831938561462,0.024255785727138702,137
1,[],4,[],2019-05-13 02:19:04,48498.22518901,0.00003009,0.0000000021152577930000003,7622283,2019-05-13 02:19:04,btc,4.940710291837931,0.0,0.00003009,btc,73336.31591018,0.42114921,0.2371788969792094,142
1,[],5,[],2019-05-13 02:19:05,0.0,0,0,7622284,2019-05-13 02:19:05,btc,0.0,0.07107168,0,btc,0.0,0.0,0.0,142
1,[],20,[],2019-05-13 02:21:07,162681.7287,0.00002857,0.0000000020084052890000003,7622285,2019-05-13 02:21:07,btc,1.7318990156747,0.0,0.00002857,btc,8790.6601,0.0,0.046681154841,142
1,[],22,[],2019-05-13 02:21:11,1370.0,0.00000200,0.00000000014059540000000002,7622286,2019-05-13 02:21:11,BTC,3.2756588,0.0,0.00000200,BTC,1135.5948275773155,0.0,0.0003632,142
0.0,[],25,[],2019-05-13 02:21:12,0.0,0,0,7622287,2019-05-13 02:21:12,,0.0,0.0,0.0,btc,0.0,0.0,0.0,142
1,[],28,[],2019-05-13 02:21:14,79102.0,0.00003311,0.0000000023275568470000004,7622288,2019-05-13 02:21:14,btc,0.0555251924,249674.0,0.00003311,btc,438.37303,0.0,0.07347342,142
1,[],17,[],2019-05-03 01:13:16,32967.38636364,0.00000088,0.000000000048224264,7559122,2019-05-03 01:13:16,btc,20.06976206696776,0.0,0.00000088,btc,2746.079105,0.0,0.0105613000000032,142
0,[],22,[],2019-05-13 02:21:17,0.0,0,0,7622289,2019-05-13 02:21:17,,64.16505383,0.0,0,,688775795.8,0.0,0.0,143
0,[],22,[],2019-02-25 15:42:22,0.0,0,0,6783783,2019-02-25 15:42:22,,4.2131946,0.0,0,,2322156.0,0.0,0.0,146
,[],22,[],2018-11-20 23:01:11,0.0,0,0,4862114,2018-11-20 23:01:11,,2.56807021,0.0,,,61828.4988236,0.0,0.0,147
1,[],12,[],2019-04-21 06:38:04,193091.5971266,0.00000071,0.000000000037635183,7388679,2019-04-21 06:38:04,btc,2.301232411611175,0.0,0.00000071,btc,9957.48302385,0.00023528,0.0313308199999888,148
1,[],4,[],2019-03-19 21:31:25,255810.0415942,0.00000029,0.000000000011615747,6982695,2019-03-19 21:31:25,btc,218.94922712414143,0.0,0.00000029,btc,793529.37642722,0.00117,0.0608347789473395,152
0,[],22,[],2019-03-19 21:31:27,0.0,0,0,6982696,2019-03-19 21:31:27,,0.0,0.0,0,,0.0,0.0,0.0,152
1,[],5,[],2019-04-26 09:36:59,0.0,0,0,7465040,2019-04-26 09:36:59,btc,0.0,0.0,0,btc,0.0,0.0,0.0,153
,[],16,[],2019-01-11 15:38:59,0.0,0,0,6366141,2019-01-11 15:38:59,btc,0.0,0.0,,btc,0.0,0.0,0.0,155
0,[],22,[],2019-05-11 16:24:45,0.0,0,0,7616280,2019-05-11 16:24:45,,6.80191271,0.0,0,,4673448.342592592,0.0,0.0,156
0,[],23,[],2019-01-20 23:24:29,0.0,0,0,6476932,2019-01-20 23:24:29,,0.0,0.0,0,,0.0,0.0,0.0,156
1,[],22,[],2019-05-13 02:21:21,7066.0,0.00000800,0.0000000005623816000000001,7622290,2019-05-13 02:21:21,BTC,1.79802465,0.0,0.00000800,BTC,802.6461988741639,0.0,0.00062996,157
0,[],22,[],2019-05-07 22:25:46,0.0,0,0,7574238,2019-05-07 22:25:46,,50234.60468402,0.0,0,,54786159.03179465,0.0,0.0,158
,[],17,[],2018-11-20 22:56:10,0.0,0,0,4861976,2018-11-20 22:56:10,btc,1.1265625,0.0,,btc,1000.0,0.0,0.0,159
,[],20,[],2018-11-20 22:56:12,0.0,0,0,4861977,2018-11-20 22:56:12,btc,11912.7940471,0.0,,btc,34413894.3617,0.0,0.0,159
1,[],12,[],2019-05-13 02:21:22,263010.48110065,0.0000019499999999999999646983772638719756287173368036746978759765625,0.000000000137080515,7622291,2019-05-13 02:21:22,btc,23.178089390720114,0.0,0.0000019499999999999999646983772638719756287173368036746978759765625,btc,13846.91716398,0.003312323502304,0.0370908928999511,168
1,[],17,[],2019-05-03 01:13:36,42852.0,0.00000002,0.000000000001096006,7559132,2019-05-03 01:13:36,btc,0.04279856251542,0.0,0.00000002,btc,274.46171372,0.0,0.00052852,168
1,[],22,[],2019-05-07 03:57:18,743122.0,0.00000001,0.000000000000593596,7562020,2019-05-07 03:57:18,BTC,41.40912107,0.0,0.00000001,BTC,1593401.2737547632,0.00342649,0.00743122,169
1,[],22,[],2019-05-13 02:23:26,255790.0,0.00000003,0.000000000002108931,7622292,2019-05-13 02:23:26,BTC,27.85867283,0.0,0.00000003,BTC,432593.2870425971,0.00012595,0.0037957,171
1,[],22,[],2019-05-13 02:23:30,214985.2,0.00000014,0.000000000009841678000000001,7622293,2019-05-13 02:23:30,BTC,10823.68628372,0.0,0.00000014,"BTC,LTC",703598.1983490599,0.00124446,0.0130528,173
1,[],5,[],2019-05-06 19:49:32,0.0,0,0,7559281,2019-05-06 19:49:32,btc,0.0,0.00023336,0,btc,0.0,0.0,0.0,175
1,[],22,[],2019-05-13 02:23:34,90671.0,0.00000001,0.0000000000007029770000000001,7622294,2019-05-13 02:23:34,BTC,394.35459412,0.0,0.00000001,BTC,136275.61833431243,0.0,0.00090671,176
1,[],7,[],2019-05-13 02:23:36,0.0,0,0,7622295,2019-05-13 02:23:36,btc,520274.28701410955,6470.52947052,0,btc,27450861.7072692,6.471e-05,0.0,178
0,[],22,[],2019-05-13 02:23:39,0.0,0,0,7622296,2019-05-13 02:23:39,,1.00242428,0.0,0,,57512.0,0.0,0.0,178
0,[],2,[],2019-01-20 23:28:34,0.0,0,0,6477001,2019-01-20 23:28:34,,0.0,0.0,0,,0.0,0.0,0.0,178
0,[],23,[],2019-01-20 23:25:08,0.0,0,0,6476952,2019-01-20 23:25:08,,0.0,0.0,0,,0.0,0.0,0.0,179
1,[],5,[],2019-05-13 02:23:42,0.0,0,0,7622297,2019-05-13 02:23:42,btc,0.0,0.01071415,0,btc,0.0,0.0,0.0,179
1,[],22,[],2019-05-13 02:23:45,2000776.0,0.00000001,0.0000000000007029770000000001,7622298,2019-05-13 02:23:45,BTC,5.33711194,0.0,0.00000001,BTC,14248283.911946677,6.74e-05,0.02000776,179
1,[],22,[],2019-05-13 02:25:49,654757.982953083,0.00000021,0.000000000014762517,7622299,2019-05-13 02:25:49,BTC,40.27054669,0.0,0.00000021,"BTC,LTC",46435.55533190082,0.00493824,0.55347942,180
1,[],26,[],2019-05-13 02:25:49,0.0,0.00000250,0.00000000017574425000000002,7622300,2019-05-13 02:25:49,btc,0.0,200.0,0.00000250,btc,0.0,0.0,0.0,180
1,[],17,[],2019-05-03 01:13:56,20504.725000000002,0.0000001,0.00000000000548003,7559141,2019-05-03 01:13:56,btc,5.2010695838400265,0.0,0.0000001,btc,5033.45945,0.0,0.0011504725,180
,[],7,[],2018-11-20 22:58:01,562227.975654,0.00000085,0.000000000036176765,4862015,2018-11-20 22:58:01,btc,21836.6059674,2491.87645172,,btc,749999.041456,0.00211021,0.127565380455,183
,[],5,[],2019-01-10 08:11:41,0.0,0,0,6347036,2019-01-10 08:11:41,btc,82.15055501,0.00261,,btc,1.19002445,0.0,0.0,187
1,[],24,[],2019-04-30 17:34:05,0.0,0.000000000014,7.396256000000001e-16,7526291,2019-04-30 17:34:05,btc,0.0,0.0,0.000000000014,btc,0.0,0.0,0.0,187
,[],17,[],2018-11-16 20:58:10,4062536.27273,0.00000001,0.000000000000550501,4708775,2018-11-16 20:58:10,btc,3.36492563466,0.195460381006,,"btc,eth",110697919.549,0.0,0.0157628953496,187
0,[],22,[],2019-04-25 02:54:07,0.0,0,0,7447896,2019-04-25 02:54:07,,7.54794454,0.0,0,,76361.7243344055,0.0,0.0,191
0,[],22,[],2019-05-13 02:25:54,0.0,0,0,7622301,2019-05-13 02:25:54,,0.0,0.0,0,,0.0,0.0,0.0,197
0,[],23,[],2019-01-20 23:31:41,0.0,0,0,6477079,2019-01-20 23:31:41,,0.0,0.0,0,,0.0,0.0,0.0,199
0.0000000001228608,[],22,[],2019-05-13 02:25:58,53056789.0,2.4572159999999998e-18,1.7273663320320002e-22,7622302,2019-05-13 02:25:58,LTC,7.64571369,0.0,0.00000002,LTC,35310436.0,2.173238004096e-12,0.60713197,199
1,[],26,[],2019-05-13 02:25:58,0.0,0.00000000,0,7622303,2019-05-13 02:25:58,btc,0.0,0.0,0.00000000,btc,0.0,0.0,0.0,199
0,[],2,[],2019-01-20 23:30:49,0.0,0,0,6477059,2019-01-20 23:30:49,,0.0,0.0,0,,0.0,0.0,0.0,201
1,[],4,[],2019-01-25 15:51:35,2084389.58565343,0.00000936,0.000000000333526752,6499557,2019-01-25 15:51:35,btc,2.0092503037378524,0.0,0.00000936,btc,160195.80207885,0.19272417,1.242687955921835,211
1,[],7,[],2019-05-13 02:26:01,13705754.32866689,0.00000083,0.000000000058347091,7622304,2019-05-13 02:26:01,btc,15200781.507462686,137889.629342,0.00000083,btc,13441544.24500996,0.0,1.079851551567269,212
1,[],5,[],2019-05-07 13:02:51,0.0,0,0,7566706,2019-05-07 13:02:51,btc,0.0,0.43032184,0,btc,0.0,0.0,0.0,213
1,[],24,[],2019-05-07 13:02:52,0.0,0.000000050000,0.000000000002968865,7566707,2019-05-07 13:02:52,btc,0.0,0.0,0.000000050000,btc,0.0,0.0,0.0,213
1,[],26,[],2019-05-07 13:02:52,0.0,0.00000040,0.00000000002375092,7566708,2019-05-07 13:02:52,btc,0.0,0.0,0.00000040,btc,0.0,0.0,0.0,213
1,[],12,[],2019-01-25 02:44:32,207462.42853209,0.000001080000000000000035831255497387193287295303889550268650054931640625,0.000000000038610756000000006,6493050,2019-01-25 02:44:32,btc,85023.03793723314,0.0,0.000001080000000000000035831255497387193287295303889550268650054931640625,btc,43675.73520027,0.000146250909087,0.0348620860622024,213
0,[],22,[],2019-05-13 02:26:04,0.0,0,0,7622305,2019-05-13 02:26:04,,9.58164616,0.0,0,,2460817.094064925,0.0,0.0,216
0,[],27,[],2019-05-13 02:26:14,0.0,0,0,7622306,2019-05-13 02:26:14,,60.55527910867708,0.0,0,"btc,ltc",229430.447308,0.0,0.0,216
1,[],22,[],2019-05-13 02:26:18,1070290.970929408,0.00000074,0.000000000052020298,7622307,2019-05-13 02:26:18,BTC,12055.62925198,0.0,0.00000074,BTC,778646.2900471298,0.01513537,0.15041349,217
1,[],7,[],2019-05-13 02:26:19,0.0,0,0,7622308,2019-05-13 02:26:19,btc,111302.56865462937,0.0,0,btc,137781098.61523312,0.0,0.0,219
0,[],27,[],2019-05-13 02:26:27,0.0,0,0,7622309,2019-05-13 02:26:27,,0.06997067,0.0,0,btc,1753528.0,0.0,0.0,219
0.0000000000000038,[],28,[],2019-05-13 02:26:30,472553134.161,2.4700000000000003e-18,1.7363531900000003e-22,7622310,2019-05-13 02:26:30,doge,3653032.673251157,625263.623,0.00065000,"btc,doge",46211323.3823,0.0,2.014348048961505e-11,219
1,[],22,[],2019-05-13 02:26:35,373170.0,0.00000004,0.0000000000028119080000000003,7622311,2019-05-13 02:26:35,BTC,56.7649867,0.0,0.00000004,BTC,131552.84827387411,0.0,0.0119808,221
1,[],24,[],2019-05-13 02:26:35,0.0,0.000000010000,0.0000000000007029770000000001,7622312,2019-05-13 02:26:35,btc,0.0,0.0,0.000000010000,btc,0.0,0.0,0.0,221
1,[],20,[],2019-05-13 02:26:37,7919438.5971,0.000000009,0.0000000000006326793000000001,7622313,2019-05-13 02:26:37,btc,100049.98908601116,7915927.9222,0.000000009,btc,28431133.3666,0.0870249270247,0.0251743342985,224
0,[],22,[],2019-05-13 02:26:39,0.0,0,0,7622314,2019-05-13 02:26:39,,0.0,0.0,0,,0.0,0.0,0.0,224
1,[],26,[],2019-05-13 02:26:40,0.0,0.00000026,0.000000000018277402,7622315,2019-05-13 02:26:40,btc,0.0,0.0,0.00000026,btc,0.0,0.0,0.0,231
1,[],26,[],2019-05-13 02:26:40,0.0,0.00000005,0.000000000003514885,7622316,2019-05-13 02:26:40,btc,0.0,0.0,0.00000005,btc,0.0,0.0,0.0,234
0,[],27,[],2019-05-13 02:26:47,0.0,0,0,7622317,2019-05-13 02:26:47,,0.01134836604,0.0,0,"btc,eth",11462.996,0.0,0.0,234
1,[],4,[],2019-04-29 21:02:20,217188.93193785,0.00000080,0.00000000004151584,7514327,2019-04-29 21:02:20,btc,5.239800103892936,0.0,0.00000080,btc,797346.30008933,0.0,0.0590549781555679,236
1,[],24,[],2019-04-29 21:02:20,0.0,0.000000100000,0.00000000000518948,7514328,2019-04-29 21:02:20,btc,0.0,0.0,0.000000100000,btc,0.0,0.0,0.0,236
1,[],5,[],2019-05-06 20:53:15,0.0,0,0,7559637,2019-05-06 20:53:15,btc,0.0,0.20253514,0,btc,0.0,0.0,0.0,237
1,[],20,[],2019-05-06 20:53:18,38173217.6136,0.000000083,0.0000000000047460728,7559638,2019-05-06 20:53:18,btc,21342.514614200165,8832375.7238,0.000000083,btc,27701499.3386,0.7554403456107,1.3621107610479,237
1,[],22,[],2019-05-06 20:53:20,343938.0,0.00000009,0.000000000005146344,7559639,2019-05-06 20:53:20,BTC,1.20267422,0.0,0.00000009,BTC,17930.94871794872,0.0,0.01017442,237
1,[],4,[],2019-05-13 02:26:48,8731718.96189781,0.00000014,0.000000000009841678000000001,7622318,2019-05-13 02:26:48,btc,2.7297485149166203,0.0,0.00000014,btc,8171660.28961669,0.09799005,0.7516509276866975,238
1,[],5,[],2019-05-13 02:26:50,0.0,0,0,7622319,2019-05-13 02:26:50,btc,0.0,0.00267112,0,btc,0.0,0.0,0.0,238
0,[],22,[],2019-03-12 16:49:32,0.0,0,0,6914458,2019-03-12 16:49:32,,0.40415746,0.0,0,,526736.5639027493,0.0,0.0,249
0,[],22,[],2019-05-13 01:33:53,0.0,0,0,7622095,2019-05-13 01:33:53,,4.50924384,0.0,0,,38675894.69978836,0.0,0.0,252
1,[],28,[],2019-05-13 02:26:55,46170154.152,0.00000025,0.000000000017574425000000002,7622320,2019-05-13 02:26:55,btc,43893.02322814165,168993.0586,0.00000025,btc,2892520.9582,0.0,0.62709171804,256
1,[],22,[],2019-05-13 02:26:59,1088993.5,0.00000002,0.0000000000014059540000000002,7622321,2019-05-13 02:26:59,BTC,21.86085896,0.0,0.00000002,BTC,501508.63333384093,0.0,0.01124633,258
1,[],22,[],2019-03-13 00:07:30,47146.0,0.00000001,0.000000000000387233,6917028,2019-03-13 00:07:30,BTC,2.415167,0.0,0.00000001,BTC,157.0,0.0,0.00047146,259
1,[],5,[],2019-05-13 02:27:02,0.0,0,0,7622322,2019-05-13 02:27:02,btc,0.0,0.23866296,0,btc,0.0,0.0,0.0,264
1,[],20,[],2019-05-13 02:27:03,1247308.8395,0.00000081,0.000000000056941137,7622323,2019-05-13 02:27:03,btc,5.0404193970008,39621.9277,0.00000081,btc,89232.8336,0.0450416922663,0.0191985278738,264
0,[],22,[],2019-04-12 17:57:27,0.0,0,0,7278186,2019-04-12 17:57:27,,66.37522201,0.0,0,,677842.4169881374,0.0,0.0,271
0,[],22,[],2019-05-13 02:27:06,0.0,0,0,7622324,2019-05-13 02:27:06,,33050467.4724609,0.0,0,,14361462970.7,0.0,0.0,272
0.0000000000000038,[],28,[],2019-05-13 02:27:08,311251238682.584,2.242e-21,1.5760744340000003e-25,7622325,2019-05-13 02:27:08,doge,27193004.641454298,35884358658.24,0.00000059,doge,368165441487.476,0.0,2.390643615472773e-10,272
1,[],22,[],2019-05-13 02:27:12,127364.9,0.0000001,0.00000000000702977,7622326,2019-05-13 02:27:12,BTC,427.36546797,0.0,0.0000001,BTC,252462.95264460208,1.3e-05,0.0039223,281
1,[],22,[],2019-05-13 02:27:18,645064.7666666667,0.00000006,0.000000000004217862,7622327,2019-05-13 02:27:18,BTC,1.49425472,0.0,0.00000006,"BTC,LTC",461502.2802838498,0.00607623,0.0250811,286
0,[],22,[],2019-05-13 02:27:21,0.0,0,0,7622328,2019-05-13 02:27:21,,7337893.19360497,0.0,0,,1388519263.7797825,0.0,0.0,294
