pairValue,buyBook,exchangeId,sellBook,updated,buyTotal,satoshiPrice,usdPrice,exchangeLogId,created,bestPair,sellTotalBtc,volume,pairPrice,activePairs,sellTotal,volumeBtc,buyTotalBtc,coinId
1,[],3,[],2019-04-07 04:54:55,31423.18881994199,0.013339969999999999605844180905478424392640590667724609375,0.000000684854049845,7205141,2019-04-07 04:54:55,btc,60.12450028219846,0.0,0.013339969999999999605844180905478424392640590667724609375,btc,16.156015900536,0.0,0.5653215284855296,1
1,[],4,[],2019-04-07 04:54:56,233857.31059411,0.01340613,0.000000688250605005,7205142,2019-04-07 04:54:56,btc,8.946970869082781,0.0,0.01340613,btc,323.41012268,1.26150406,1.8718380104619106,1
1,[],5,[],2019-04-07 04:54:59,0.0,0,0,7205143,2019-04-07 04:54:59,btc,0.0,0.07831529,0,btc,0.0,0.0,0.0,1
1,[],10,[],2019-04-07 04:55:01,422044.88208603,0.00995574,0.00000051111275799,7205144,2019-04-07 04:55:01,btc,6522.27622602052,1344.52830431,0.00995574,btc,1181.56976071,0.0,4.440549346482471,1
1,[],12,[],2019-04-07 04:55:04,67.62036542,0.01340000000000000045241588253475129022262990474700927734375,0.0000006879359000000001,7205145,2019-04-07 04:55:04,btc,0.4140262864337,0.0,0.01340000000000000045241588253475129022262990474700927734375,btc,22.42468959,0.6736440545958,0.2511261616117,1
1,[],20,[],2019-04-07 04:55:06,1188.0397,0.01322002,0.0000006786959967700001,7205146,2019-04-07 04:55:06,btc,0.0297954773082,0.5725,0.01322002,btc,1.7709,0.008073195069,0.1723118255063,1
1,[],21,[],2019-04-07 04:55:08,2298.84378745,0.01337071999999999913355530623,0.00000068643270872,7205147,2019-04-07 04:55:08,btc,19.1118196821107,3109.5533842699997,0.0133707199999999991335553062299368320964276790618896484375,"btc,eth",1892.10528622,40.26860688657565,22.22102360192374,1
1,[],22,[],2019-04-07 04:55:11,0.07690488253968254,0.01260000,0.0000006468651,7205148,2019-04-07 04:55:11,BTC,0.31439419,0.0,0.01260000,BTC,0.12751438772928525,0.0,0.0009684,1
1,[],24,[],2019-04-07 04:55:12,0.0,0.000000000000,0,7205149,2019-04-07 04:55:12,btc,0.0,0.0,0.000000000000,btc,0.0,0.0,0.0,1
0.0,[],25,[],2019-04-07 04:55:13,0.0,0,0,7205150,2019-04-07 04:55:13,btc,18.449999998806657,1612.98613808,0.0,btc,1343.12386445,21.8711,0.0,1
1,[],26,[],2019-04-07 04:55:14,0.0,0,0,7205151,2019-04-07 04:55:14,,0.0,0.0,0,,0.0,0.0,0.0,1
1,[],28,[],2019-04-07 04:44:57,988.9,0.01300200,0.0000006686265498,7204966,2019-04-07 04:44:57,btc,0.158971879,18131.22,0.01300200,btc,8.7032,0.0,0.037553096,1
0,[],2,[],2019-01-20 23:28:45,0.0,0,0,6477011,2019-01-20 23:28:45,,0.0,0.0,0,,0.0,0.0,0.0,1
1,[],5,[],2019-04-07 04:55:19,0.0,0,0,7205153,2019-04-07 04:55:19,btc,0.0,0.1543007,0,btc,0.0,0.0,0.0,2
0.0000000001341647,[],22,[],2019-04-07 04:45:03,1148.0,1.4758117e-16,7.589346909133e-21,7204968,2019-04-07 04:45:03,XMR,21.02425527,0.0,0.00000110,XMR,24942.398537272726,0.0,0.00087635,2
1,[],5,[],2019-04-07 04:45:05,0.0,0,0,7204969,2019-04-07 04:45:05,btc,0.0,0.07133545,0,btc,0.0,0.0,0.0,3
1,[],12,[],2019-04-07 04:45:07,2517496.16664331,0.00000019,0.000000000009770731000000001,7204970,2019-04-07 04:45:07,btc,23498.977939187323,0.0,0.00000019,btc,2378263.49246179,0.02795497921452868,0.3175253505295958,3
0,[],28,[],2019-04-07 04:45:14,0.0,0,0,7204971,2019-04-07 04:45:14,,0.0,0.0,0,,0.0,0.0,0.0,3
0,[],2,[],2019-01-20 23:31:32,0.0,0,0,6477077,2019-01-20 23:31:32,,0.0,0.0,0,,0.0,0.0,0.0,4
1,[],4,[],2019-03-31 15:22:41,353217.65794564,0.00000029,0.000000000011904674,7122029,2019-03-31 15:22:41,btc,32.078041210795526,0.0,0.00000029,btc,733585.73137669,0.0,0.0341999475799974,4
1,[],12,[],2019-04-07 04:55:28,802028.0,0.00000001,0.000000000000513385,7205158,2019-04-07 04:55:28,btc,1111896.6064659702,0.0,0.00000001,btc,1521428.00798202,0.0,0.00802028,5
0,[],2,[],2019-01-20 23:31:51,0.0,0,0,6477087,2019-01-20 23:31:51,,0.0,0.0,0,,0.0,0.0,0.0,6
1,[],11,[],2019-04-07 04:55:30,5267153.66422,0.00000002,0.00000000000102677,7205159,2019-04-07 04:55:30,btc,9584.207971690481,12666.6,0.00000002,btc,42988288.62863166,0.0,0.0586245366422,6
1,[],3,[],2019-04-07 04:55:30,1128.942378892464,0.0001567399999999999934789662869860649152542464435100555419921875,0.00000000804679649,7205160,2019-04-07 04:55:30,btc,2.4033179404885114,0.0,0.0001567399999999999934789662869860649152542464435100555419921875,btc,302.987379628561,0.0,0.035409494800834676,7
1,[],4,[],2019-04-07 04:55:31,75381.61551301,0.00021159,0.000000010862713215000001,7205161,2019-04-07 04:55:31,btc,11.336189895748875,0.0,0.00021159,btc,39039.41749015,3.86121779,5.275518686777361,7
1,[],5,[],2019-04-07 04:55:32,0.0,0,0,7205162,2019-04-07 04:55:32,btc,0.0,0.12253679,0,btc,0.0,0.0,0.0,7
1,[],20,[],2019-04-07 04:55:34,3201475.0482,0.000000001,0.000000000000051338500000000004,7205163,2019-04-07 04:55:34,btc,30.7985719811902,0.0,0.000000001,btc,22378805.3926,0.0,0.0032014750482,8
1,[],4,[],2019-04-07 04:55:36,1103293.14100821,0.00000109,0.000000000055958965000000003,7205164,2019-04-07 04:55:36,btc,4.553473717563711,0.0,0.00000109,btc,2790964.1301129,1.32831846,0.7101691877848726,9
1,[],28,[],2019-04-07 04:55:37,18305.0,0.0000005,0.000000000025669250000000004,7205165,2019-04-07 04:55:37,btc,2708.782593555347,3566431.137,0.0000005,btc,25383.8518,0.0,0.00198655,9
0,[],2,[],2019-01-20 23:22:42,0.0,0,0,6476876,2019-01-20 23:22:42,,0.0,0.0,0,,0.0,0.0,0.0,9
0,[],23,[],2019-01-20 23:22:48,0.0,0,0,6476878,2019-01-20 23:22:48,,0.0,0.0,0,,0.0,0.0,0.0,9
1,[],1,[],2019-02-17 23:31:42,1822507.21,0.00000181000000000000003456111265232042484285557293333113193511962890625,0.000000000066086901,6701244,2019-02-17 23:31:42,btc,3.6990969245,17153386.5,0.00000181000000000000003456111265232042484285557293333113193511962890625,btc,1997391.71,31.11772986,3.2610482446,9
1,[],4,[],2019-02-17 11:22:43,4341674.27126056,0.00000002,0.0000000000007272960000000001,6696112,2019-02-17 11:22:43,btc,0.1997230937751353,0.0,0.00000002,btc,4109766.79808031,0.00215132,0.0479381022052112,10
1,[],4,[],2019-04-07 04:55:40,3929384.58623165,0.00000131,0.00000000006725343500000001,7205166,2019-04-07 04:55:40,btc,6.6877097952989075,0.0,0.00000131,btc,3642725.51772331,1.5015337,2.329121427907222,12
1,[],5,[],2019-04-07 04:55:43,0.0,0,0,7205167,2019-04-07 04:55:43,btc,0.0,0.0364369,0,btc,0.0,0.0,0.0,12
0,[],2,[],2019-01-20 23:23:08,0.0,0,0,6476890,2019-01-20 23:23:08,,0.0,0.0,0,,0.0,0.0,0.0,12
0.0,[],25,[],2019-04-07 04:45:45,0.0,0,0,7204981,2019-04-07 04:45:45,,0.0,0.0,0.0,btc,0.0,0.0,0.0,12
1,[],4,[],2019-04-07 04:55:45,32087583.86987621,0.00000916,0.00000000047026066,7205169,2019-04-07 04:55:45,btc,3.796548491397073,0.0,0.00000916,btc,288334.06775679,1.77837366,1.7028065765256688,13
1,[],21,[],2019-04-07 04:45:49,1131285.52005026,0.000009360000000000000169365389768,0.000000000481337064,7204983,2019-04-07 04:45:49,btc,4.202113805720976,1788294.453468,0.000009360000000000000169365389768305618645172216929495334625244140625,btc,399485.47889563,17.19968264,9.564314013733773,13
1,[],10,[],2019-04-07 03:59:44,560777.43511064,0.0000091,0.0000000004670684199999999,7204802,2019-04-07 03:59:44,btc,666790.1503048978,7730.10290392,0.0000091,btc,611324.88164399,0.0,1.212668976552377,13
1,[],4,[],2019-04-07 04:45:51,1818128.69610317,0.00000113,0.000000000058110137,7204984,2019-04-07 04:45:51,btc,6.216052085871397,0.0,0.00000113,btc,948286.32529854,0.00306943,0.2362112523828238,14
1,[],12,[],2019-04-07 04:45:52,313633.63265302,0.00000101000000000000007076262319161141789436442195437848567962646484375,0.000000000051939149000000004,7204985,2019-04-07 04:45:52,btc,0.157557305974,0.0,0.00000101000000000000007076262319161141789436442195437848567962646484375,btc,11104.003996,0.000605804195807,0.0409489899999588,14
0,[],17,[],2019-04-07 04:45:54,0.0,0,0,7204986,2019-04-07 04:45:54,btc,0.0,0.0,0,btc,0.0,0.0,0.0,14
1,[],26,[],2019-04-07 04:45:54,0.0,0.00000050,0.00000000002571245,7204987,2019-04-07 04:45:54,btc,0.0,0.0,0.00000050,btc,0.0,0.0,0.0,14
0,[],4,[],2019-04-07 04:45:55,0.0,0,0,7204988,2019-04-07 04:45:55,,0.0,0.0,0,,0.0,0.0,0.0,15
,[],12,[],2018-12-01 15:15:48,204241.84496,0.00000489,0.000000000202473384,5260204,2018-12-01 15:15:48,btc,49.5475654835,0.0,,btc,35763.2193806,0.0163153972027625,0.0203389899998,15
0,[],2,[],2019-01-20 23:23:38,0.0,0,0,6476906,2019-01-20 23:23:38,,0.0,0.0,0,,0.0,0.0,0.0,18
1,[],4,[],2019-04-07 04:45:57,26295.46246439,0.00001580,0.00000000081251342,7204989,2019-04-07 04:45:57,btc,1.0343812565336918,0.0,0.00001580,btc,14849.51754483,0.02428944,0.0767840216995948,18
1,[],10,[],2019-04-07 04:46:00,479915.43842239,0.00001592,0.000000000818684408,7204990,2019-04-07 04:46:00,btc,15.39259652726216,11839.8372526,0.00001592,btc,13758.46374659,0.0,0.0672728465617589,18
1,[],12,[],2019-04-07 04:46:01,315126.54623361,0.0000163999999999999988343525603173844729099073447287082672119140625,0.0000000008433683599999999,7204991,2019-04-07 04:46:01,btc,33874.335312919626,0.0,0.0000163999999999999988343525603173844729099073447287082672119140625,btc,887.9064582999999,0.0080507028208434,0.027849822073623,18
0,[],17,[],2019-04-07 04:46:03,0.0,0,0,7204992,2019-04-07 04:46:03,btc,0.0,0.0,0,btc,0.0,0.0,0.0,18
0,[],2,[],2019-01-20 23:24:19,0.0,0,0,6476924,2019-01-20 23:24:19,,0.0,0.0,0,,0.0,0.0,0.0,19
1,[],3,[],2019-04-07 04:46:05,125116.11988281758,0.00003021000000000000044347338301609084965093643404543399810791015625,0.0000000015535462289999999,7204993,2019-04-07 04:46:05,btc,0.37334476884781254,3482.28333262,0.00003021000000000000044347338301609084965093643404543399810791015625,btc,6309.975750600733,0.0,0.22738176975483126,19
1,[],4,[],2019-04-07 04:46:06,284950.1250401,0.00003652,0.000000001878037348,7204994,2019-04-07 04:46:06,btc,9.151432145858912,0.0,0.00003652,btc,163201.36204631,2.84165753,4.400309316298993,19
1,[],5,[],2019-04-07 04:46:08,0.0,0,0,7204995,2019-04-07 04:46:08,btc,0.0,4.081e-05,0,btc,0.0,0.0,0.0,19
1,[],12,[],2019-04-07 04:46:09,184542.87125565,0.000035070000000000001345867861601846016128547489643096923828125,0.000000001803471243,7204996,2019-04-07 04:46:09,btc,0.0938482683028758,0.0,0.000035070000000000001345867861601846016128547489643096923828125,btc,480.25418818,0.00059381,0.0933185169847502,19
0,[],27,[],2019-04-07 04:47:15,0.0,0,0,7204997,2019-04-07 04:47:15,,0.0,0.0,0,,0.0,0.0,0.0,19
1,[],4,[],2019-04-07 04:47:16,1423114.09920322,0.00000011,0.000000000005656739,7204998,2019-04-07 04:47:16,btc,6.075594577343329,0.0,0.00000011,btc,2366581.04881084,0.0,0.0461847363435042,20
1,[],4,[],2019-04-07 04:47:18,88990662.54345188,0.00000001,0.000000000000514249,7204999,2019-04-07 04:47:18,btc,51.15012427083107,0.0,0.00000001,btc,63900683.55856905,0.0007338,0.8899066254345188,21
1,[],12,[],2019-04-07 04:47:20,10305683.0,0.00000001,0.000000000000514249,7205000,2019-04-07 04:47:20,btc,2904.544392588981,0.0,0.00000001,btc,5075011.70629371,0.00174333,0.10305683,21
0,[],17,[],2019-04-07 04:47:21,0.0,0,0,7205001,2019-04-07 04:47:21,btc,0.0,0.0,0,btc,0.0,0.0,0.0,21
1,[],12,[],2019-04-07 04:47:23,3678666553.0,0.0000000002,0.000000000000010284980000000001,7205002,2019-04-07 04:47:23,btc,317475322038.38153,0.0,0.0000000002,btc,2208307110.8411593,0.026324595912287772,0.4676184779,23
0,[],27,[],2019-04-07 04:47:23,0.0,0,0,7205003,2019-04-07 04:47:23,,0.0,0.0,0,,0.0,0.0,0.0,23
1,[],4,[],2019-04-07 04:47:25,450865.24295504,0.00000042,0.000000000021598458,7205004,2019-04-07 04:47:25,btc,13.483823739708225,0.0,0.00000042,btc,2093518.66720054,0.0175389,0.1291485389330707,24
1,[],22,[],2019-04-07 04:47:27,11.76,0.00000100,0.0000000000514249,7205005,2019-04-07 04:47:27,BTC,7.415e-05,0.0,0.00000100,BTC,23.919354838709676,0.0,1.176e-05,24
0.0,[],25,[],2019-04-07 04:47:29,0.0,0,0,7205006,2019-04-07 04:47:29,,0.0,0.0,0.0,btc,0.0,0.0,0.0,24
1,[],4,[],2019-04-07 04:47:31,26771928.18940827,0.00000796,0.000000000409342204,7205007,2019-04-07 04:47:31,btc,173.07352383324468,0.0,0.00000796,btc,259718.1575351,0.75698296,0.968377937516203,26
1,[],10,[],2019-04-07 04:47:33,93250.63099202,0.00000685,0.00000000035226056499999996,7205008,2019-04-07 04:47:33,btc,25.56374977125211,3625.23527299,0.00000685,btc,21473.38545501,0.0,0.1201781677563078,26
0,[],2,[],2019-01-20 23:25:56,0.0,0,0,6476976,2019-01-20 23:25:56,,0.0,0.0,0,,0.0,0.0,0.0,26
1,[],3,[],2019-04-07 04:47:34,5155945.69007697,0.00000001,0.000000000000514249,7205009,2019-04-07 04:47:34,btc,1.8643703637883724,694208.665413,0.00000001,btc,14392388.52415373,0.0,0.0515594569007697,27
1,[],5,[],2019-04-07 04:47:36,0.0,0,0,7205010,2019-04-07 04:47:36,btc,0.0,0.01083799,0,btc,0.0,0.0,0.0,27
1,[],11,[],2019-04-07 04:47:37,7108765.91256781,0.00000006,0.0000000000030854939999999995,7205011,2019-04-07 04:47:37,btc,67502.97299864117,1198400.0,0.00000006,btc,6586383.7503637,0.0,0.38614616491802245,27
1,[],4,[],2019-04-07 04:47:38,1810441832.8440034,0.00000003,0.000000000001542747,7205012,2019-04-07 04:47:38,btc,5.101926608535058,0.0,0.00000003,"btc,ltc",392699724.9609942,0.6825156,18.053082145097733,29
1,[],7,[],2019-04-07 04:47:40,41868984.83091861,0.00000003,0.0000000000015427469999999997,7205013,2019-04-07 04:47:40,btc,44884768.16616775,208901.347729,0.00000003,btc,29642351.93001565,0.00837624,0.5578138736086018,29
1,[],4,[],2019-04-07 04:47:40,2395565.08831432,0.00000016,0.000000000008227984,7205014,2019-04-07 04:47:40,btc,3.282459098286896,0.0,0.00000016,btc,2714510.41556995,0.00791176,0.0927516524546331,30
0,[],17,[],2019-04-07 04:47:42,0.0,0,0,7205015,2019-04-07 04:47:42,btc,0.0,0.0,0,btc,0.0,0.0,0.0,30
1,[],4,[],2019-04-07 04:47:43,165516.95819566,0.00010151,0.000000005220141599,7205016,2019-04-07 04:47:43,btc,9.703559473945727,0.0,0.00010151,btc,50906.32464936,7.82370148,2.6524686885357194,31
1,[],21,[],2019-04-07 04:47:44,101882.52169139,0.0001044000000000000033225158735,0.00000000536875956,7205017,2019-04-07 04:47:44,btc,5.739781092610721,3019557.1507767,0.000104400000000000003322515873538378627927158959209918975830078125,btc,49799.87681799,319.42483855,10.116470444913496,31
0,[],2,[],2019-01-20 23:28:43,0.0,0,0,6477009,2019-01-20 23:28:43,,0.0,0.0,0,,0.0,0.0,0.0,32
0,[],4,[],2019-04-07 04:47:45,0.0,0,0,7205018,2019-04-07 04:47:45,,0.0,0.0,0,,0.0,0.0,0.0,33
1,[],12,[],2019-03-30 07:55:10,40641173.964,0.00000003,0.000000000001228359,7108785,2019-03-30 07:55:10,btc,4233210.82356125,0.0,0.00000003,btc,28378394.68333462,0.0126927883965248,0.90752895892,33
1,[],4,[],2019-04-07 04:47:46,1799355.00872552,0.00000001,0.000000000000514249,7205019,2019-04-07 04:47:46,btc,4.309016327877457,0.0,0.00000001,btc,157766932.20679027,0.08651288,0.0179935500872552,34
1,[],5,[],2019-04-07 04:47:48,0.0,0,0,7205020,2019-04-07 04:47:48,btc,0.0,0.0011475,0,btc,0.0,0.0,0.0,34
0.00000000018244280000000003,[],4,[],2019-04-07 04:47:49,3074216902.22278,1.8244280000000003e-18,9.382102745720001e-23,7205021,2019-04-07 04:47:49,ltc,6.020322047120231e-08,0.0,0.00000001,ltc,6526539205.278749,0.0,5.6086873944885034e-09,36
1,[],5,[],2019-04-07 04:47:51,0.0,0,0,7205022,2019-04-07 04:47:51,btc,0.0,0.0,0,btc,0.0,0.0,0.0,36
0,[],17,[],2019-04-07 04:47:53,0.0,0,0,7205023,2019-04-07 04:47:53,btc,0.0437746878313683,0.0,0,btc,1018272.20243647,0.0,0.0,36
0,[],27,[],2019-04-07 04:48:56,0.0,0,0,7205024,2019-04-07 04:48:56,,0.0,0.0,0,,0.0,0.0,0.0,36
1,[],4,[],2019-04-07 04:48:57,949005.05732899,0.00000038,0.000000000019541462,7205025,2019-04-07 04:48:57,btc,19775.10865943035,0.0,0.00000038,btc,832149.73896002,0.00546092,0.0946977958103169,37
1,[],12,[],2019-04-07 04:48:59,678541.92854531,0.0000004,0.00000000002056996,7205026,2019-04-07 04:48:59,btc,18.61876239635689,0.0,0.0000004,btc,458994.96945167,0.0833022297284499,0.1992095709136807,37
1,[],17,[],2019-04-07 04:49:00,1752.74075282,0.00000025,0.000000000012856224999999998,7205027,2019-04-07 04:49:00,btc,0.05548492397559638,0.0,0.00000025,btc,1387.19918473,0.0,0.00043818518820499993,37
0,[],27,[],2019-04-07 04:49:01,0.0,0,0,7205028,2019-04-07 04:49:01,,0.0,0.0,0,,0.0,0.0,0.0,37
1,[],5,[],2019-04-07 04:49:02,0.0,0,0,7205029,2019-04-07 04:49:02,btc,0.0,0.00374565,0,btc,0.0,0.0,0.0,42
1,[],12,[],2019-04-07 04:49:03,207205.27543202,0.00000081,0.000000000041654168999999996,7205030,2019-04-07 04:49:03,btc,10.205676386744834,0.0,0.00000081,btc,43160.90522738,0.006369758705197,0.0168191870813291,42
0,[],27,[],2019-04-07 04:49:03,0.0,0,0,7205031,2019-04-07 04:49:03,,0.0,0.0,0,,0.0,0.0,0.0,42
1,[],5,[],2019-04-03 07:21:02,0.0,0,0,7159930,2019-04-03 07:21:02,btc,0.0,0.00286478,0,btc,0.0,0.0,0.0,43
0,[],17,[],2019-04-03 07:21:05,0.0,0,0,7159931,2019-04-03 07:21:05,btc,0.0,0.0,0,btc,0.0,0.0,0.0,43
1,[],12,[],2019-03-13 09:13:29,1112112.0,0.00000001,0.000000000000386531,6919902,2019-03-13 09:13:29,btc,29058.00478931866,0.0,0.00000001,btc,5967681.93306694,9.99000999e-07,0.01112112,43
1,[],12,[],2019-03-05 01:54:08,639326.02,0.00000004,0.000000000001486676,6845775,2019-03-05 01:54:08,btc,11116042.728239931,0.0,0.00000004,btc,1103841.4595604,0.0003330765234764,0.014975410599999999,44
1,[],4,[],2019-04-07 04:49:04,123266128.82217455,0.00000001,0.000000000000514249,7205032,2019-04-07 04:49:04,btc,481.1373408484083,0.0,0.00000001,"btc,ltc",18140449.34363179,0.00245604,0.18886934033589278,49
0.00000000018244280000000003,[],4,[],2019-04-07 04:49:05,1580318987.638,1.8244280000000003e-18,9.382102745720001e-23,7205033,2019-04-07 04:49:05,ltc,24.562089037696012,0.0,0.00000001,ltc,7123257901.85841,0.0,2.8831782099784214e-09,52
0,[],22,[],2019-04-07 04:49:07,0.0,0,0,7205034,2019-04-07 04:49:07,,10308.14341489,0.0,0,,314384460.4566013,0.0,0.0,57
0,[],27,[],2019-04-07 04:49:13,0.0,0,0,7205035,2019-04-07 04:49:13,,0.0,0.0,0,,0.0,0.0,0.0,57
0.00000000018244280000000003,[],4,[],2019-04-07 04:49:14,1195855164.3009994,1.8244280000000003e-18,9.382102745720001e-23,7205036,2019-04-07 04:49:14,ltc,18.627670110173433,0.0,0.00000001,ltc,4728297148.11432,0.0,2.181751645695344e-09,58
1,[],12,[],2019-04-07 04:49:15,797956089.0,0.0000000002,0.000000000000010284980000000001,7205037,2019-04-07 04:49:15,btc,8621351.843997119,0.0,0.0000000002,btc,1888891439.4953406,0.004302594126873128,0.1420176444,58
0,[],17,[],2019-04-07 04:49:16,0.0,0,0,7205038,2019-04-07 04:49:16,btc,1e+24,0.0,0,btc,49306342.21952568,0.0,0.0,58
0.0000000001341647,[],22,[],2019-04-07 04:49:19,137438.0,1.341647e-18,6.89940628103e-23,7205039,2019-04-07 04:49:19,XMR,69.1795942,0.0,0.00000001,XMR,9887963.0,0.0,0.00137438,58
1,[],5,[],2019-04-07 04:49:20,0.0,0,0,7205040,2019-04-07 04:49:20,btc,0.0,0.06734745,0,btc,0.0,0.0,0.0,61
1,[],22,[],2019-04-07 04:49:23,63552.833333333336,0.00000013,0.000000000006685237,7205041,2019-04-07 04:49:23,BTC,1002.29602762,0.0,0.00000013,BTC,15234.52361146909,9.23e-06,0.00802476,61
1,[],26,[],2019-04-07 04:49:23,0.0,0.00000800,0.0000000004113992,7205042,2019-04-07 04:49:23,btc,0.0,0.0,0.00000800,btc,0.0,0.0,0.0,61
0,[],27,[],2019-04-07 04:49:23,0.0,0,0,7205043,2019-04-07 04:49:23,,0.0,0.0,0,,0.0,0.0,0.0,61
1,[],28,[],2019-04-07 04:49:32,1880.304,0.00000022,0.000000000011313478,7205044,2019-04-07 04:49:32,btc,2.071618822242105,607.0,0.00000022,btc,26999.49520005,0.0,0.00016391304,61
1,[],4,[],2019-04-07 04:49:33,1636297.2400541,0.00000194,0.000000000099764306,7205045,2019-04-07 04:49:33,btc,9.556259039823818,0.0,0.00000194,btc,910466.46932614,0.19030993,1.2904524280191212,67
0.0,[],25,[],2019-04-07 04:49:34,0.0,0,0,7205046,2019-04-07 04:49:34,,0.0,0.0,0.0,btc,0.0,0.0,0.0,67
1,[],12,[],2019-04-07 04:49:35,1048074.34798532,0.00000027,0.000000000013884723,7205047,2019-04-07 04:49:35,btc,56667922.008991316,0.0,0.00000027,btc,1222814.77986859,0.0009427780619373,0.0692169499999932,71
,[],5,[],2018-11-20 23:02:39,1.5e-07,0.00000005,0.000000000002128045,4862160,2018-11-20 23:02:39,btc,2.84511358,0.0,,btc,0.00036572,0.0,0.07381892,74
1,[],5,[],2019-04-07 04:49:38,0.0,0,0,7205048,2019-04-07 04:49:38,btc,0.0,0.03793682,0,btc,0.0,0.0,0.0,75
0,[],20,[],2019-01-25 09:30:31,0.0,0,0,6495923,2019-01-25 09:30:31,btc,0.0,0.0,0,btc,0.0,0.0,0.0,81
1,[],4,[],2019-04-07 04:49:38,3278481.00028221,0.00000001,0.000000000000514249,7205049,2019-04-07 04:49:38,btc,135894.21486862944,0.0,0.00000001,btc,35704212.31498174,0.04249948,0.0327848100028221,81
1,[],4,[],2019-04-07 04:49:41,19281.30714248,0.00007868,0.000000004046111132,7205050,2019-04-07 04:49:41,btc,17.785743119956273,0.0,0.00007868,btc,13162.91854766,0.28854868,0.3146353391612569,82
1,[],21,[],2019-04-07 04:49:42,755280.71306219,0.00007525999999999999432852976211,0.000000003870237973999999,7205051,2019-04-07 04:49:42,btc,3.930732752086874,21435.83013232,0.000075259999999999994328529762110946421671542339026927947998046875,btc,46366.3179397,1.63110847,2.8892551494210967,82
0,[],17,[],2019-03-25 22:42:34,0.0,0,0,7038780,2019-03-25 22:42:34,btc,0.0445064681804024,0.0,0,btc,995513.18476001,0.0,0.0,84
0.00000000018244280000000003,[],4,[],2019-04-07 04:49:43,248128933.6102013,1.8244280000000003e-18,9.382102745720001e-23,7205052,2019-04-07 04:49:43,ltc,1.6928352885138072,0.0,0.00000001,ltc,450791331.5350003,0.0,4.526933740885924e-10,85
,[],22,[],2018-11-20 23:09:34,3408.1,0.0000001,0.0000000000041895,4862324,2018-11-20 23:09:34,BTC,0.04624735,0.0,,BTC,4990.0,0.0,0.00033081,86
1,[],22,[],2019-04-07 04:49:48,107643.2,0.00000005,0.000000000002571245,7205053,2019-04-07 04:49:48,BTC,3.66195928,0.0,0.00000005,BTC,224414.04041017056,0.0,0.00154216,87
0,[],27,[],2019-04-07 04:50:25,0.0,0,0,7205054,2019-04-07 04:50:25,,0.0,0.0,0,,0.0,0.0,0.0,87
,[],2,[],2018-11-20 23:10:47,0.0,0,0,4862359,2018-11-20 23:10:47,,0.0,0.0,,,0.0,0.0,0.0,88
1,[],11,[],2019-04-07 04:50:26,89546.48364677,0.000140060000000000010877965195277283783070743083953857421875,0.000000007202571494000001,7205055,2019-04-07 04:50:26,btc,529.4446376574165,5.0,0.000140060000000000010877965195277283783070743083953857421875,btc,102163.63994005,0.0,5.795360584471937,89
0,[],2,[],2019-01-20 23:31:45,0.0,0,0,6477083,2019-01-20 23:31:45,,0.0,0.0,0,,0.0,0.0,0.0,91
1,[],12,[],2019-04-07 04:50:28,319951.66832474,0.00000076,0.000000000039082924000000004,7205056,2019-04-07 04:50:28,btc,83.15947562255884,0.0,0.00000076,btc,101870.00525012,0.0008854140275576,0.0436620143631427,91
0,[],17,[],2019-04-07 04:50:30,0.0,0,0,7205057,2019-04-07 04:50:30,btc,0.0,0.0,0,btc,0.0,0.0,0.0,91
1,[],22,[],2019-04-07 04:50:33,65900.0,0.00000001,0.000000000000514249,7205058,2019-04-07 04:50:33,BTC,3e-06,0.0,0.00000001,BTC,1.0,0.0,0.000659,91
0,[],22,[],2019-03-21 12:10:46,0.0,0,0,6996572,2019-03-21 12:10:46,,4.56897116,0.0,0,,46768900.1,0.0,0.0,95
0.00000000018244280000000003,[],4,[],2019-04-07 04:50:34,544276336.4369758,3.1015276000000004e-17,1.5949574667724001e-21,7205059,2019-04-07 04:50:34,ltc,11.963949974780835,0.0,0.00000017,ltc,142163153.7578207,0.0,1.4400814646711478e-09,96
0,[],12,[],2019-04-07 04:50:35,0.0,0,0,7205060,2019-04-07 04:50:35,btc,50.50040057737263,0.0,0,btc,5061036.7372627,0.0,0.0,96
0,[],17,[],2019-04-07 04:50:37,0.0,0,0,7205061,2019-04-07 04:50:37,btc,0.0,0.0,0,btc,0.0,0.0,0.0,96
1,[],4,[],2019-04-03 20:04:38,1523570.8786377,0.00000040,0.00000000002042612,7166515,2019-04-03 20:04:38,btc,4.6810255304234305,0.0,0.00000040,btc,3209413.55187158,0.19593752,0.1820333463725714,99
0,[],2,[],2019-01-20 23:23:55,0.0,0,0,6476914,2019-01-20 23:23:55,,0.0,0.0,0,,0.0,0.0,0.0,100
1,[],4,[],2019-04-07 04:50:37,348154.34975423,0.00004352,0.000000002238011648,7205062,2019-04-07 04:50:37,btc,11.19130921452605,0.0,0.00004352,btc,162664.29293213,0.92682072,3.7526825923716167,100
1,[],22,[],2019-04-07 04:50:41,120000.0,0.00000002,0.000000000001028498,7205063,2019-04-07 04:50:41,BTC,24.82891609,0.0,0.00000002,BTC,11877.22,0.0,0.0014,101
1,[],4,[],2019-04-07 04:50:42,392485.17948159,0.00000087,0.000000000044739663,7205064,2019-04-07 04:50:42,btc,285.90269611246833,0.0,0.00000087,btc,654298.55516753,0.0134792,0.2156578490726317,103
1,[],12,[],2019-04-07 04:50:45,38170857.0,0.000000007,0.0000000000003599743,7205065,2019-04-07 04:50:45,btc,468419473.45858693,0.0,0.000000007,btc,90501350.6543883,0.00410250538711352,0.075056202,105
0,[],27,[],2019-04-07 04:50:45,0.0,0,0,7205066,2019-04-07 04:50:45,,0.0,0.0,0,,0.0,0.0,0.0,105
1,[],22,[],2019-04-01 17:44:48,9328.0,0.00000001,0.00000000000041453500000000006,7138290,2019-04-01 17:44:48,BTC,51.38182867,0.0,0.00000001,BTC,470435.0,0.00050637,9.328e-05,107
1,[],26,[],2019-04-01 17:44:48,0.0,0.00000000,0,7138291,2019-04-01 17:44:48,btc,0.0,0.0,0.00000000,btc,0.0,0.0,0.0,107
1,[],5,[],2019-04-07 04:50:46,0.0,0,0,7205067,2019-04-07 04:50:46,btc,0.0,0.00363856,0,btc,0.0,0.0,0.0,112
0,[],22,[],2019-04-07 04:50:49,0.0,0,0,7205068,2019-04-07 04:50:49,,2.78752585,0.0,0,,1029384.0833333334,0.0,0.0,112
0,[],27,[],2019-04-07 04:51:20,0.0,0,0,7205069,2019-04-07 04:51:20,,0.0,0.0,0,,0.0,0.0,0.0,112
1,[],4,[],2019-04-07 04:51:21,298656.86360106,0.00000169,0.000000000086908081,7205070,2019-04-07 04:51:21,btc,3.958920683360869,0.0,0.00000169,btc,484132.78920462,0.03364493,0.3472224241648873,113
1,[],5,[],2019-04-07 04:51:22,0.0,0,0,7205071,2019-04-07 04:51:22,btc,0.0,2.86e-05,0,btc,0.0,0.0,0.0,113
1,[],17,[],2019-04-07 04:51:24,152738.278,0.00000004,0.000000000002056996,7205072,2019-04-07 04:51:24,btc,1.3368030274421905,0.0,0.00000004,btc,51896.221,0.0,0.0022095311199999998,116
0,[],27,[],2019-04-07 04:51:24,0.0,0,0,7205073,2019-04-07 04:51:24,,0.0,0.0,0,,0.0,0.0,0.0,116
1,[],4,[],2019-04-07 04:51:25,63189519.49183557,0.00001273,0.000000000654638977,7205074,2019-04-07 04:51:25,btc,117.95236001987888,0.0,0.00001273,btc,226881.49565492,0.01829694,7.200903742203645,120
1,[],7,[],2019-04-07 04:51:27,9460.87537067,0.000013010000000000000798289385983697030724215437658131122589111328125,0.000000000669037949,7205075,2019-04-07 04:51:27,btc,231205.5473977491,52.20543897,0.000013010000000000000798289385983697030724215437658131122589111328125,btc,30503.76137549,0.0007003,0.016508829449947998,120
1,[],20,[],2019-04-07 04:51:31,1939665.9352,0.000000035,0.0000000000017998715,7205076,2019-04-07 04:51:31,btc,32.2497668025648,0.0,0.000000035,btc,1001975.4986,0.0,0.0161658672229,125
0,[],22,[],2019-04-07 04:51:34,0.0,0,0,7205077,2019-04-07 04:51:34,,0.01444887,0.0,0,,296263.5111111111,0.0,0.0,126
0,[],2,[],2019-01-20 23:25:46,0.0,0,0,6476969,2019-01-20 23:25:46,,0.0,0.0,0,,0.0,0.0,0.0,131
1,[],4,[],2019-04-07 04:51:34,3238930.908555,0.00000992,0.000000000510135008,7205078,2019-04-07 04:51:34,btc,4.018764913068427,0.0,0.00000992,btc,165974.77251619,0.27029207,0.519494645154371,131
0,[],17,[],2019-04-07 04:51:36,0.0,0,0,7205079,2019-04-07 04:51:36,btc,0.0953976503951408,0.0,0,btc,5037.62507334,0.0,0.0,131
1,[],4,[],2019-04-07 04:51:38,4737.09269037,0.00011180,0.00000000574930382,7205080,2019-04-07 04:51:38,btc,9.983692459080036,0.0,0.00011180,btc,242.95868326,0.0,0.0113409661890352,135
1,[],3,[],2019-03-07 00:20:44,877702.73244099,0.00000004,0.00000000000154846,6863392,2019-03-07 00:20:44,btc,0.119366241821405,0.0,0.00000004,btc,760637.99421222,0.0,0.023771231960604298,136
1,[],4,[],2019-04-07 04:51:38,2317588.21146192,0.00000100,0.0000000000514249,7205081,2019-04-07 04:51:38,btc,50.3111489260915,0.0,0.00000100,btc,595988.57916425,0.03070467,0.1360172747250837,137
1,[],12,[],2019-04-07 04:51:40,148815.95173452,0.000001039999999999999995289683661636725986454621306620538234710693359375,0.000000000053481896,7205082,2019-04-07 04:51:40,btc,10234.705946429453,0.0,0.000001039999999999999995289683661636725986454621306620538234710693359375,btc,10528.14273091,1.241892108e-05,0.0080389299999897,137
1,[],4,[],2019-04-07 04:51:40,41285.10240857,0.00002902,0.000000001492350598,7205083,2019-04-07 04:51:40,btc,4.926065419996486,0.0,0.00002902,btc,79702.05462919,0.8742805,0.3530351873385682,142
1,[],5,[],2019-04-07 04:51:42,0.0,0,0,7205084,2019-04-07 04:51:42,btc,0.0,0.05576451,0,btc,0.0,0.0,0.0,142
1,[],17,[],2019-04-07 04:51:43,22967.386363640002,0.00000088,0.000000000045253912,7205085,2019-04-07 04:51:43,btc,20.069762067390457,0.0,0.00000088,btc,2746.079105,0.0,0.0104613000000032,142
1,[],20,[],2019-04-07 04:51:45,60380.0262,0.00002855,0.000000001468180895,7205086,2019-04-07 04:51:45,btc,1.3841158758415,0.02,0.00002855,btc,3331.5358,5.71e-07,0.0449405949366,142
1,[],22,[],2019-04-07 04:51:47,1621.0,0.00001020,0.00000000052453398,7205087,2019-04-07 04:51:47,BTC,3.27948712,0.0,0.00001020,BTC,1169.5278181818182,0.0,0.0007584,142
0.0,[],25,[],2019-04-07 04:51:49,0.0,0,0,7205088,2019-04-07 04:51:49,,0.0,0.0,0.0,btc,0.0,0.0,0.0,142
1,[],28,[],2019-04-07 04:51:58,77757.207,0.00004735,0.0000000024349690149999998,7205089,2019-04-07 04:51:58,btc,0.0477314554747,1989.0,0.00004735,btc,312.37303,0.0,0.01634985145,142
0,[],22,[],2019-04-07 04:52:00,0.0,0,0,7205090,2019-04-07 04:52:00,,62.98070713,0.0,0,,767832216.8,0.0,0.0,143
0,[],22,[],2019-02-25 15:42:22,0.0,0,0,6783783,2019-02-25 15:42:22,,4.2131946,0.0,0,,2322156.0,0.0,0.0,146
,[],22,[],2018-11-20 23:01:11,0.0,0,0,4862114,2018-11-20 23:01:11,,2.56807021,0.0,,,61828.4988236,0.0,0.0,147
1,[],12,[],2019-04-07 04:52:02,258235.04246558,0.0000020399999999999999500377954875229846720685600303113460540771484375,0.000000000104906796,7205091,2019-04-07 04:52:02,btc,9.69576004211942,0.0,0.0000020399999999999999500377954875229846720685600303113460540771484375,btc,106386.49999209,0.0,0.0108857599999515,148
1,[],4,[],2019-03-19 21:31:25,255810.0415942,0.00000029,0.000000000011615747,6982695,2019-03-19 21:31:25,btc,218.94922712414143,0.0,0.00000029,btc,793529.37642722,0.00117,0.0608347789473395,152
0,[],22,[],2019-03-19 21:31:27,0.0,0,0,6982696,2019-03-19 21:31:27,,0.0,0.0,0,,0.0,0.0,0.0,152
1,[],5,[],2019-04-07 04:52:03,0.0,0,0,7205092,2019-04-07 04:52:03,btc,0.0,0.0,0,btc,0.0,0.0,0.0,153
,[],16,[],2019-01-11 15:38:59,0.0,0,0,6366141,2019-01-11 15:38:59,btc,0.0,0.0,,btc,0.0,0.0,0.0,155
0,[],23,[],2019-01-20 23:24:29,0.0,0,0,6476932,2019-01-20 23:24:29,,0.0,0.0,0,,0.0,0.0,0.0,156
0,[],22,[],2019-04-07 04:52:07,0.0,0,0,7205093,2019-04-07 04:52:07,,6.80640151,0.0,0,,4675792.242592593,0.0,0.0,156
1,[],22,[],2019-04-07 04:52:09,7066.0,0.00000800,0.0000000004113992,7205094,2019-04-07 04:52:09,BTC,1.79802465,0.0,0.00000800,BTC,802.6461988741639,0.0,0.00062996,157
0,[],22,[],2019-04-07 04:52:12,0.0,0,0,7205095,2019-04-07 04:52:12,,50234.63122879,0.0,0,,55030636.03179465,0.0,0.0,158
,[],17,[],2018-11-20 22:56:10,0.0,0,0,4861976,2018-11-20 22:56:10,btc,1.1265625,0.0,,btc,1000.0,0.0,0.0,159
,[],20,[],2018-11-20 22:56:12,0.0,0,0,4861977,2018-11-20 22:56:12,btc,11912.7940471,0.0,,btc,34413894.3617,0.0,0.0,159
1,[],12,[],2019-04-07 04:52:14,245285.92291572999,0.0000061399999999999996586259355668691028995453962124884128570556640625,0.00000000031574888599999996,7205096,2019-04-07 04:52:14,btc,17.951619763629772,0.0,0.0000061399999999999996586259355668691028995453962124884128570556640625,btc,10192.75667815,0.0029391252571167,0.1122593180999682,168
1,[],17,[],2019-04-07 04:52:16,22852.0,0.00000001,0.000000000000514249,7205097,2019-04-07 04:52:16,btc,0.04106974251542,0.0,0.00000001,btc,256.46171372,0.0,0.00022852000000000001,168
1,[],22,[],2019-04-07 03:35:46,993744.0,0.00000001,0.000000000000511532,7204372,2019-04-07 03:35:46,BTC,45.65738194,0.0,0.00000001,BTC,529106.1947107811,0.0,0.00993744,169
1,[],22,[],2019-04-07 04:52:20,640018.6666666666,0.00000005,0.000000000002571245,7205098,2019-04-07 04:52:20,BTC,11.28981243,0.0,0.00000005,BTC,121855.29625227844,0.0,0.01551998,171
1,[],22,[],2019-04-01 09:30:11,464224.0,0.00000029,0.000000000011989963000000002,7131874,2019-04-01 09:30:11,BTC,2.300003,0.0,0.00000029,"BTC,LTC",295879.07579844765,0.00203181,0.12689866,173
1,[],5,[],2019-04-07 04:52:21,0.0,0,0,7205099,2019-04-07 04:52:21,btc,0.0,0.00735821,0,btc,0.0,0.0,0.0,175
1,[],22,[],2019-04-07 04:52:25,634768.6666666666,0.00000003,0.000000000001542747,7205100,2019-04-07 04:52:25,BTC,0.52441472,0.0,0.00000003,BTC,129184.40469601455,2.78e-06,0.00704306,176
1,[],7,[],2019-04-07 04:06:45,0.0,0,0,7204914,2019-04-07 04:06:45,btc,410872.1961490695,0.0,0,btc,85467347.2367181,0.0,0.0,178
0,[],2,[],2019-01-20 23:28:34,0.0,0,0,6477001,2019-01-20 23:28:34,,0.0,0.0,0,,0.0,0.0,0.0,178
0,[],22,[],2019-04-07 04:52:28,0.0,0,0,7205101,2019-04-07 04:52:28,,1.00242438,0.0,0,,57522.0,0.0,0.0,178
0,[],23,[],2019-01-20 23:25:08,0.0,0,0,6476952,2019-01-20 23:25:08,,0.0,0.0,0,,0.0,0.0,0.0,179
1,[],5,[],2019-04-07 04:52:29,0.0,0,0,7205102,2019-04-07 04:52:29,btc,0.0,0.15999559,0,btc,0.0,0.0,0.0,179
1,[],22,[],2019-04-07 04:52:44,852521.0,0.00000001,0.000000000000514249,7205103,2019-04-07 04:52:44,BTC,5.52123924,0.0,0.00000001,BTC,17683112.192249708,0.00023395,0.00852521,179
1,[],17,[],2019-04-07 04:52:46,10504.725,0.0000001,0.00000000000514249,7205104,2019-04-07 04:52:46,btc,5.201069583842684,0.0,0.0000001,btc,5033.45945,0.0,0.0010504725,180
1,[],22,[],2019-04-07 04:52:49,671970.2973262032,0.00000055,0.000000000028283695,7205105,2019-04-07 04:52:49,BTC,38.03645013,0.0,0.00000055,"BTC,LTC",131471.8594236411,0.0,0.55995229,180
1,[],26,[],2019-04-07 04:52:50,0.0,0.00000125,0.00000000006428112499999999,7205106,2019-04-07 04:52:50,btc,0.0,0.0,0.00000125,btc,0.0,0.0,0.0,180
,[],7,[],2018-11-20 22:58:01,562227.975654,0.00000085,0.000000000036176765,4862015,2018-11-20 22:58:01,btc,21836.6059674,2491.87645172,,btc,749999.041456,0.00211021,0.127565380455,183
,[],5,[],2019-01-10 08:11:41,0.0,0,0,6347036,2019-01-10 08:11:41,btc,82.15055501,0.00261,,btc,1.19002445,0.0,0.0,187
,[],17,[],2018-11-16 20:58:10,4062536.27273,0.00000001,0.000000000000550501,4708775,2018-11-16 20:58:10,btc,3.36492563466,0.195460381006,,"btc,eth",110697919.549,0.0,0.0157628953496,187
1,[],24,[],2019-04-07 04:52:50,0.0,0.000000000014,7.1994859999999995e-16,7205107,2019-04-07 04:52:50,btc,0.0,0.0,0.000000000014,btc,0.0,0.0,0.0,187
1,[],22,[],2019-03-26 06:20:29,12315.0,0.00000001,0.00000000000039339800000000003,7044441,2019-03-26 06:20:29,BTC,7.56699454,0.0,0.00000001,BTC,79361.7243344055,0.0,0.00012315,191
0,[],22,[],2019-04-07 04:52:54,0.0,0,0,7205108,2019-04-07 04:52:54,,0.0,0.0,0,,0.0,0.0,0.0,197
0,[],23,[],2019-01-20 23:31:41,0.0,0,0,6477079,2019-01-20 23:31:41,,0.0,0.0,0,,0.0,0.0,0.0,199
0.00000000018244280000000003,[],22,[],2019-04-07 04:52:58,40000000.0,1.8244280000000003e-18,9.382102745720001e-23,7205109,2019-04-07 04:52:58,LTC,5.45812985,0.0,0.00000001,LTC,26942169.15,0.0,0.4,199
1,[],26,[],2019-04-07 04:52:58,0.0,0.00000000,0,7205110,2019-04-07 04:52:58,btc,0.0,132800.0,0.00000000,btc,0.0,0.0,0.0,199
0,[],2,[],2019-01-20 23:30:49,0.0,0,0,6477059,2019-01-20 23:30:49,,0.0,0.0,0,,0.0,0.0,0.0,201
1,[],4,[],2019-01-25 15:51:35,2084389.58565343,0.00000936,0.000000000333526752,6499557,2019-01-25 15:51:35,btc,2.0092503037378524,0.0,0.00000936,btc,160195.80207885,0.19272417,1.242687955921835,211
1,[],7,[],2019-04-07 04:53:03,3039691.18973661,0.00000110000000000000005610204141526242693771564518101513385772705078125,0.000000000056567390000000004,7205111,2019-04-07 04:53:03,btc,15586195.671627961,561678.688871,0.00000110000000000000005610204141526242693771564518101513385772705078125,btc,13531906.64951365,0.0,2.414595496991149,212
1,[],12,[],2019-01-25 02:44:32,207462.42853209,0.000001080000000000000035831255497387193287295303889550268650054931640625,0.000000000038610756000000006,6493050,2019-01-25 02:44:32,btc,85023.03793723314,0.0,0.000001080000000000000035831255497387193287295303889550268650054931640625,btc,43675.73520027,0.000146250909087,0.0348620860622024,213
1,[],5,[],2019-04-07 04:53:06,0.0,0,0,7205112,2019-04-07 04:53:06,btc,0.0,0.19623711,0,btc,0.0,0.0,0.0,213
1,[],24,[],2019-04-07 04:53:06,0.0,0.000000220000,0.000000000011313478,7205113,2019-04-07 04:53:06,btc,0.0,0.0,0.000000220000,btc,0.0,0.0,0.0,213
1,[],26,[],2019-04-07 04:53:06,0.0,0.00000040,0.00000000002056996,7205114,2019-04-07 04:53:06,btc,0.0,0.0,0.00000040,btc,0.0,0.0,0.0,213
1,[],22,[],2019-04-07 04:53:09,35836.0,0.00000001,0.000000000000514249,7205115,2019-04-07 04:53:09,BTC,9.52190871,0.0,0.00000001,BTC,1112735.9818427025,0.00214164,0.00035836,216
0,[],27,[],2019-04-07 04:53:26,0.0,0,0,7205116,2019-04-07 04:53:26,,0.0,0.0,0,,0.0,0.0,0.0,216
1,[],22,[],2019-04-07 04:53:29,261632.88233996308,0.00000184,0.000000000094621816,7205117,2019-04-07 04:53:29,BTC,12043.59114964,0.0,0.00000184,BTC,301028.7104245538,0.22671748,0.26476008,217
0.000000000000006500000000000001,[],28,[],2019-04-07 04:53:39,260111592.061,2.9256500000000003e-18,1.50451258685e-22,7205120,2019-04-07 04:53:39,doge,127092.73476566267,1591698.519,0.00045010,"btc,doge",16151315.57846,0.0,1.0555335910198821e-11,219
1,[],7,[],2019-04-07 04:53:31,0.0,0,0,7205118,2019-04-07 04:53:31,btc,77969.70443924062,0.0,0,btc,136424979.15198368,0.0,0.0,219
0,[],27,[],2019-04-07 04:53:31,0.0,0,0,7205119,2019-04-07 04:53:31,,0.0,0.0,0,,0.0,0.0,0.0,219
1,[],22,[],2019-04-02 19:32:29,694653.0,0.00000007,0.00000000000330008,7153804,2019-04-02 19:32:29,BTC,2.83309452,0.0,0.00000007,BTC,94373.03430328587,0.00135954,0.03572421,221
1,[],24,[],2019-04-02 19:32:29,0.0,0.000000140000,0.00000000000660016,7153805,2019-04-02 19:32:29,btc,0.0,0.0,0.000000140000,btc,0.0,0.0,0.0,221
1,[],20,[],2019-03-31 04:10:59,44278413.4439,0.000000004,0.0000000000001637328,7116160,2019-03-31 04:10:59,btc,505.9313517634928,196869.539,0.000000004,btc,19332181.9792,0.000787478156,0.0533873483986,224
0,[],22,[],2019-03-31 04:11:02,0.0,0,0,7116161,2019-03-31 04:11:02,,0.0,0.0,0,,0.0,0.0,0.0,224
1,[],26,[],2019-04-07 04:53:40,0.0,0.00000022,0.000000000011313478,7205121,2019-04-07 04:53:40,btc,0.0,0.0,0.00000022,btc,0.0,0.0,0.0,231
1,[],26,[],2019-04-07 04:53:40,0.0,0.00000005,0.000000000002571245,7205122,2019-04-07 04:53:40,btc,0.0,200.0,0.00000005,btc,0.0,0.0,0.0,234
0,[],27,[],2019-04-07 04:53:40,0.0,0,0,7205123,2019-04-07 04:53:40,,0.0,0.0,0,,0.0,0.0,0.0,234
1,[],4,[],2019-04-07 04:53:41,17255431.89468903,0.00000082,0.000000000042168418,7205124,2019-04-07 04:53:41,btc,4.925455750080614,0.0,0.00000082,btc,1312042.41903323,0.02491719,0.3177517042664642,236
1,[],24,[],2019-04-07 04:53:41,0.0,0.000000500000,0.00000000002571245,7205125,2019-04-07 04:53:41,btc,0.0,0.0,0.000000500000,btc,0.0,0.0,0.0,236
1,[],20,[],2019-04-07 04:53:43,76708534.1844,0.000000034,0.0000000000017484466,7205126,2019-04-07 04:53:43,btc,481.8216686663685,11872507.1499,0.000000034,btc,29627583.4324,0.4255101929635,0.6527847041451,237
1,[],22,[],2019-04-07 04:53:46,795976.9,0.00000001,0.000000000000514249,7205127,2019-04-07 04:53:46,BTC,1.20377519,0.0,0.00000001,"BTC,LTC",18869.0,0.0,0.12586331,237
1,[],4,[],2019-04-07 04:53:47,6063280.50457288,0.00000036,0.000000000018512964,7205128,2019-04-07 04:53:47,btc,4.7932541276114415,0.0,0.00000036,btc,8292330.2923913,0.39308169,1.4904093256541475,238
1,[],5,[],2019-04-07 04:53:49,0.0,0,0,7205129,2019-04-07 04:53:49,btc,0.0,0.34359184,0,btc,0.0,0.0,0.0,238
0,[],22,[],2019-03-12 16:49:32,0.0,0,0,6914458,2019-03-12 16:49:32,,0.40415746,0.0,0,,526736.5639027493,0.0,0.0,249
0.00000000018244280000000003,[],22,[],2019-04-07 04:53:53,20049849.0,1.8244280000000003e-18,9.382102745720001e-23,7205130,2019-04-07 04:53:53,LTC,2.40073678,0.0,0.00000001,LTC,30475477.66010582,5.3863594928256005e-11,0.20049849,252
1,[],28,[],2019-04-07 04:54:01,1492608.899,0.00000079,0.000000000040625671,7205131,2019-04-07 04:54:01,btc,164694.13848223365,374836.4843,0.00000079,btc,491733.7958,0.0,0.6582623771,256
1,[],22,[],2019-04-07 04:54:08,1243358.5,0.00000002,0.000000000001028498,7205132,2019-04-07 04:54:08,BTC,21.75700264,0.0,0.00000002,"BTC,LTC",545178.2454253442,9e-05,0.01333363,258
1,[],22,[],2019-03-13 00:07:30,47146.0,0.00000001,0.000000000000387233,6917028,2019-03-13 00:07:30,BTC,2.415167,0.0,0.00000001,BTC,157.0,0.0,0.00047146,259
1,[],5,[],2019-04-07 04:54:10,0.0,0,0,7205133,2019-04-07 04:54:10,btc,0.0,0.24876345,0,btc,0.0,0.0,0.0,264
1,[],20,[],2019-04-07 04:54:12,1259267.0823,0.00000128,0.000000000065823872,7205134,2019-04-07 04:54:12,btc,4.7311752395829,121357.2815,0.00000128,btc,97621.8739,0.248750939087,0.0215384021379,264
0,[],22,[],2019-04-07 04:54:14,0.0,0,0,7205135,2019-04-07 04:54:14,,66.41228252,0.0,0,,721235.4233983938,0.0,0.0,271
0,[],22,[],2019-04-07 04:54:16,0.0,0,0,7205136,2019-04-07 04:54:16,,111843.11266242,0.0,0,,14245627424.692,0.0,0.0,272
0.000000000000006500000000000001,[],28,[],2019-04-07 04:54:24,257616479557.083,2.925e-21,1.504178325e-25,7205137,2019-04-07 04:54:24,doge,44525386.312683456,71970925473.7922,0.00000045,doge,251851659442.3362,0.0,6.188812466371375e-10,272
1,[],22,[],2019-04-07 04:54:29,225244.41176470587,0.00000017,0.000000000008742233,7205138,2019-04-07 04:54:29,BTC,79.78708232,0.0,0.00000017,BTC,47299.28614701752,0.0,0.01883593,281
1,[],22,[],2019-04-07 04:54:32,929615.6845238095,0.00000008,0.000000000004113992,7205139,2019-04-07 04:54:32,BTC,1.42093246,0.0,0.00000008,BTC,247482.26371927268,0.01350412,0.05839082,286
0,[],22,[],2019-04-07 04:54:35,0.0,0,0,7205140,2019-04-07 04:54:35,,1044974.57066254,0.0,0,,1132418521.4347825,0.0,0.0,294
