pairValue,buyBook,exchangeId,sellBook,updated,buyTotal,satoshiPrice,usdPrice,exchangeLogId,created,bestPair,sellTotalBtc,volume,pairPrice,activePairs,sellTotal,volumeBtc,buyTotalBtc,coinId
1,[],3,[],2019-05-08 22:00:05,32373.393119493147,0.01150959000000000009844569603956188075244426727294921875,0.000000681521956506,7586955,2019-05-08 22:00:05,btc,34.72560761966396,12.0677610163,0.01150959000000000009844569603956188075244426727294921875,btc,23.800453226053,0.0,0.6052049474714579,1
1,[],4,[],2019-05-08 22:00:05,208085.4013844,0.01150000,0.0000006809541000000001,7586956,2019-05-08 22:00:05,btc,8.906838101999394,0.0,0.01150000,btc,394.2770911,1.65389041,4.5606064885726845,1
1,[],5,[],2019-05-08 22:00:07,0.0,0,0,7586957,2019-05-08 22:00:07,btc,0.0,0.43717965,0,btc,0.0,0.0,0.0,1
1,[],10,[],2019-05-08 22:00:10,184919.69644944,0.01000445,0.00000059239749963,7586958,2019-05-08 22:00:10,btc,6524.907371114654,1154.3614736,0.01000445,btc,1435.8158318,0.0,4.003896199790202,1
1,[],12,[],2019-05-08 22:00:12,69.02995502,0.01131000000000000060840221749458578415215015411376953125,0.0000006697035540000001,7586959,2019-05-08 22:00:12,btc,0.1952678668053,0.0,0.01131000000000000060840221749458578415215015411376953125,btc,13.85178806,0.1120030064765,0.2556487459005,1
1,[],20,[],2019-05-08 22:00:14,975.4945,0.010710363,0.0000006341970084642,7586960,2019-05-08 22:00:14,btc,0.1214412982312,0.0,0.010710363,btc,8.7,0.0,0.1768743312977,1
1,[],21,[],2019-05-08 22:00:16,1573.70693838,0.01137321999999999985742071829,0.000000673447025148,7586961,2019-05-08 22:00:16,btc,18.113907304616745,1685.66873612,0.0113732199999999998574207182855388964526355266571044921875,"btc,eth",1980.7554802,16.408307946557926,11.683904990083018,1
0,[],22,[],2019-05-08 22:00:18,0.0,0,0,7586962,2019-05-08 22:00:18,,0.3163308,0.0,0,,0.2527518593615956,0.0,0.0,1
1,[],24,[],2019-05-08 22:00:19,0.0,0.000000000000,0,7586963,2019-05-08 22:00:19,btc,0.0,0.0,0.000000000000,btc,0.0,0.0,0.0,1
0.0,[],25,[],2019-05-08 22:00:19,0.0,0,0,7586964,2019-05-08 22:00:19,btc,39.04999999845135,222.10413272,0.0,btc,3368.32516334,2.5413,0.0,1
1,[],26,[],2019-05-08 22:00:22,0.0,0,0,7586965,2019-05-08 22:00:22,,0.0,0.0,0,,0.0,0.0,0.0,1
1,[],28,[],2019-05-08 22:00:42,987.9,0.01131000,0.000000669703554,7586966,2019-05-08 22:00:42,btc,0.160832048,353775.3198,0.01131000,btc,8.7307,0.0,0.024551096,1
0,[],2,[],2019-01-20 23:28:45,0.0,0,0,6477011,2019-01-20 23:28:45,,0.0,0.0,0,,0.0,0.0,0.0,1
1,[],5,[],2019-05-08 22:00:43,0.0,0,0,7586967,2019-05-08 22:00:43,btc,0.0,3.73e-06,0,btc,0.0,0.0,0.0,2
1,[],22,[],2019-05-08 22:00:47,9148.0,0.00000001,0.000000000000592134,7586968,2019-05-08 22:00:47,BTC,21.00846647,0.0,0.00000001,"BTC,XMR",24148.96059725142,0.0,0.00095635,2
1,[],5,[],2019-05-08 22:00:49,0.0,0,0,7586969,2019-05-08 22:00:49,btc,0.0,1.08480907,0,btc,0.0,0.0,0.0,3
1,[],12,[],2019-05-08 22:00:50,2359388.26106,0.000000152,0.000000000009000436800000001,7586970,2019-05-08 22:00:50,btc,2714596.644977078,0.0,0.000000152,btc,4055019.07375999,0.07609200752365043,0.2544220688537,3
0,[],28,[],2019-05-08 22:00:52,0.0,0,0,7586971,2019-05-08 22:00:52,,0.0,0.0,0,,0.0,0.0,0.0,3
0,[],2,[],2019-01-20 23:31:32,0.0,0,0,6477077,2019-01-20 23:31:32,,0.0,0.0,0,,0.0,0.0,0.0,4
1,[],4,[],2019-04-26 19:14:12,610911.70993152,0.00000026,0.000000000013566046,7471614,2019-04-26 19:14:12,btc,31.457742656463164,0.0,0.00000026,btc,718733.71307795,0.00142695,0.0638464483338706,4
0,[],12,[],2019-04-25 23:08:22,0.0,0,0,7459310,2019-04-25 23:08:22,btc,1111851.94727753,0.0,0,btc,953412.0,0.0,0.0,5
0,[],2,[],2019-01-20 23:31:51,0.0,0,0,6477087,2019-01-20 23:31:51,,0.0,0.0,0,,0.0,0.0,0.0,6
1,[],11,[],2019-05-08 22:00:54,5064415.307535999,0.00000001,0.000000000000592134,7586972,2019-05-08 22:00:54,btc,9576.546981859496,717767.0,0.00000001,btc,47358201.75253575,0.0,0.05064415307536,6
1,[],3,[],2019-05-08 22:00:55,11074.1627984503,0.0001707799999999999878037837408584209697437472641468048095703125,0.000000010112464452,7586973,2019-05-08 22:00:55,btc,19.04432895552639,42.9438395808,0.0001707799999999999878037837408584209697437472641468048095703125,btc,314.713226454214,0.0,0.030194076621987125,7
1,[],4,[],2019-05-08 22:00:56,43073.85117687,0.00018052,0.000000010689202968000001,7586974,2019-05-08 22:00:56,btc,8.661470015735773,0.0,0.00018052,btc,37637.71816679,2.93099054,3.9904818573721026,7
1,[],5,[],2019-05-08 22:00:57,0.0,0,0,7586975,2019-05-08 22:00:57,btc,0.0,0.29762757,0,btc,0.0,0.0,0.0,7
1,[],20,[],2019-04-07 22:06:50,3201475.0482,0.000000001,0.000000000000051590000000000004,7213932,2019-04-07 22:06:50,btc,30.8005781811902,0.0,0.000000001,btc,23077405.3926,0.0,0.0032014750482,8
0,[],2,[],2019-01-20 23:22:42,0.0,0,0,6476876,2019-01-20 23:22:42,,0.0,0.0,0,,0.0,0.0,0.0,9
0,[],23,[],2019-01-20 23:22:48,0.0,0,0,6476878,2019-01-20 23:22:48,,0.0,0.0,0,,0.0,0.0,0.0,9
1,[],4,[],2019-05-08 22:01:00,19795415.20761743,0.00000077,0.000000000045594318,7586976,2019-05-08 22:01:00,btc,4.120885175436923,0.0,0.00000077,btc,3318677.38377483,0.52648564,0.4542958478817001,9
1,[],28,[],2019-05-08 22:01:17,18055.0,0.00000021,0.000000000012434814000000001,7586977,2019-05-08 22:01:17,btc,2708.774353000864,3744531.0,0.00000021,btc,24560.2792,0.0,0.00186155,9
1,[],1,[],2019-02-17 23:31:42,1822507.21,0.00000181000000000000003456111265232042484285557293333113193511962890625,0.000000000066086901,6701244,2019-02-17 23:31:42,btc,3.6990969245,17153386.5,0.00000181000000000000003456111265232042484285557293333113193511962890625,btc,1997391.71,31.11772986,3.2610482446,9
1,[],4,[],2019-02-17 11:22:43,4341674.27126056,0.00000002,0.0000000000007272960000000001,6696112,2019-02-17 11:22:43,btc,0.1997230937751353,0.0,0.00000002,btc,4109766.79808031,0.00215132,0.0479381022052112,10
0,[],2,[],2019-01-20 23:23:08,0.0,0,0,6476890,2019-01-20 23:23:08,,0.0,0.0,0,,0.0,0.0,0.0,12
1,[],4,[],2019-05-08 22:01:18,10379688.08218357,0.00000085,0.000000000050331390000000003,7586978,2019-05-08 22:01:18,btc,6.948334192601191,0.0,0.00000085,btc,4993670.52205258,2.05560751,3.2884506101291353,12
1,[],5,[],2019-05-08 22:01:21,0.0,0,0,7586979,2019-05-08 22:01:21,btc,0.0,0.29258326,0,btc,0.0,0.0,0.0,12
0.0,[],25,[],2019-05-08 22:01:22,0.0,0,0,7586980,2019-05-08 22:01:22,,0.0,0.0,0.0,btc,0.0,0.0,0.0,12
1,[],4,[],2019-05-08 22:01:23,32082532.97646021,0.00000641,0.000000000379557894,7586981,2019-05-08 22:01:23,btc,3.1676697897001427,0.0,0.00000641,btc,355246.07081262,0.45226654,1.3467716717872158,13
1,[],10,[],2019-05-08 22:01:25,535495.43416527,0.00000623,0.000000000368899482,7586982,2019-05-08 22:01:25,btc,666793.5675130663,7597.94476367,0.00000623,btc,743127.34820695,0.0,0.4296219042057426,13
1,[],21,[],2019-05-08 22:01:26,3934502.00664368,0.000006409999999999999614644190238,0.000000000379557894,7586983,2019-05-08 22:01:26,btc,9.424148198527087,873948.21080933,0.000006409999999999999614644190237822130029599065892398357391357421875,btc,1221382.63078439,5.61709361,19.538153856785588,13
1,[],4,[],2019-05-08 22:01:28,1070180.92225621,0.00000081,0.000000000047962854,7586984,2019-05-08 22:01:28,btc,6.298221939666957,0.0,0.00000081,btc,1266596.43845515,0.12342698,0.1949700561593812,14
1,[],12,[],2019-05-08 22:01:29,255154.9946242,0.00000085,0.000000000050331390000000003,7586985,2019-05-08 22:01:29,btc,0.118279298109458,0.0,0.00000085,btc,14579.91059467,0.0011531468531507,0.0286145399999779,14
1,[],26,[],2019-05-08 22:01:30,0.0,0.00000050,0.0000000000296067,7586986,2019-05-08 22:01:30,btc,0.0,0.0,0.00000050,btc,0.0,0.0,0.0,14
0,[],17,[],2019-05-03 00:53:32,0.0,0,0,7558876,2019-05-03 00:53:32,btc,0.0,0.0,0,btc,0.0,0.0,0.0,14
0,[],4,[],2019-05-08 22:01:31,0.0,0,0,7586987,2019-05-08 22:01:31,,0.0,0.0,0,,0.0,0.0,0.0,15
,[],12,[],2018-12-01 15:15:48,204241.84496,0.00000489,0.000000000202473384,5260204,2018-12-01 15:15:48,btc,49.5475654835,0.0,,btc,35763.2193806,0.0163153972027625,0.0203389899998,15
0,[],2,[],2019-01-20 23:23:38,0.0,0,0,6476906,2019-01-20 23:23:38,,0.0,0.0,0,,0.0,0.0,0.0,18
1,[],4,[],2019-05-08 22:01:34,28633.93963949,0.00001319,0.000000000781024746,7586988,2019-05-08 22:01:34,btc,1.1080746254494656,0.0,0.00001319,btc,14146.7816163,0.01146296,0.0733178377579047,18
1,[],10,[],2019-05-08 22:01:36,168667.25664426,0.00001374,0.000000000813592116,7586989,2019-05-08 22:01:36,btc,15.895926150891032,4415.04049283,0.00001374,btc,35399.2928161,0.0,0.5072799670134466,18
1,[],12,[],2019-05-08 22:01:36,221286.96021491,0.000013410000000000000356672157086901364664299762807786464691162109375,0.000000000794051694,7586990,2019-05-08 22:01:36,btc,33215.31901061485,0.0,0.000013410000000000000356672157086901364664299762807786464691162109375,btc,1147.18048086,9.5921827768e-05,0.016123274784154498,18
0,[],17,[],2019-05-03 00:53:39,0.0,0,0,7558882,2019-05-03 00:53:39,btc,0.0,0.0,0,btc,0.0,0.0,0.0,18
0,[],2,[],2019-01-20 23:24:19,0.0,0,0,6476924,2019-01-20 23:24:19,,0.0,0.0,0,,0.0,0.0,0.0,19
1,[],3,[],2019-05-08 22:01:38,158002.46397419216,0.000012030000000000000016779112821385666620699339546263217926025390625,0.0000000007123372020000001,7586991,2019-05-08 22:01:38,btc,0.264615506639377,877.51601513,0.000012030000000000000016779112821385666620699339546263217926025390625,btc,7252.566877867577,0.0,0.04905935371462779,19
1,[],4,[],2019-05-08 22:01:38,444904.9610518,0.00001556,0.000000000921360504,7586992,2019-05-08 22:01:38,btc,3.9188723404967876,0.0,0.00001556,btc,130530.12037832,0.56004742,1.2571234340224697,19
1,[],5,[],2019-05-08 22:01:40,0.0,0,0,7586993,2019-05-08 22:01:40,btc,0.0,0.00167015,0,btc,0.0,0.0,0.0,19
1,[],12,[],2019-05-08 22:01:41,199610.98730088,0.000012999999999999999199967216922946278145900578238070011138916015625,0.0000000007697742,7586994,2019-05-08 22:01:41,btc,0.3417426257757475,0.0,0.000012999999999999999199967216922946278145900578238070011138916015625,btc,2933.44246712,0.0138846823507442,0.0883595399996689,19
0,[],27,[],2019-05-08 22:01:46,0.0,0,0,7586995,2019-05-08 22:01:46,,0.0,0.0,0,btc,0.0,0.0,0.0,19
1,[],4,[],2019-05-08 22:01:47,1890069.11944487,0.00000011,0.000000000006513474,7586996,2019-05-08 22:01:47,btc,5.279279685630553,0.0,0.00000011,btc,2279170.28595418,0.0,0.0663675897814302,20
1,[],4,[],2019-05-08 22:01:48,75300989.78118359,0.00000001,0.000000000000592134,7586997,2019-05-08 22:01:48,btc,39189.189287328496,0.0,0.00000001,btc,55209530.48986641,0.0,0.7530098978118358,21
1,[],12,[],2019-05-08 22:01:48,5337423.0,0.00000001,0.000000000000592134,7586998,2019-05-08 22:01:48,btc,2895.662019010819,0.0,0.00000001,btc,7236925.79820176,6.05385314686e-05,0.05337423,21
0,[],17,[],2019-05-03 00:53:51,0.0,0,0,7558891,2019-05-03 00:53:51,btc,0.0,0.0,0,btc,0.0,0.0,0.0,21
1,[],12,[],2019-05-08 21:45:45,8188274709.808,0.0000000005,0.000000000000029632550000000004,7586723,2019-05-08 21:45:45,btc,311119441396.7194,0.0,0.0000000005,btc,2840160969.0543504,0.10322555689860143,1.959282751304,23
0.0000000002858309,[],27,[],2019-05-08 21:45:52,8828748.0,2.858309e-18,1.6939796871590002e-22,7586724,2019-05-08 21:45:52,eth,10182.626875566511,325006930.0,0.00000001,eth,4538424.6944,1.8579404661627399e-09,2.5235289867131998e-11,23
1,[],4,[],2019-05-08 22:01:51,882138.60151017,0.00000036,0.000000000021316824000000002,7586999,2019-05-08 22:01:51,btc,14.036777234586632,0.0,0.00000036,btc,2074512.72475609,0.12946186,0.1167597838886338,24
1,[],22,[],2019-05-08 22:01:56,1021.76,0.00000100,0.0000000000592134,7587000,2019-05-08 22:01:56,BTC,7.415e-05,0.0,0.00000100,BTC,23.919354838709676,0.0,0.00011186,24
0.0,[],25,[],2019-05-08 22:01:57,0.0,0,0,7587001,2019-05-08 22:01:57,,0.0,0.0,0.0,btc,0.0,0.0,0.0,24
0,[],2,[],2019-01-20 23:25:56,0.0,0,0,6476976,2019-01-20 23:25:56,,0.0,0.0,0,,0.0,0.0,0.0,26
1,[],4,[],2019-05-08 22:01:58,26961363.29033903,0.00000532,0.00000000031501528800000003,7587002,2019-05-08 22:01:58,btc,12.680901615305014,0.0,0.00000532,btc,321512.15901568,0.0797292,0.5657109354660919,26
1,[],10,[],2019-05-08 22:02:00,117479.56762532,0.00000852,0.000000000504498168,7587003,2019-05-08 22:02:00,btc,25.864825694297945,2761.53367786,0.00000852,btc,20006.96842861,0.0,0.066997311479854,26
1,[],11,[],2019-04-30 04:16:17,7094566.83690364,0.00000006,0.000000000003115554,7518027,2019-04-30 04:16:17,btc,67504.138725751,6116.07566417,0.00000006,btc,6591680.7351637,0.0,0.38529422037817224,27
1,[],5,[],2019-04-26 09:47:06,0.0,0,0,7465326,2019-04-26 09:47:06,btc,0.0,0.0,0,btc,0.0,0.0,0.0,27
1,[],3,[],2019-04-28 02:38:55,141621.60361514,0.00000001,0.0000000000005253330000000001,7491060,2019-04-28 02:38:55,btc,2.501704004580372,921815.184511,0.00000001,btc,21091882.2176418,0.0,0.0014162160361513999,27
1,[],4,[],2019-05-08 22:02:01,1625183124.321494,0.00000001,0.000000000000592134,7587004,2019-05-08 22:02:01,btc,4.789211766265249,0.0,0.00000001,"btc,ltc",268009978.7153494,0.61205506,10.57898440609672,29
1,[],7,[],2019-05-08 22:02:04,112858448.2164338,0.00000001,0.000000000000592134,7587005,2019-05-08 22:02:04,btc,46550610.51373718,320181.356643,0.00000001,btc,32819117.33227049,0.00640363,1.128584482164338,29
0,[],17,[],2019-05-03 01:11:25,0.0,0,0,7559066,2019-05-03 01:11:25,btc,0.0,0.0,0,btc,0.0,0.0,0.0,30
1,[],4,[],2019-05-08 22:02:05,1911103.36011675,0.00000012,0.0000000000071056080000000005,7587006,2019-05-08 22:02:05,btc,2.8589724114233146,0.0,0.00000012,btc,2528978.32395024,0.01574059,0.0609536498046507,30
1,[],4,[],2019-05-08 22:02:07,213967.42097724,0.00006029,0.000000003569975886,7587007,2019-05-08 22:02:07,btc,6.3102535763024,0.0,0.00006029,btc,59924.69741869,0.87887588,0.6929227798631996,31
1,[],21,[],2019-05-08 22:02:08,101398.0106141,0.00005979999999999999665866237675,0.00000000354096132,7587008,2019-05-08 22:02:08,btc,2.552817559270014,232596.32492263,0.0000597999999999999966586623767472730150984716601669788360595703125,btc,37346.36487855,14.32912785,5.491242540745187,31
0,[],2,[],2019-01-20 23:28:43,0.0,0,0,6477009,2019-01-20 23:28:43,,0.0,0.0,0,,0.0,0.0,0.0,32
1,[],12,[],2019-03-30 07:55:10,40641173.964,0.00000003,0.000000000001228359,7108785,2019-03-30 07:55:10,btc,4233210.82356125,0.0,0.00000003,btc,28378394.68333462,0.0126927883965248,0.90752895892,33
0,[],4,[],2019-05-08 22:02:09,0.0,0,0,7587009,2019-05-08 22:02:09,,0.0,0.0,0,,0.0,0.0,0.0,33
0,[],4,[],2019-05-08 22:02:10,0.0,0,0,7587010,2019-05-08 22:02:10,,3.7719754532821232,0.0,0,,151631896.96275812,0.00012248,0.0,34
1,[],5,[],2019-05-08 22:02:12,0.0,0,0,7587011,2019-05-08 22:02:12,btc,0.0,0.00578461,0,btc,0.0,0.0,0.0,34
0.000000000133684,[],4,[],2019-05-02 18:17:45,3384239970.6360936,1.3368400000000002e-18,7.293946092400001e-23,7556428,2019-05-02 18:17:45,ltc,5.381102735485169e-08,0.0,0.00000001,ltc,6862894551.7408495,0.0,4.524187362345155e-09,36
1,[],5,[],2019-05-02 18:17:46,0.0,0,0,7556429,2019-05-02 18:17:46,btc,0.0,0.0,0,btc,0.0,0.0,0.0,36
0.0000000002926451,[],17,[],2019-05-02 18:17:47,200000.0,2.9264510000000002e-18,1.596703856561e-22,7556430,2019-05-02 18:17:47,eth,0.20942468735267253,0.0,0.00000001,"btc,eth",1018272.20243647,0.0,5.852902e-13,36
0.000000000133684,[],27,[],2019-05-02 18:17:55,7883196.008,1.3368400000000002e-18,7.293946092400001e-23,7556431,2019-05-02 18:17:55,ltc,25567.4086131264,0.0,0.00000001,"ltc,eth",21753551.64,0.0,1.0538571751334722e-11,36
1,[],17,[],2019-05-03 01:11:36,211752.74075282,0.00000025,0.000000000013700074999999998,7559074,2019-05-03 01:11:36,btc,0.055484923955058496,0.0,0.00000025,"btc,eth",1387.19918473,0.0,0.0005381851887916605,37
1,[],4,[],2019-05-08 22:02:13,418116.68873457,0.00000025,0.00000000001480335,7587012,2019-05-08 22:02:13,btc,19772.896013816237,0.0,0.00000025,btc,998389.39636836,0.01396494,0.0580021597533365,37
1,[],12,[],2019-05-08 22:02:14,1110534.55382485,0.00000025,0.00000000001480335,7587013,2019-05-08 22:02:14,btc,61604.96809424662,0.0,0.00000025,btc,563945.7832565,0.0462602437460663,0.1183401635794956,37
1,[],27,[],2019-05-08 22:02:20,1600.0,0.00000015,0.00000000000888201,7587014,2019-05-08 22:02:20,btc,24.12824334291843,0.0,0.00000015,btc,5839.49448498,0.0,3e-05,37
1,[],5,[],2019-05-08 22:02:21,0.0,0,0,7587015,2019-05-08 22:02:21,btc,0.0,0.04199936,0,btc,0.0,0.0,0.0,42
1,[],12,[],2019-05-08 22:02:22,441384.00306682,0.00000260000000000000009410332756087935734967686585150659084320068359375,0.00000000015395484000000002,7587016,2019-05-08 22:02:22,btc,1222238.9531727699,0.0,0.00000260000000000000009410332756087935734967686585150659084320068359375,btc,71344.99461681,0.3518083130290803,0.1486573698030107,42
1,[],27,[],2019-05-08 22:02:33,506.0,0.00000100,0.0000000000592134,7587017,2019-05-08 22:02:33,btc,1.8179904929696,0.0,0.00000100,"btc,eth",2428.82344975,0.0,0.0001000000005907184,42
1,[],12,[],2019-03-13 09:13:29,1112112.0,0.00000001,0.000000000000386531,6919902,2019-03-13 09:13:29,btc,29058.00478931866,0.0,0.00000001,btc,5967681.93306694,9.99000999e-07,0.01112112,43
1,[],5,[],2019-04-26 22:38:52,0.0,0,0,7474154,2019-04-26 22:38:52,btc,0.0,0.02638891,0,btc,0.0,0.0,0.0,43
0,[],17,[],2019-04-26 22:38:53,0.0,0,0,7474155,2019-04-26 22:38:53,btc,0.0,0.0,0,btc,0.0,0.0,0.0,43
1,[],12,[],2019-03-05 01:54:08,639326.02,0.00000004,0.000000000001486676,6845775,2019-03-05 01:54:08,btc,11116042.728239931,0.0,0.00000004,btc,1103841.4595604,0.0003330765234764,0.014975410599999999,44
1,[],4,[],2019-05-08 22:02:35,131627836.57948934,0.00000001,0.000000000000592134,7587018,2019-05-08 22:02:35,btc,436.77401722322764,0.0,0.00000001,"btc,ltc",23259095.09584506,0.004667,0.28754190011148656,49
0.0000000001255684,[],4,[],2019-05-08 22:02:36,75536041.89181745,8.2875144e-17,4.9073190517296e-21,7587019,2019-05-08 22:02:36,ltc,21614.605086883923,0.0,0.00000066,ltc,96551860.48043425,0.0,1.794925443644696e-09,52
0,[],22,[],2019-05-08 22:02:39,0.0,0,0,7587020,2019-05-08 22:02:39,,10304.87709543,0.0,0,,310505736.4566013,0.0,0.0,57
0.0000000002858407,[],27,[],2019-05-08 22:02:46,10000.0,2.858407e-18,1.6925599705380001e-22,7587021,2019-05-08 22:02:46,eth,0.0,0.0,0.00000001,"btc,eth",0.0,0.0,2.858407e-14,57
1,[],17,[],2019-05-03 01:12:09,1200000.0,0.0000000001,0.00000000000000548003,7559085,2019-05-03 01:12:09,btc,1e+24,0.0,0.0000000001,"btc,eth",39516342.31952568,0.0,0.00010000000058666061,58
0.0000000001255684,[],4,[],2019-05-08 22:02:47,1075903079.1705446,1.255684e-18,7.43533189656e-23,7587022,2019-05-08 22:02:47,ltc,19.111262691432664,0.0,0.00000001,ltc,5681206907.53797,0.0,1.3509942820651862e-09,58
1,[],12,[],2019-05-08 22:02:48,1568885053.0,0.0000000001,0.00000000000000592134,7587023,2019-05-08 22:02:48,btc,11897162.832723346,0.0,0.0000000001,btc,4339491585.634366,0.003373728643956036,0.1568885053,58
0.0000000001122535,[],22,[],2019-05-08 22:02:53,137438.0,1.122535e-18,6.6469113969e-23,7587024,2019-05-08 22:02:53,XMR,69.17854956,0.0,0.00000001,XMR,9877516.6,0.0,0.00137438,58
1,[],5,[],2019-05-08 22:02:55,0.0,0,0,7587025,2019-05-08 22:02:55,btc,0.0,0.0,0,btc,0.0,0.0,0.0,61
1,[],22,[],2019-05-08 22:02:58,13613.833333333334,0.00000012,0.0000000000071056080000000005,7587026,2019-05-08 22:02:58,BTC,1002.29626883,0.0,0.00000012,BTC,15392.180177125656,0.0,0.00153269,61
1,[],26,[],2019-05-08 22:02:58,0.0,0.00000100,0.0000000000592134,7587027,2019-05-08 22:02:58,btc,0.0,0.0,0.00000100,btc,0.0,0.0,0.0,61
0.0000000002858407,[],27,[],2019-05-08 22:03:05,100000.0,2.858407e-18,1.6925599705380001e-22,7587028,2019-05-08 22:03:05,eth,1.9482732497246655,0.0,0.00000001,"btc,eth",13266.51663696,0.0,2.858407e-13,61
1,[],28,[],2019-05-08 22:03:07,1039.304,0.00000008,0.000000000004737072,7587029,2019-05-08 22:03:07,btc,2.056501795415105,862.0,0.00000008,btc,10022.46650005,0.0,2.439304e-05,61
1,[],4,[],2019-05-08 22:03:08,1256710.25726808,0.00000105,0.00000000006217407,7587030,2019-05-08 22:03:08,btc,1.1164607066568748,0.0,0.00000105,btc,450038.96187064,0.04733207,0.833221835004949,67
0.0,[],25,[],2019-05-08 22:03:10,0.0,0,0,7587031,2019-05-08 22:03:10,,0.0,0.0,0.0,btc,0.0,0.0,0.0,67
1,[],12,[],2019-05-08 22:03:11,647283.33333333,0.00000016,0.000000000009474144,7587032,2019-05-08 22:03:11,btc,55556348.24401164,0.0,0.00000016,btc,1457822.08294144,0.0114472347552452,0.0233698199999996,71
,[],5,[],2018-11-20 23:02:39,1.5e-07,0.00000005,0.000000000002128045,4862160,2018-11-20 23:02:39,btc,2.84511358,0.0,,btc,0.00036572,0.0,0.07381892,74
1,[],5,[],2019-05-08 22:03:13,0.0,0,0,7587033,2019-05-08 22:03:13,btc,0.0,0.003433,0,btc,0.0,0.0,0.0,75
0,[],20,[],2019-01-25 09:30:31,0.0,0,0,6495923,2019-01-25 09:30:31,btc,0.0,0.0,0,btc,0.0,0.0,0.0,81
0,[],4,[],2019-05-08 22:03:14,0.0,0,0,7587034,2019-05-08 22:03:14,,133703.4208162909,0.0,0,,35148991.36623591,0.0,0.0,81
1,[],4,[],2019-05-08 22:03:16,24508.80529431,0.00006714,0.000000003975587676,7587035,2019-05-08 22:03:16,btc,18.947478443373676,0.0,0.00006714,btc,30031.1205865,0.37254557,0.1734372785544965,82
1,[],21,[],2019-05-08 22:03:16,3254598.15207084,0.00006522000000000000236380359731,0.000000003861897948,7587036,2019-05-08 22:03:16,btc,3.6111664039446336,15380.1181182,0.0000652200000000000023638035973050364191294647753238677978515625,btc,47565.0829166,1.02257093,1.8850986290879033,82
0,[],17,[],2019-03-25 22:42:34,0.0,0,0,7038780,2019-03-25 22:42:34,btc,0.0445064681804024,0.0,0,btc,995513.18476001,0.0,0.0,84
0.00000000013644,[],4,[],2019-05-01 19:17:39,299701867.376,1.3644e-18,7.259508504e-23,7542161,2019-05-01 19:17:39,ltc,1.6769037726995486,0.0,0.00000001,ltc,427823536.87452894,0.00010978,4.089132278478144e-10,85
,[],22,[],2018-11-20 23:09:34,3408.1,0.0000001,0.0000000000041895,4862324,2018-11-20 23:09:34,BTC,0.04624735,0.0,,BTC,4990.0,0.0,0.00033081,86
1,[],22,[],2019-05-08 22:03:20,89999.0,0.00000001,0.000000000000592134,7587037,2019-05-08 22:03:20,BTC,3.66432991,0.0,0.00000001,BTC,332904.29736842104,0.0,0.00089999,87
1,[],27,[],2019-05-08 22:03:24,10674.0,0.00000001,0.000000000000592134,7587038,2019-05-08 22:03:24,btc,4.960708560736,0.0,0.00000001,btc,10217.62841,0.0,0.00010674,87
,[],2,[],2018-11-20 23:10:47,0.0,0,0,4862359,2018-11-20 23:10:47,,0.0,0.0,,,0.0,0.0,0.0,88
1,[],11,[],2019-05-08 22:03:26,83925.02058258,0.00014443999999999999265913597223942588243517093360424041748046875,0.000000008552783496,7587039,2019-05-08 22:03:26,btc,171.14980357232585,7057.20361284,0.00014443999999999999265913597223942588243517093360424041748046875,btc,173244.12005775,0.0,5.169277793857204,89
0,[],2,[],2019-01-20 23:31:45,0.0,0,0,6477083,2019-01-20 23:31:45,,0.0,0.0,0,,0.0,0.0,0.0,91
0,[],17,[],2019-05-03 01:12:26,0.0,0,0,7559096,2019-05-03 01:12:26,btc,0.0,0.0,0,btc,0.0,0.0,0.0,91
1,[],12,[],2019-05-08 22:03:28,430330.55883973,0.00000066,0.000000000039080844000000005,7587040,2019-05-08 22:03:28,btc,89.71199368694263,0.0,0.00000066,btc,164922.17899308,0.0029936888577264,0.0418214311999571,91
1,[],22,[],2019-05-08 22:03:33,76014.0,0.0000008,0.00000000004737072,7587041,2019-05-08 22:03:33,BTC,0.1,0.0,0.0000008,"BTC,LTC",1.0,0.0,0.0017135,91
1,[],22,[],2019-04-09 20:17:52,374949.73333333334,0.00000015,0.000000000007771935,7235704,2019-04-09 20:17:52,BTC,6.87372503,0.0,0.00000015,"BTC,LTC",159980.01196797504,1.1e-05,0.80510266,95
0,[],17,[],2019-05-03 01:12:32,0.0,0,0,7559100,2019-05-03 01:12:32,btc,0.0,0.0,0,btc,0.0,0.0,0.0,96
0.0000000001255684,[],4,[],2019-05-08 22:05:33,553398295.8584392,8.4130828e-17,4.9816723706952e-21,7587042,2019-05-08 22:05:33,ltc,1.425522953248918e-08,0.0,0.00000067,ltc,17750841.44414618,0.00424206,1.8008609633027013e-09,96
0,[],12,[],2019-05-08 22:05:35,0.0,0,0,7587043,2019-05-08 22:05:35,btc,25054.263495943975,0.0,0,btc,6819451.21678321,0.0003189486413586,0.0,96
1,[],4,[],2019-04-14 03:32:46,1039404.33283278,0.00000038,0.000000000019245518,7293458,2019-04-14 03:32:46,btc,4.170086055365747,0.0,0.00000038,btc,3097704.34561074,0.06260606,0.1859928211030784,99
0,[],2,[],2019-01-20 23:23:55,0.0,0,0,6476914,2019-01-20 23:23:55,,0.0,0.0,0,,0.0,0.0,0.0,100
1,[],4,[],2019-05-08 22:05:36,363594.77717964,0.00003529,0.000000002089640886,7587044,2019-05-08 22:05:36,btc,7.077501191379644,0.0,0.00003529,btc,121839.46829451,0.4187666,0.7131226816724908,100
1,[],22,[],2019-05-08 22:05:39,130000.0,0.00000001,0.000000000000592134,7587045,2019-05-08 22:05:39,BTC,24.83526409,0.0,0.00000001,BTC,11187.719,0.0,0.0013,101
1,[],4,[],2019-05-08 22:05:40,575024.50149881,0.00000571,0.000000000338108514,7587046,2019-05-08 22:05:40,btc,251.3114297971882,0.0,0.00000571,btc,402890.90564891,3.38045396,0.6114724306089334,103
1,[],12,[],2019-05-08 22:05:42,108584561.51292,0.000000005,0.000000000000296067,7587047,2019-05-08 22:05:42,btc,468525131.28365815,0.0,0.000000005,btc,107431666.42457943,0.04339996218005077,0.20501813371276,105
1,[],27,[],2019-05-08 22:05:50,11865.0,0.00000001,0.000000000000592134,7587048,2019-05-08 22:05:50,btc,0.0689357688051137,111.0,0.00000001,btc,864584.59450753,1.11e-06,0.00011865,105
1,[],22,[],2019-04-21 00:17:26,21333.0,0.00000001,0.000000000000532493,7385819,2019-04-21 00:17:26,BTC,51.38182867,0.0,0.00000001,BTC,470435.0,0.0,0.00021333,107
1,[],26,[],2019-04-21 00:17:26,0.0,0.00000000,0,7385820,2019-04-21 00:17:26,btc,0.0,0.0,0.00000000,btc,0.0,0.0,0.0,107
1,[],5,[],2019-05-08 22:05:52,0.0,0,0,7587049,2019-05-08 22:05:52,btc,0.0,0.0,0,btc,0.0,0.0,0.0,112
0,[],22,[],2019-05-08 22:05:55,0.0,0,0,7587050,2019-05-08 22:05:55,,2.79003697,0.0,0,,1380942.0833333333,0.0,0.0,112
1,[],27,[],2019-05-08 22:06:06,1.0,0.00000001,0.000000000000592134,7587051,2019-05-08 22:06:06,btc,1.25032588,0.0,0.00000001,"btc,eth",1819.0,0.0,1e-08,112
1,[],4,[],2019-05-08 22:06:07,336231.17459367,0.00000141,0.000000000083490894,7587052,2019-05-08 22:06:07,btc,4.814872063402666,0.0,0.00000141,btc,542776.78108984,0.05551903,0.201793073285238,113
1,[],5,[],2019-05-08 22:06:10,0.0,0,0,7587053,2019-05-08 22:06:10,btc,0.0,0.00098395,0,btc,0.0,0.0,0.0,113
1,[],17,[],2019-04-26 02:17:47,162738.278,0.00000004,0.0000000000021069000000000002,7461287,2019-04-26 02:17:47,btc,1.3331140273775473,0.0,0.00000004,btc,51796.221,0.0,0.00230953112,116
0,[],27,[],2019-04-26 02:19:51,0.0,0,0,7461288,2019-04-26 02:19:51,,0.0,0.0,0,,0.0,0.0,0.0,116
1,[],4,[],2019-05-07 20:09:28,131822.85721655,0.00001022,0.00000000060230548,7572994,2019-05-07 20:09:28,btc,132.18460413545117,0.0,0.00001022,btc,268070.13193351,0.06918336,1.0489745103085106,120
1,[],7,[],2019-05-07 20:09:30,9501.79941055,0.000011699999999999999788190263583231853772304020822048187255859375,0.0000000006895277999999999,7572995,2019-05-07 20:09:30,btc,231185.88817567716,62.23644451,0.000011699999999999999788190263583231853772304020822048187255859375,btc,4076.97424313,0.00072692,0.018013380795019,120
1,[],20,[],2019-04-07 18:42:29,1914137.0852,0.000000035,0.0000000000017871910000000002,7211992,2019-04-07 18:42:29,btc,32.2497668025648,25528.85,0.000000035,btc,1001975.4986,0.00089350975,0.0152723574729,125
1,[],22,[],2019-05-08 22:06:14,110000.0,0.00000001,0.000000000000592134,7587054,2019-05-08 22:06:14,BTC,0.032061,0.0,0.00000001,BTC,299316.7611111111,0.0,0.0011,126
1,[],4,[],2019-05-08 21:57:32,1857110.86190687,0.00000913,0.000000000540920545,7586903,2019-05-08 21:57:32,btc,3.3287513954747827,0.0,0.00000913,btc,161627.75106226,0.09486376,0.4830952052568548,131
0,[],2,[],2019-01-20 23:25:46,0.0,0,0,6476969,2019-01-20 23:25:46,,0.0,0.0,0,,0.0,0.0,0.0,131
1,[],17,[],2019-05-03 01:13:10,10000.0,0.00000001,0.000000000000548003,7559115,2019-05-03 01:13:10,btc,0.0953976503951408,0.0,0.00000001,btc,5037.62507334,0.0,0.0001,131
1,[],4,[],2019-05-08 22:06:14,4705.60321292,0.00012877,0.000000007624909518,7587055,2019-05-08 22:06:14,btc,6.011524753159992,0.0,0.00012877,btc,191.61415747,0.0,0.0074617379591075,135
1,[],3,[],2019-05-08 22:06:15,530498.0,0.00000001,0.000000000000592134,7587056,2019-05-08 22:06:15,btc,0.1029057631805504,129896.5,0.00000001,btc,1124104.34967245,0.0,0.00530498,136
1,[],4,[],2019-05-08 22:06:17,3648898.87377783,0.00000215,0.00000000012730881,7587057,2019-05-08 22:06:17,btc,319.75289274498357,0.0,0.00000215,btc,531596.79988372,0.00992536,0.9392614229929197,137
1,[],12,[],2019-05-08 22:06:18,331307.38037981,0.00000206000000000000018206681821897330308956952649168670177459716796875,0.000000000121979604,7587058,2019-05-08 22:06:18,btc,48520.49984638476,0.0,0.00000206000000000000018206681821897330308956952649168670177459716796875,btc,40862.24229997,6.93e-05,0.0375989299999303,137
1,[],20,[],2019-05-08 21:57:41,167398.926,0.00003401,0.0000000020149734649999997,7586910,2019-05-08 21:57:41,btc,1.7087664433938,0.0,0.00003401,btc,8218.5298,0.0,0.059870778162,142
1,[],17,[],2019-05-03 01:13:16,32967.38636364,0.00000088,0.000000000048224264,7559122,2019-05-03 01:13:16,btc,20.06976206696776,0.0,0.00000088,btc,2746.079105,0.0,0.0105613000000032,142
1,[],4,[],2019-05-08 22:06:19,53840.70131766,0.00003477,0.000000002058849918,7587059,2019-05-08 22:06:19,btc,5.193190336405628,0.0,0.00003477,btc,71845.95844007,0.48608742,0.2997147170073449,142
1,[],5,[],2019-05-08 22:06:20,0.0,0,0,7587060,2019-05-08 22:06:20,btc,0.0,0.16405649,0,btc,0.0,0.0,0.0,142
1,[],22,[],2019-05-08 22:06:27,1370.0,0.00000200,0.0000000001184268,7587061,2019-05-08 22:06:27,BTC,3.2756588,0.0,0.00000200,BTC,1135.5948275773155,0.0,0.0003632,142
0.0,[],25,[],2019-05-08 22:06:28,0.0,0,0,7587062,2019-05-08 22:06:28,,0.0,0.0,0.0,btc,0.0,0.0,0.0,142
1,[],28,[],2019-05-08 22:06:38,79102.0,0.00003311,0.0000000019605556740000002,7587063,2019-05-08 22:06:38,btc,0.0632226924,240438.0,0.00003311,btc,611.87303,0.0,0.07347342,142
0,[],22,[],2019-05-08 22:06:41,0.0,0,0,7587064,2019-05-08 22:06:41,,66.66505393,0.0,0,,938775805.8,0.0,0.0,143
0,[],22,[],2019-02-25 15:42:22,0.0,0,0,6783783,2019-02-25 15:42:22,,4.2131946,0.0,0,,2322156.0,0.0,0.0,146
,[],22,[],2018-11-20 23:01:11,0.0,0,0,4862114,2018-11-20 23:01:11,,2.56807021,0.0,,,61828.4988236,0.0,0.0,147
1,[],12,[],2019-04-21 06:38:04,193091.5971266,0.00000071,0.000000000037635183,7388679,2019-04-21 06:38:04,btc,2.301232411611175,0.0,0.00000071,btc,9957.48302385,0.00023528,0.0313308199999888,148
1,[],4,[],2019-03-19 21:31:25,255810.0415942,0.00000029,0.000000000011615747,6982695,2019-03-19 21:31:25,btc,218.94922712414143,0.0,0.00000029,btc,793529.37642722,0.00117,0.0608347789473395,152
0,[],22,[],2019-03-19 21:31:27,0.0,0,0,6982696,2019-03-19 21:31:27,,0.0,0.0,0,,0.0,0.0,0.0,152
1,[],5,[],2019-04-26 09:36:59,0.0,0,0,7465040,2019-04-26 09:36:59,btc,0.0,0.0,0,btc,0.0,0.0,0.0,153
,[],16,[],2019-01-11 15:38:59,0.0,0,0,6366141,2019-01-11 15:38:59,btc,0.0,0.0,,btc,0.0,0.0,0.0,155
0,[],23,[],2019-01-20 23:24:29,0.0,0,0,6476932,2019-01-20 23:24:29,,0.0,0.0,0,,0.0,0.0,0.0,156
0,[],22,[],2019-05-08 22:06:44,0.0,0,0,7587065,2019-05-08 22:06:44,,6.80191271,0.0,0,,4673448.342592592,0.0,0.0,156
1,[],22,[],2019-05-08 22:06:47,7066.0,0.00000800,0.0000000004737072,7587066,2019-05-08 22:06:47,BTC,1.79802465,0.0,0.00000800,BTC,802.6461988741639,0.0,0.00062996,157
0,[],22,[],2019-05-07 22:25:46,0.0,0,0,7574238,2019-05-07 22:25:46,,50234.60468402,0.0,0,,54786159.03179465,0.0,0.0,158
,[],17,[],2018-11-20 22:56:10,0.0,0,0,4861976,2018-11-20 22:56:10,btc,1.1265625,0.0,,btc,1000.0,0.0,0.0,159
,[],20,[],2018-11-20 22:56:12,0.0,0,0,4861977,2018-11-20 22:56:12,btc,11912.7940471,0.0,,btc,34413894.3617,0.0,0.0,159
1,[],17,[],2019-05-03 01:13:36,42852.0,0.00000002,0.000000000001096006,7559132,2019-05-03 01:13:36,btc,0.04279856251542,0.0,0.00000002,btc,274.46171372,0.0,0.00052852,168
1,[],12,[],2019-05-08 22:06:48,263006.69213983,0.00000391999999999999973790930363204410014077438972890377044677734375,0.000000000232116528,7587067,2019-05-08 22:06:48,btc,23.169830930420567,0.0,0.00000391999999999999973790930363204410014077438972890377044677734375,btc,11507.35731562,0.002064806894234,0.0496349492629746,168
1,[],22,[],2019-05-07 03:57:18,743122.0,0.00000001,0.000000000000593596,7562020,2019-05-07 03:57:18,BTC,41.40912107,0.0,0.00000001,BTC,1593401.2737547632,0.00342649,0.00743122,169
1,[],22,[],2019-05-08 22:06:52,225990.0,0.00000018,0.000000000010658412000000001,7587068,2019-05-08 22:06:52,BTC,30.19032405,0.0,0.00000018,BTC,446923.58201967884,0.00047556,0.0044708,171
1,[],22,[],2019-05-08 22:06:57,355923.2,0.0000001,0.00000000000592134,7587069,2019-05-08 22:06:57,BTC,823.66782488,0.0,0.0000001,"BTC,LTC",671809.8676736787,0.00018098,0.01373235,173
1,[],5,[],2019-05-06 19:49:32,0.0,0,0,7559281,2019-05-06 19:49:32,btc,0.0,0.00023336,0,btc,0.0,0.0,0.0,175
1,[],22,[],2019-05-08 22:07:01,90671.0,0.00000001,0.000000000000592134,7587070,2019-05-08 22:07:01,BTC,394.0276142,0.0,0.00000001,BTC,136275.61833431243,0.0,0.00090671,176
0,[],22,[],2019-05-08 22:07:06,0.0,0,0,7587072,2019-05-08 22:07:06,,1.00242428,0.0,0,,57512.0,0.0,0.0,178
0,[],2,[],2019-01-20 23:28:34,0.0,0,0,6477001,2019-01-20 23:28:34,,0.0,0.0,0,,0.0,0.0,0.0,178
1,[],7,[],2019-05-08 22:07:03,0.0,0,0,7587071,2019-05-08 22:07:03,btc,520269.7508749689,51004.995005,0,btc,17725237.21829177,0.00051005,0.0,178
1,[],5,[],2019-05-08 22:07:07,0.0,0,0,7587073,2019-05-08 22:07:07,btc,0.0,0.01920659,0,btc,0.0,0.0,0.0,179
1,[],22,[],2019-05-08 22:07:11,3039488.0,0.00000001,0.000000000000592134,7587074,2019-05-08 22:07:11,BTC,5.33219583,0.0,0.00000001,BTC,14002478.411946677,0.0,0.03039488,179
0,[],23,[],2019-01-20 23:25:08,0.0,0,0,6476952,2019-01-20 23:25:08,,0.0,0.0,0,,0.0,0.0,0.0,179
1,[],22,[],2019-05-08 22:07:15,648570.221048321,0.00000185,0.00000000010954479,7587075,2019-05-08 22:07:15,BTC,41.80872661,0.0,0.00000185,"BTC,LTC",45650.840711375655,0.27385794,0.56533989,180
1,[],26,[],2019-05-08 22:07:16,0.0,0.00000120,0.00000000007105608,7587076,2019-05-08 22:07:16,btc,0.0,0.0,0.00000120,btc,0.0,0.0,0.0,180
1,[],17,[],2019-05-03 01:13:56,20504.725000000002,0.0000001,0.00000000000548003,7559141,2019-05-03 01:13:56,btc,5.2010695838400265,0.0,0.0000001,btc,5033.45945,0.0,0.0011504725,180
,[],7,[],2018-11-20 22:58:01,562227.975654,0.00000085,0.000000000036176765,4862015,2018-11-20 22:58:01,btc,21836.6059674,2491.87645172,,btc,749999.041456,0.00211021,0.127565380455,183
,[],5,[],2019-01-10 08:11:41,0.0,0,0,6347036,2019-01-10 08:11:41,btc,82.15055501,0.00261,,btc,1.19002445,0.0,0.0,187
1,[],24,[],2019-04-30 17:34:05,0.0,0.000000000014,7.396256000000001e-16,7526291,2019-04-30 17:34:05,btc,0.0,0.0,0.000000000014,btc,0.0,0.0,0.0,187
,[],17,[],2018-11-16 20:58:10,4062536.27273,0.00000001,0.000000000000550501,4708775,2018-11-16 20:58:10,btc,3.36492563466,0.195460381006,,"btc,eth",110697919.549,0.0,0.0157628953496,187
0,[],22,[],2019-04-25 02:54:07,0.0,0,0,7447896,2019-04-25 02:54:07,,7.54794454,0.0,0,,76361.7243344055,0.0,0.0,191
0,[],22,[],2019-05-08 22:09:17,0.0,0,0,7587077,2019-05-08 22:09:17,,0.0,0.0,0,,0.0,0.0,0.0,197
0,[],23,[],2019-01-20 23:31:41,0.0,0,0,6477079,2019-01-20 23:31:41,,0.0,0.0,0,,0.0,0.0,0.0,199
0.0000000001257196,[],22,[],2019-05-08 21:58:25,54733331.0,2.514392e-18,1.48968925628e-22,7586927,2019-05-08 21:58:25,LTC,18.75588347,0.0,0.00000002,LTC,35265414.0,2.5143920000000003e-15,0.64066281,199
1,[],26,[],2019-05-08 21:58:25,0.0,0.00000000,0,7586928,2019-05-08 21:58:25,btc,0.0,0.0,0.00000000,btc,0.0,0.0,0.0,199
0,[],2,[],2019-01-20 23:30:49,0.0,0,0,6477059,2019-01-20 23:30:49,,0.0,0.0,0,,0.0,0.0,0.0,201
1,[],4,[],2019-01-25 15:51:35,2084389.58565343,0.00000936,0.000000000333526752,6499557,2019-01-25 15:51:35,btc,2.0092503037378524,0.0,0.00000936,btc,160195.80207885,0.19272417,1.242687955921835,211
1,[],7,[],2019-05-08 22:09:20,14568053.57966871,0.0000009,0.00000000005329206,7587078,2019-05-08 22:09:20,btc,15559125.522887325,82278.3712346,0.0000009,btc,11465983.25438351,0.0,1.7485338847961984,212
1,[],5,[],2019-05-07 13:02:51,0.0,0,0,7566706,2019-05-07 13:02:51,btc,0.0,0.43032184,0,btc,0.0,0.0,0.0,213
1,[],24,[],2019-05-07 13:02:52,0.0,0.000000050000,0.000000000002968865,7566707,2019-05-07 13:02:52,btc,0.0,0.0,0.000000050000,btc,0.0,0.0,0.0,213
1,[],26,[],2019-05-07 13:02:52,0.0,0.00000040,0.00000000002375092,7566708,2019-05-07 13:02:52,btc,0.0,0.0,0.00000040,btc,0.0,0.0,0.0,213
1,[],12,[],2019-01-25 02:44:32,207462.42853209,0.000001080000000000000035831255497387193287295303889550268650054931640625,0.000000000038610756000000006,6493050,2019-01-25 02:44:32,btc,85023.03793723314,0.0,0.000001080000000000000035831255497387193287295303889550268650054931640625,btc,43675.73520027,0.000146250909087,0.0348620860622024,213
0,[],22,[],2019-05-08 22:09:23,0.0,0,0,7587079,2019-05-08 22:09:23,,9.57944616,0.0,0,,2240817.094064925,0.0,0.0,216
1,[],27,[],2019-05-08 22:09:30,28596.0,0.00000001,0.000000000000592134,7587080,2019-05-08 22:09:30,btc,61.56861639203932,2000.0,0.00000001,"btc,ltc",218476.557308,2e-05,0.00028596,216
1,[],22,[],2019-05-08 22:09:34,304352.6236890356,0.00000135,0.00000000007993809,7587081,2019-05-08 22:09:34,BTC,12055.03780849,0.0,0.00000135,BTC,453974.4160542664,0.01503818,0.07431842,217
1,[],7,[],2019-05-08 22:09:36,0.0,0,0,7587082,2019-05-08 22:09:36,btc,111302.55947335159,0.0,0,btc,136862970.83745575,0.0,0.0,219
0,[],27,[],2019-05-08 22:09:40,0.0,0,0,7587083,2019-05-08 22:09:40,,0.03460067,0.0,0,btc,1642528.0,0.0,0.0,219
0.0000000000000043000000000000005,[],28,[],2019-05-08 22:09:50,487474352.014,2.58e-18,1.5277057200000002e-22,7587084,2019-05-08 22:09:50,doge,3650139.884678419,30303.2743,0.00060000,"btc,doge",45067588.5026,0.0,2.326169072291175e-11,219
1,[],22,[],2019-05-08 21:58:56,398200.0,0.00000004,0.0000000000023698599999999998,7586936,2019-05-08 21:58:56,BTC,56.8288224,0.0,0.00000004,BTC,148582.84827387411,0.0006278,0.012982,221
1,[],24,[],2019-05-08 21:58:56,0.0,0.000000010000,0.0000000000005924649999999999,7586937,2019-05-08 21:58:56,btc,0.0,0.0,0.000000010000,btc,0.0,0.0,0.0,221
1,[],20,[],2019-05-08 22:09:52,14808625.8671,0.000000008,0.0000000000004737072,7587085,2019-05-08 22:09:52,btc,100092.89820840031,341887.8181,0.000000008,btc,23102075.9048,0.0032607659991,0.0547593662482,224
0,[],22,[],2019-05-08 22:09:55,0.0,0,0,7587086,2019-05-08 22:09:55,,0.0,0.0,0,,0.0,0.0,0.0,224
1,[],26,[],2019-05-08 22:09:55,0.0,0.00000026,0.000000000015395484,7587087,2019-05-08 22:09:55,btc,0.0,0.0,0.00000026,btc,0.0,0.0,0.0,231
1,[],26,[],2019-05-08 21:59:02,0.0,0.00000005,0.000000000002962325,7586941,2019-05-08 21:59:02,btc,0.0,0.0,0.00000005,btc,0.0,0.0,0.0,234
0.0000000002859023,[],27,[],2019-05-08 21:59:09,10000.0,2.8590230000000003e-18,1.693871061695e-22,7586942,2019-05-08 21:59:09,eth,0.01134836604,0.0,0.00000001,"btc,eth",11462.996,0.0,2.8590230000000004e-14,234
1,[],4,[],2019-04-29 21:02:20,217188.93193785,0.00000080,0.00000000004151584,7514327,2019-04-29 21:02:20,btc,5.239800103892936,0.0,0.00000080,btc,797346.30008933,0.0,0.0590549781555679,236
1,[],24,[],2019-04-29 21:02:20,0.0,0.000000100000,0.00000000000518948,7514328,2019-04-29 21:02:20,btc,0.0,0.0,0.000000100000,btc,0.0,0.0,0.0,236
1,[],5,[],2019-05-06 20:53:15,0.0,0,0,7559637,2019-05-06 20:53:15,btc,0.0,0.20253514,0,btc,0.0,0.0,0.0,237
1,[],20,[],2019-05-06 20:53:18,38173217.6136,0.000000083,0.0000000000047460728,7559638,2019-05-06 20:53:18,btc,21342.514614200165,8832375.7238,0.000000083,btc,27701499.3386,0.7554403456107,1.3621107610479,237
1,[],22,[],2019-05-06 20:53:20,343938.0,0.00000009,0.000000000005146344,7559639,2019-05-06 20:53:20,BTC,1.20267422,0.0,0.00000009,BTC,17930.94871794872,0.0,0.01017442,237
1,[],4,[],2019-05-08 22:09:57,24134850.69608811,0.00000014,0.000000000008289876,7587088,2019-05-08 22:09:57,btc,3.3734440346110346,0.0,0.00000014,btc,9257576.93101889,0.16213395,1.073953144343918,238
1,[],5,[],2019-05-08 22:09:58,0.0,0,0,7587089,2019-05-08 22:09:58,btc,0.0,0.01235533,0,btc,0.0,0.0,0.0,238
0,[],22,[],2019-03-12 16:49:32,0.0,0,0,6914458,2019-03-12 16:49:32,,0.40415746,0.0,0,,526736.5639027493,0.0,0.0,249
0,[],22,[],2019-05-08 22:10:04,0.0,0,0,7587090,2019-05-08 22:10:04,,3.66371783,0.0,0,,30800729.985502645,0.0,0.0,252
1,[],28,[],2019-05-08 22:10:18,41587785.199,0.00000036,0.000000000021316824000000002,7587091,2019-05-08 22:10:18,btc,43891.96908213952,157912.21,0.00000036,btc,2933954.3165,0.0,0.6133597971,256
1,[],22,[],2019-05-08 22:10:21,1088993.5,0.00000002,0.000000000001184268,7587092,2019-05-08 22:10:21,BTC,21.88116616,0.0,0.00000002,BTC,522884.63333384093,0.0,0.01124633,258
1,[],22,[],2019-03-13 00:07:30,47146.0,0.00000001,0.000000000000387233,6917028,2019-03-13 00:07:30,BTC,2.415167,0.0,0.00000001,BTC,157.0,0.0,0.00047146,259
1,[],5,[],2019-05-08 21:59:21,0.0,0,0,7586948,2019-05-08 21:59:21,btc,0.0,0.24189732,0,btc,0.0,0.0,0.0,264
1,[],20,[],2019-05-08 21:59:23,1286603.6019,0.000000502,0.000000000029741743,7586949,2019-05-08 21:59:23,btc,4.8461298472195,67513.776,0.000000502,btc,88305.9045,0.0831061496523,0.0218752467776,264
0,[],22,[],2019-04-12 17:57:27,0.0,0,0,7278186,2019-04-12 17:57:27,,66.37522201,0.0,0,,677842.4169881374,0.0,0.0,271
0,[],22,[],2019-05-08 22:10:24,0.0,0,0,7587093,2019-05-08 22:10:24,,33051802.3172899,0.0,0,,15696307799.7,0.0,0.0,272
0.0000000000000043000000000000005,[],28,[],2019-05-08 22:10:42,403689000665.5,9.89e-22,5.85620526e-26,7587094,2019-05-08 22:10:42,doge,26763829.85090186,18783184890.621,0.00000023,doge,363269050040.561,0.0,2.2308135206425702e-10,272
1,[],22,[],2019-05-08 22:10:46,171499.7,0.00000014,0.000000000008289876,7587095,2019-05-08 22:10:46,BTC,427.42495672,0.0,0.00000014,BTC,249705.37764460206,0.0,0.00967418,281
1,[],22,[],2019-05-08 22:10:51,610237.6,0.00000002,0.000000000001184268,7587096,2019-05-08 22:10:51,BTC,536.90453142,0.0,0.00000002,"BTC,LTC",590775.6256135202,0.00073176,0.01735607,286
0,[],22,[],2019-05-08 22:10:53,0.0,0,0,7587097,2019-05-08 22:10:53,,7337892.38050348,0.0,0,,1357674043.2797825,0.0,0.0,294
