pairValue,buyBook,exchangeId,sellBook,updated,buyTotal,satoshiPrice,usdPrice,exchangeLogId,created,bestPair,sellTotalBtc,volume,pairPrice,activePairs,sellTotal,volumeBtc,buyTotalBtc,coinId
1,[],3,[],2019-05-25 05:37:20,436.21438032617,0.0102525800000000007206057972553026047535240650177001953125,0.0000008178790643400001,7682967,2019-05-25 05:37:20,btc,1.4296422190433664,62.8319829656,0.0102525800000000007206057972553026047535240650177001953125,btc,25.872159271979,0.0,0.25062200239893695,1
1,[],4,[],2019-05-25 05:37:20,207682.21657642,0.01070186,0.00000085371947778,7682968,2019-05-25 05:37:20,btc,7.362970904202504,0.0,0.01070186,btc,371.57847434,0.88566925,0.605314055264437,1
1,[],5,[],2019-05-25 05:37:23,0.0,0,0,7682969,2019-05-25 05:37:23,btc,0.0,0.24976895,0,btc,0.0,0.0,0.0,1
1,[],10,[],2019-05-25 05:37:26,255849.16195118,0.0072225,0.0000005761604925,7682970,2019-05-25 05:37:26,btc,6526.707166069997,1727.00327472,0.0072225,btc,1424.14672596,0.0,2.461345202801311,1
1,[],12,[],2019-05-25 05:37:28,63.73702177,0.0107100000000000007693845560652334825135767459869384765625,0.0000008543688300000001,7682971,2019-05-25 05:37:28,btc,0.1413608566972,0.0,0.0107100000000000007693845560652334825135767459869384765625,btc,12.32869378,0.3212320494554,0.30827712109940003,1
1,[],21,[],2019-05-25 05:37:30,2032.46678396,0.01077303999999999935266448148,0.00000085939771992,7682972,2019-05-25 05:37:30,btc,11.199446106334145,5080.03602927,0.01077303999999999935266448147785922628827393054962158203125,"btc,eth",1412.66624739,52.68258714976935,18.018432855243336,1
1,[],22,[],2019-05-25 05:37:34,0.0025666666666666667,0.00900000,0.000000717957,7682973,2019-05-25 05:37:34,BTC,0.31629903,0.0,0.00900000,BTC,0.2505752479991019,0.0,2.31e-05,1
1,[],24,[],2019-05-25 05:37:36,0.0,0.000000000000,0,7682974,2019-05-25 05:37:36,btc,0.0,0.0,0.000000000000,btc,0.0,0.0,0.0,1
0.0,[],25,[],2019-05-25 05:37:37,0.0,0,0,7682975,2019-05-25 05:37:37,btc,11.249999999193816,5997.64151286,0.0,btc,1020.42365229,65.0733,0.0,1
1,[],26,[],2019-05-25 05:37:38,0.0,0,0,7682976,2019-05-25 05:37:38,,0.0,0.0,0,,0.0,0.0,0.0,1
0,[],28,[],2019-05-25 05:37:40,0.0,0,0,7682977,2019-05-25 05:37:40,,0.0,355972.5,0,,0.0,0.0,0.0,1
0,[],2,[],2019-01-20 23:28:45,0.0,0,0,6477011,2019-01-20 23:28:45,,0.0,0.0,0,,0.0,0.0,0.0,1
1,[],20,[],2019-05-25 04:39:17,972.6652,0.01026282,0.000000821096413458,7682812,2019-05-25 04:39:17,btc,0.2187969073444,0.3732,0.01026282,btc,16.7263,0.004030721888,0.0989786397396,1
1,[],5,[],2019-05-25 05:37:42,0.0,0,0,7682978,2019-05-25 05:37:42,btc,0.0,0.0002602,0,btc,0.0,0.0,0.0,2
1,[],22,[],2019-05-25 05:37:46,11638.0,0.0000002,0.0000000000159546,7682979,2019-05-25 05:37:46,BTC,21.00897301,0.0,0.0000002,"BTC,XMR",20678.87287795317,0.0,0.00145435,2
1,[],5,[],2019-05-25 05:37:48,0.0,0,0,7682980,2019-05-25 05:37:48,btc,0.0,0.01202712,0,btc,0.0,0.0,0.0,3
1,[],12,[],2019-05-25 05:37:49,2019649.25817,0.000000119,0.000000000009492987,7682981,2019-05-25 05:37:49,btc,4655.561623328924,0.0,0.000000119,btc,3197428.31599694,0.10870761172757942,0.18996701453518,3
0,[],28,[],2019-05-25 05:37:50,0.0,0,0,7682982,2019-05-25 05:37:50,,0.0,0.0,0,,0.0,0.0,0.0,3
0,[],2,[],2019-01-20 23:31:32,0.0,0,0,6477077,2019-01-20 23:31:32,,0.0,0.0,0,,0.0,0.0,0.0,4
1,[],4,[],2019-05-18 21:29:50,562734.9206932,0.00000010,0.000000000007298720000000001,7650946,2019-05-18 21:29:50,btc,41.9347137769675,0.0,0.00000010,btc,1123702.32192634,0.00052462,0.029254593370966,4
0,[],12,[],2019-05-24 22:03:56,0.0,0,0,7681081,2019-05-24 22:03:56,btc,0.405975054995005,0.0,0,btc,965258.4995005,4.995004995e-06,0.0,5
0,[],2,[],2019-01-20 23:31:51,0.0,0,0,6477087,2019-01-20 23:31:51,,0.0,0.0,0,,0.0,0.0,0.0,6
1,[],11,[],2019-05-25 05:37:51,7436289.776736,0.00000002,0.0000000000015954600000000002,7682983,2019-05-25 05:37:51,btc,9578.948945376915,1569321.0,0.00000002,btc,68072726.12247936,0.0,0.09709137276736,6
1,[],3,[],2019-05-25 05:37:53,2799.049382937125,0.000105409999999999995346465497814136824672459624707698822021484375,0.00000000840887193,7682984,2019-05-25 05:37:53,btc,0.12062910549484934,134.140045119,0.000105409999999999995346465497814136824672459624707698822021484375,btc,222.571466553764,0.0,0.02434391987757065,7
1,[],4,[],2019-05-25 05:37:54,2880674.65217888,0.00009651,0.00000000769889223,7682985,2019-05-25 05:37:54,btc,8.80804251073193,0.0,0.00009651,btc,52468.91245682,1.89802827,2.1345053266260066,7
1,[],5,[],2019-05-25 05:37:55,0.0,0,0,7682986,2019-05-25 05:37:55,btc,0.0,0.53151318,0,btc,0.0,0.0,0.0,7
1,[],20,[],2019-04-07 22:06:50,3201475.0482,0.000000001,0.000000000000051590000000000004,7213932,2019-04-07 22:06:50,btc,30.8005781811902,0.0,0.000000001,btc,23077405.3926,0.0,0.0032014750482,8
0,[],2,[],2019-01-20 23:22:42,0.0,0,0,6476876,2019-01-20 23:22:42,,0.0,0.0,0,,0.0,0.0,0.0,9
0,[],23,[],2019-01-20 23:22:48,0.0,0,0,6476878,2019-01-20 23:22:48,,0.0,0.0,0,,0.0,0.0,0.0,9
1,[],4,[],2019-05-25 05:37:59,21073197.85681321,0.00000054,0.000000000043077420000000005,7682987,2019-05-25 05:37:59,btc,4.060798901251392,0.0,0.00000054,btc,3540982.11447574,0.20580804,0.7278957936888765,9
0,[],28,[],2019-05-25 05:38:00,0.0,0,0,7682988,2019-05-25 05:38:00,,0.0,3699251.43,0,,0.0,0.0,0.0,9
1,[],1,[],2019-02-17 23:31:42,1822507.21,0.00000181000000000000003456111265232042484285557293333113193511962890625,0.000000000066086901,6701244,2019-02-17 23:31:42,btc,3.6990969245,17153386.5,0.00000181000000000000003456111265232042484285557293333113193511962890625,btc,1997391.71,31.11772986,3.2610482446,9
1,[],4,[],2019-02-17 11:22:43,4341674.27126056,0.00000002,0.0000000000007272960000000001,6696112,2019-02-17 11:22:43,btc,0.1997230937751353,0.0,0.00000002,btc,4109766.79808031,0.00215132,0.0479381022052112,10
0,[],2,[],2019-01-20 23:23:08,0.0,0,0,6476890,2019-01-20 23:23:08,,0.0,0.0,0,,0.0,0.0,0.0,12
1,[],4,[],2019-05-25 05:38:02,4356742.46332401,0.00000063,0.000000000050256990000000004,7682989,2019-05-25 05:38:02,btc,4.667932706842056,0.0,0.00000063,btc,4322942.06275745,0.82284459,1.2784685119933117,12
1,[],5,[],2019-05-25 05:38:05,0.0,0,0,7682990,2019-05-25 05:38:05,btc,0.0,0.05958359,0,btc,0.0,0.0,0.0,12
0.0,[],25,[],2019-05-25 05:38:06,0.0,0,0,7682991,2019-05-25 05:38:06,,0.0,0.0,0.0,btc,0.0,0.0,0.0,12
1,[],10,[],2019-05-25 04:40:18,569914.10709916,0.00000614,0.000000000491242366,7682834,2019-05-25 04:40:18,btc,666802.6432256822,6662.81109452,0.00000614,btc,848929.94142991,0.0,0.2902357811038189,13
1,[],4,[],2019-05-25 05:38:07,406905.34352971,0.00000610,0.0000000004866153,7682992,2019-05-25 05:38:07,btc,2.263898151896606,0.0,0.00000610,btc,268964.74439091,0.584685,0.8618338091553465,13
1,[],21,[],2019-05-25 05:38:11,1271770.77019494,0.000006289999999999999916535948358,0.0000000005017721700000001,7682993,2019-05-25 05:38:11,btc,3.715245609105646,635893.5481937,0.0000062899999999999999165359483577208976612382684834301471710205078125,btc,502993.37704483,3.93732038,5.8308970168986125,13
1,[],4,[],2019-05-25 05:38:11,903467.92249853,0.00000072,0.00000000005743656,7682994,2019-05-25 05:38:11,btc,4.081048719595802,0.0,0.00000072,btc,816201.15414256,0.01428494,0.1225521295037665,14
1,[],12,[],2019-05-25 05:38:12,137350.68093139,0.00000085,0.00000000006780705,7682995,2019-05-25 05:38:12,btc,14.132511406010547,0.0,0.00000085,btc,20127.9208331,0.0,0.0175132299999553,14
1,[],26,[],2019-05-25 05:40:12,0.0,0.00000050,0.0000000000398865,7682996,2019-05-25 05:40:12,btc,0.0,0.0,0.00000050,btc,0.0,0.0,0.0,14
0,[],17,[],2019-05-03 00:53:32,0.0,0,0,7558876,2019-05-03 00:53:32,btc,0.0,0.0,0,btc,0.0,0.0,0.0,14
,[],12,[],2018-12-01 15:15:48,204241.84496,0.00000489,0.000000000202473384,5260204,2018-12-01 15:15:48,btc,49.5475654835,0.0,,btc,35763.2193806,0.0163153972027625,0.0203389899998,15
0,[],4,[],2019-05-25 05:40:14,0.0,0,0,7682997,2019-05-25 05:40:14,,0.0,0.0,0,,0.0,0.0,0.0,15
0,[],2,[],2019-01-20 23:23:38,0.0,0,0,6476906,2019-01-20 23:23:38,,0.0,0.0,0,,0.0,0.0,0.0,18
1,[],4,[],2019-05-25 05:40:15,36779.22986321,0.00001250,0.0000000009971625,7682998,2019-05-25 05:40:15,btc,1.0864839959724868,0.0,0.00001250,btc,17607.62403163,0.01844923,0.1009587802674401,18
1,[],10,[],2019-05-25 05:40:18,307031.24939299,0.000011,0.000000000877503,7682999,2019-05-25 05:40:18,btc,15.320988857935355,15994.6766783,0.000011,btc,11695.79186982,0.0,0.0624257204680427,18
1,[],12,[],2019-05-25 05:40:19,6372.91121081,0.0000109799999999999999054749177940237814254942350089550018310546875,0.00000000087590754,7683000,2019-05-25 05:40:19,btc,0.0199700964868893,0.0,0.0000109799999999999999054749177940237814254942350089550018310546875,btc,1070.1234,0.000876179988253,0.0111811158907051,18
0,[],17,[],2019-05-03 00:53:39,0.0,0,0,7558882,2019-05-03 00:53:39,btc,0.0,0.0,0,btc,0.0,0.0,0.0,18
0,[],2,[],2019-01-20 23:24:19,0.0,0,0,6476924,2019-01-20 23:24:19,,0.0,0.0,0,,0.0,0.0,0.0,19
1,[],3,[],2019-05-25 05:42:19,156181.22609251077,0.0000076299999999999997923709471603359588698367588222026824951171875,0.00000000060866799,7683001,2019-05-25 05:42:19,btc,0.16015021424230635,3654.77071591,0.0000076299999999999997923709471603359588698367588222026824951171875,btc,4327.03506364648,0.0,0.0457561906957657,19
1,[],4,[],2019-05-25 05:42:20,166800.9239641,0.00000923,0.0000000007363047900000001,7683002,2019-05-25 05:42:20,btc,3.6483325740027754,0.0,0.00000923,btc,161801.3578597,0.28687386,0.6896865437923563,19
1,[],5,[],2019-05-25 05:42:22,0.0,0,0,7683003,2019-05-25 05:42:22,btc,0.0,0.00010635,0,btc,0.0,0.0,0.0,19
1,[],12,[],2019-05-25 05:42:23,15429.20967446,0.00000821999999999999922568882926299238533829338848590850830078125,0.00000000065573406,7683004,2019-05-25 05:42:23,btc,0.0625244253639989,0.0,0.00000821999999999999922568882926299238533829338848590850830078125,btc,1848.17136297,0.0044966804135849,0.030938159999546598,19
0,[],27,[],2019-05-25 05:42:30,0.0,0,0,7683005,2019-05-25 05:42:30,,0.0,0.0,0,btc,0.0,0.0,0.0,19
1,[],4,[],2019-05-25 05:42:31,10228410.21811859,0.00000007,0.00000000000558411,7683006,2019-05-25 05:42:31,btc,6.4307072950777595,0.0,0.00000007,btc,2332215.60836933,0.0,0.1274738176872813,20
1,[],4,[],2019-05-25 05:42:32,73017669.1233748,0.00000001,0.0000000000007977300000000001,7683007,2019-05-25 05:42:32,btc,1844.3386385198937,0.0,0.00000001,btc,64182849.11973631,0.00030549,0.7301766912337481,21
1,[],12,[],2019-05-25 05:42:33,2505421.0,0.00000001,0.0000000000007977300000000001,7683008,2019-05-25 05:42:33,btc,1007.9918220815285,0.0,0.00000001,btc,4786327.07592407,5e-05,0.02505421,21
0,[],17,[],2019-05-03 00:53:51,0.0,0,0,7558891,2019-05-03 00:53:51,btc,0.0,0.0,0,btc,0.0,0.0,0.0,21
1,[],12,[],2019-05-25 05:44:34,6299891272.0,0.0000000004,0.000000000000031909200000000005,7683009,2019-05-25 05:44:34,btc,859296.465767738,0.0,0.0000000004,btc,2330835821.7452545,0.1227989990297702,1.2968772654,23
0.00000000031407579999999997,[],27,[],2019-05-25 05:44:40,82261977.0,6.281516e-18,5.01095375868e-22,7683010,2019-05-25 05:44:40,eth,1169.9841416008,1035037433.4971983,0.00000002,eth,11842948.208,6.501604199129185e-09,3.33305203922288e-10,23
1,[],4,[],2019-05-25 05:44:41,1915026.00605686,0.00000021,0.00000000001675233,7683011,2019-05-25 05:44:41,btc,13.470841757074147,0.0,0.00000021,btc,2080924.48365426,0.01267455,0.0627241025922583,24
1,[],22,[],2019-05-25 05:44:46,21.76,0.00000100,0.000000000079773,7683012,2019-05-25 05:44:46,BTC,7.415e-05,0.0,0.00000100,BTC,23.919354838709676,0.0,1.186e-05,24
0.0,[],25,[],2019-05-25 05:44:47,0.0,0,0,7683013,2019-05-25 05:44:47,,0.0,0.0,0.0,btc,0.0,0.0,0.0,24
0,[],2,[],2019-01-20 23:25:56,0.0,0,0,6476976,2019-01-20 23:25:56,,0.0,0.0,0,,0.0,0.0,0.0,26
1,[],4,[],2019-05-25 05:44:48,305850.13905943,0.00000426,0.00000000033983298,7683014,2019-05-25 05:44:48,btc,10.255626532999692,0.0,0.00000426,btc,272235.2601405,0.12628359,0.1785479525085223,26
1,[],10,[],2019-05-25 05:44:50,159944.51447503,0.0000044,0.00000000035100120000000005,7683015,2019-05-25 05:44:50,btc,25.508115029090654,5383.23590927,0.0000044,btc,22134.26174203,0.0,0.0321321989479506,26
1,[],5,[],2019-04-26 09:47:06,0.0,0,0,7465326,2019-04-26 09:47:06,btc,0.0,0.0,0,btc,0.0,0.0,0.0,27
1,[],3,[],2019-05-25 05:44:52,6620270.10144003,0.00000001,0.0000000000007977300000000001,7683016,2019-05-25 05:44:52,btc,3.3198036177436747,4781362.09545,0.00000001,btc,24188055.06893771,0.0,0.0662027010144003,27
1,[],11,[],2019-05-25 05:44:52,1069867.58157834,0.00000001,0.0000000000007977300000000001,7683017,2019-05-25 05:44:52,btc,67503.038056662,12744.4184217,0.00000001,btc,6639900.67919713,0.0,0.0106986758157834,27
1,[],4,[],2019-05-25 05:44:54,1181502676.4905431,0.00000001,0.0000000000007977300000000001,7683018,2019-05-25 05:44:54,btc,4.441405961969402,0.0,0.00000001,"btc,ltc",283985882.6174978,0.01110608,8.154573350622613,29
1,[],7,[],2019-05-25 05:44:56,86948504.84157395,0.00000001,0.0000000000007977300000000001,7683019,2019-05-25 05:44:56,btc,46548272.134484105,0.0,0.00000001,btc,35301952.76014214,0.0,0.8694850484157396,29
0,[],17,[],2019-05-03 01:11:25,0.0,0,0,7559066,2019-05-03 01:11:25,btc,0.0,0.0,0,btc,0.0,0.0,0.0,30
1,[],4,[],2019-05-25 05:44:57,15358240.39472901,0.00000006,0.0000000000047863800000000005,7683020,2019-05-25 05:44:57,btc,2.6525910781720796,0.0,0.00000006,btc,2185630.54679851,0.0011164,0.1771015549813904,30
1,[],4,[],2019-05-25 05:46:58,117562.63428301,0.00004755,0.00000000379320615,7683021,2019-05-25 05:46:58,btc,3.506405430951812,0.0,0.00004755,btc,43433.80906021,0.26152155,0.4606305079994654,31
1,[],21,[],2019-05-25 05:46:59,131610.5686735,0.00004840999999999999898461430781,0.00000000386181093,7683022,2019-05-25 05:46:59,btc,5.573421179000831,105155.50598988,0.0000484099999999999989846143078064955034278682433068752288818359375,btc,101167.79997444,5.16686306,4.131842459005098,31
0,[],2,[],2019-01-20 23:28:43,0.0,0,0,6477009,2019-01-20 23:28:43,,0.0,0.0,0,,0.0,0.0,0.0,32
1,[],12,[],2019-03-30 07:55:10,40641173.964,0.00000003,0.000000000001228359,7108785,2019-03-30 07:55:10,btc,4233210.82356125,0.0,0.00000003,btc,28378394.68333462,0.0126927883965248,0.90752895892,33
0,[],4,[],2019-05-25 05:46:59,0.0,0,0,7683023,2019-05-25 05:46:59,,0.0,0.0,0,,0.0,0.0,0.0,33
0.0000000001287627,[],4,[],2019-05-25 05:47:04,501225131.0242381,4.5066945e-17,3.595125403485e-21,7683024,2019-05-25 05:47:04,ltc,3.510662069739037,0.0,0.00000035,ltc,155698305.03772944,0.0,1.8126386614858491e-09,34
1,[],5,[],2019-05-25 05:47:06,0.0,0,0,7683025,2019-05-25 05:47:06,btc,0.0,0.0,0,btc,0.0,0.0,0.0,34
0.0000000002926451,[],17,[],2019-05-02 18:17:47,200000.0,2.9264510000000002e-18,1.596703856561e-22,7556430,2019-05-02 18:17:47,eth,0.20942468735267253,0.0,0.00000001,"btc,eth",1018272.20243647,0.0,5.852902e-13,36
0.0000000001287627,[],4,[],2019-05-25 05:47:08,129016566.766,1.2876270000000001e-18,1.0271786867100001e-22,7683026,2019-05-25 05:47:08,ltc,4.6521074566742374e-08,0.0,0.00000001,ltc,7443401419.137875,0.0,1.661252148152043e-10,36
1,[],5,[],2019-05-25 05:47:10,0.0,0,0,7683027,2019-05-25 05:47:10,btc,0.0,0.00042517,0,btc,0.0,0.0,0.0,36
0.00000000031407579999999997,[],27,[],2019-05-25 05:49:20,103612075.004,6.281516e-18,5.01095375868e-22,7683028,2019-05-25 05:49:20,eth,1672.44157958,1648195069.0,0.00000002,"ltc,eth",17724307.0,7.916520198703323e-09,3.165150110498665e-10,36
1,[],17,[],2019-05-03 01:11:36,211752.74075282,0.00000025,0.000000000013700074999999998,7559074,2019-05-03 01:11:36,btc,0.055484923955058496,0.0,0.00000025,"btc,eth",1387.19918473,0.0,0.0005381851887916605,37
1,[],4,[],2019-05-25 05:51:20,10079590.50101054,0.00000018,0.00000000001435914,7683029,2019-05-25 05:51:20,btc,19772.595923676745,0.0,0.00000018,btc,789545.48321193,0.0,0.1488407986913702,37
1,[],12,[],2019-05-25 05:51:21,3933182.80100001,0.00000018,0.00000000001435914,7683030,2019-05-25 05:51:21,btc,6.242515356389313,0.0,0.00000018,btc,998619.37695236,0.0478602745054971,0.2059124489300017,37
1,[],27,[],2019-05-25 05:53:27,1600.0,0.00000015,0.00000000001196595,7683031,2019-05-25 05:53:27,btc,24.12156123602533,0.0,0.00000015,btc,5842.04443503,0.0,3e-05,37
1,[],5,[],2019-05-25 05:53:29,0.0,0,0,7683032,2019-05-25 05:53:29,btc,0.0,0.013115,0,btc,0.0,0.0,0.0,42
1,[],12,[],2019-05-25 05:53:30,41372.3183408,0.00000087,0.00000000006940251,7683033,2019-05-25 05:53:30,btc,24.46935737013237,0.0,0.00000087,btc,50288.37554536,0.0099756474647889,0.0258571899999724,42
1,[],27,[],2019-05-25 05:53:37,806.0,0.00000100,0.000000000079773,7683034,2019-05-25 05:53:37,btc,0.5699845831768,0.0,0.00000100,"btc,eth",1183.4448157,0.0,0.00020600000048857632,42
1,[],12,[],2019-03-13 09:13:29,1112112.0,0.00000001,0.000000000000386531,6919902,2019-03-13 09:13:29,btc,29058.00478931866,0.0,0.00000001,btc,5967681.93306694,9.99000999e-07,0.01112112,43
1,[],5,[],2019-04-26 22:38:52,0.0,0,0,7474154,2019-04-26 22:38:52,btc,0.0,0.02638891,0,btc,0.0,0.0,0.0,43
0,[],17,[],2019-04-26 22:38:53,0.0,0,0,7474155,2019-04-26 22:38:53,btc,0.0,0.0,0,btc,0.0,0.0,0.0,43
1,[],12,[],2019-03-05 01:54:08,639326.02,0.00000004,0.000000000001486676,6845775,2019-03-05 01:54:08,btc,11116042.728239931,0.0,0.00000004,btc,1103841.4595604,0.0003330765234764,0.014975410599999999,44
1,[],4,[],2019-05-25 05:53:39,115671386.3037565,0.00000001,0.0000000000007977300000000001,7683035,2019-05-25 05:53:39,btc,291324.1739889182,0.0,0.00000001,"btc,ltc",24724680.60369327,0.01595722,0.0906721170483103,49
0.0000000001287627,[],4,[],2019-05-25 05:53:40,152701200.03449753,2.8327794000000004e-17,2.2597931107620003e-21,7683036,2019-05-25 05:53:40,ltc,22050.0415091988,0.0,0.00000022,ltc,155738841.38680273,0.0,7.463419938829449e-10,52
0,[],22,[],2019-05-25 05:53:43,0.0,0,0,7683037,2019-05-25 05:53:43,,10289.55991011,0.0,0,,308568058.4566013,0.0,0.0,57
0,[],27,[],2019-05-25 05:53:50,0.0,0,0,7683038,2019-05-25 05:53:50,,0.0,0.0,0,"btc,eth",0.0,0.0,0.0,57
1,[],17,[],2019-05-03 01:12:09,1200000.0,0.0000000001,0.00000000000000548003,7559085,2019-05-03 01:12:09,btc,1e+24,0.0,0.0000000001,"btc,eth",39516342.31952568,0.0,0.00010000000058666061,58
0.0000000001287627,[],4,[],2019-05-25 05:53:51,2922863405.991031,1.2876270000000001e-18,1.0271786867100001e-22,7683039,2019-05-25 05:53:51,ltc,19.26387108961541,0.0,0.00000001,ltc,5927513442.285598,0.0,3.763557838866014e-09,58
1,[],12,[],2019-05-25 05:53:52,1218640024.0,0.0000000001,0.000000000000007977300000000001,7683040,2019-05-25 05:53:52,btc,961886.5121896663,0.0,0.0000000001,btc,2280838080.3066936,0.010565308906693304,0.1218640024,58
0.0000000001077433,[],22,[],2019-05-25 05:55:55,126877.0,1.077433e-18,8.595006270900001e-23,7683041,2019-05-25 05:55:55,XMR,68.17454206,0.0,0.00000001,XMR,9626402.6,0.0,0.00126877,58
1,[],5,[],2019-05-25 05:55:58,0.0,0,0,7683042,2019-05-25 05:55:58,btc,0.0,0.03124627,0,btc,0.0,0.0,0.0,61
1,[],22,[],2019-05-25 05:56:01,13613.833333333334,0.00000012,0.000000000009572760000000001,7683043,2019-05-25 05:56:01,BTC,1002.29590883,0.0,0.00000012,BTC,15092.180177125656,0.0,0.00153269,61
1,[],26,[],2019-05-25 05:56:01,0.0,0.00000050,0.0000000000398865,7683044,2019-05-25 05:56:01,btc,0.0,0.0,0.00000050,btc,0.0,0.0,0.0,61
1,[],27,[],2019-05-25 05:56:11,11669.22,0.0000002,0.0000000000159546,7683045,2019-05-25 05:56:11,btc,1.9659031797246656,610.0,0.0000002,"btc,eth",12126.41663696,0.0002379,0.002287464,61
0,[],28,[],2019-05-25 05:56:13,0.0,0,0,7683046,2019-05-25 05:56:13,,0.0,825.0,0,,0.0,0.0,0.0,61
1,[],4,[],2019-05-25 05:56:14,1167358.88318126,0.00000083,0.00000000006621159,7683047,2019-05-25 05:56:14,btc,2.5175319265082683,0.0,0.00000083,btc,824804.03326425,0.03748012,0.6990942180556374,67
0.0,[],25,[],2019-05-25 05:56:15,0.0,0,0,7683048,2019-05-25 05:56:15,,0.0,0.0,0.0,btc,0.0,0.0,0.0,67
1,[],12,[],2019-05-25 05:56:16,780144.0,0.00000007,0.000000000005584110000000001,7683049,2019-05-25 05:56:16,btc,3.8178578946253734,0.0,0.00000007,btc,760707.60639359,0.0025764238761241,0.01633178,71
,[],5,[],2018-11-20 23:02:39,1.5e-07,0.00000005,0.000000000002128045,4862160,2018-11-20 23:02:39,btc,2.84511358,0.0,,btc,0.00036572,0.0,0.07381892,74
1,[],5,[],2019-05-25 05:56:18,0.0,0,0,7683050,2019-05-25 05:56:18,btc,0.0,0.03440735,0,btc,0.0,0.0,0.0,75
0,[],20,[],2019-01-25 09:30:31,0.0,0,0,6495923,2019-01-25 09:30:31,btc,0.0,0.0,0,btc,0.0,0.0,0.0,81
0,[],4,[],2019-05-25 05:56:20,0.0,0,0,7683051,2019-05-25 05:56:20,,133656.87703970782,0.0,0,,33424209.5909442,0.0,0.0,81
1,[],4,[],2019-05-25 05:56:22,27233.96801539,0.00005652,0.00000000450876996,7683052,2019-05-25 05:56:22,btc,18.77419356662273,0.0,0.00005652,btc,29562.57096004,0.20794778,0.3422279178340299,82
1,[],21,[],2019-05-25 05:56:23,130512.15946671001,0.00005641999999999999852685547697,0.00000000450079266,7683053,2019-05-25 05:56:23,btc,3.754182121913389,8458.78658105,0.0000564199999999999985268554769657356473544496111571788787841796875,btc,51938.27657707,0.49274583,1.3462190466994346,82
0,[],17,[],2019-03-25 22:42:34,0.0,0,0,7038780,2019-03-25 22:42:34,btc,0.0445064681804024,0.0,0,btc,995513.18476001,0.0,0.0,84
0.0000000001161485,[],4,[],2019-05-20 13:09:39,216715621.0206096,1.161485e-18,9.0533806701e-23,7657228,2019-05-20 13:09:39,ltc,1.6511566870244727,0.0,0.00000001,ltc,471032407.9048656,0.0,2.5171194308112273e-10,85
,[],22,[],2018-11-20 23:09:34,3408.1,0.0000001,0.0000000000041895,4862324,2018-11-20 23:09:34,BTC,0.04624735,0.0,,BTC,4990.0,0.0,0.00033081,86
1,[],22,[],2019-05-25 05:56:26,65156.0,0.00000001,0.0000000000007977300000000001,7683054,2019-05-25 05:56:26,BTC,1.45608405,0.0,0.00000001,BTC,314587.29736842104,0.0,0.00065156,87
0,[],27,[],2019-05-25 05:56:36,0.0,0,0,7683055,2019-05-25 05:56:36,,4.984226803001,0.0,0,btc,58405.44546,0.0,0.0,87
,[],2,[],2018-11-20 23:10:47,0.0,0,0,4862359,2018-11-20 23:10:47,,0.0,0.0,,,0.0,0.0,0.0,88
1,[],11,[],2019-05-25 05:56:38,72928.85252789,0.000106999999999999998757937991200606120401062071323394775390625,0.000000008535711,7683056,2019-05-25 05:56:38,btc,181.70821429911737,266.8,0.000106999999999999998757937991200606120401062071323394775390625,btc,207375.97623958,0.0,4.497219022980533,89
0,[],2,[],2019-01-20 23:31:45,0.0,0,0,6477083,2019-01-20 23:31:45,,0.0,0.0,0,,0.0,0.0,0.0,91
0,[],17,[],2019-05-03 01:12:26,0.0,0,0,7559096,2019-05-03 01:12:26,btc,0.0,0.0,0,btc,0.0,0.0,0.0,91
1,[],12,[],2019-05-25 05:56:39,184741.05000000002,0.00000038,0.000000000030313740000000004,7683057,2019-05-25 05:56:39,btc,87.42040904689418,0.0,0.00000038,btc,74780.44747371,0.0015273105015988,0.0208119925,91
1,[],22,[],2019-05-25 05:58:43,75910.55,0.0000002,0.0000000000159546,7683058,2019-05-25 05:58:43,BTC,0.495,0.0,0.0000002,"BTC,LTC",4.95,0.0,0.00165931,91
1,[],22,[],2019-04-09 20:17:52,374949.73333333334,0.00000015,0.000000000007771935,7235704,2019-04-09 20:17:52,BTC,6.87372503,0.0,0.00000015,"BTC,LTC",159980.01196797504,1.1e-05,0.80510266,95
0,[],17,[],2019-05-03 01:12:32,0.0,0,0,7559100,2019-05-03 01:12:32,btc,0.0,0.0,0,btc,0.0,0.0,0.0,96
0.0000000001287627,[],4,[],2019-05-25 05:58:44,541046009.5847678,5.0217453000000006e-17,4.005996878169e-21,7683059,2019-05-25 05:58:44,ltc,11.368620546315633,0.0,0.00000039,ltc,150301160.45141757,0.0,8.896472159700509e-10,96
0,[],12,[],2019-05-25 05:58:45,0.0,0,0,7683060,2019-05-25 05:58:45,btc,10.413221850000001,0.0,0,btc,7388960.0,0.0,0.0,96
1,[],4,[],2019-04-14 03:32:46,1039404.33283278,0.00000038,0.000000000019245518,7293458,2019-04-14 03:32:46,btc,4.170086055365747,0.0,0.00000038,btc,3097704.34561074,0.06260606,0.1859928211030784,99
0,[],2,[],2019-01-20 23:23:55,0.0,0,0,6476914,2019-01-20 23:23:55,,0.0,0.0,0,,0.0,0.0,0.0,100
1,[],4,[],2019-05-25 06:00:46,1630068.2241636,0.00001946,0.00000000155238258,7683061,2019-05-25 06:00:46,btc,7.013311629717034,0.0,0.00001946,btc,138699.49936346,0.62899011,0.691018328064567,100
1,[],22,[],2019-05-25 06:00:49,150000.0,0.00000002,0.0000000000015954600000000002,7683062,2019-05-25 06:00:49,BTC,24.83526409,0.0,0.00000002,BTC,11187.719,0.0,0.0017,101
1,[],4,[],2019-05-25 06:02:51,617717.48644323,0.00000155,0.00000000012364815,7683063,2019-05-25 06:02:51,btc,362.48615556825115,0.0,0.00000155,btc,618742.37829874,0.0,0.2620009519104921,103
1,[],12,[],2019-05-25 06:02:54,143937160.0,0.000000004,0.00000000000031909200000000005,7683064,2019-05-25 06:02:54,btc,552.6074033794594,0.0,0.000000004,btc,46947384.4857742,0.0026183295784216,0.18626911300000001,105
0,[],27,[],2019-05-25 06:03:01,0.0,0,0,7683065,2019-05-25 06:03:01,,0.2704924323531397,0.0,0,btc,1350943.35947933,0.0,0.0,105
1,[],22,[],2019-04-21 00:17:26,21333.0,0.00000001,0.000000000000532493,7385819,2019-04-21 00:17:26,BTC,51.38182867,0.0,0.00000001,BTC,470435.0,0.0,0.00021333,107
1,[],26,[],2019-04-21 00:17:26,0.0,0.00000000,0,7385820,2019-04-21 00:17:26,btc,0.0,0.0,0.00000000,btc,0.0,0.0,0.0,107
1,[],5,[],2019-05-25 06:03:03,0.0,0,0,7683066,2019-05-25 06:03:03,btc,0.0,0.0,0,btc,0.0,0.0,0.0,112
0,[],22,[],2019-05-25 06:03:06,0.0,0,0,7683067,2019-05-25 06:03:06,,2.79635781,0.0,0,,3274992.0833333335,0.0,0.0,112
1,[],27,[],2019-05-25 06:03:14,1.0,0.00000001,0.0000000000007977300000000001,7683068,2019-05-25 06:03:14,btc,1.15032588,0.0,0.00000001,"btc,eth",1818.0,0.0,1e-08,112
1,[],4,[],2019-05-25 06:03:15,607059.03075026,0.00000108,0.00000000008615484000000001,7683069,2019-05-25 06:03:15,btc,5.216536348800578,0.0,0.00000108,btc,665476.72381792,0.03181862,0.3537233935549752,113
1,[],5,[],2019-05-25 06:03:16,0.0,0,0,7683070,2019-05-25 06:03:16,btc,0.0,0.0,0,btc,0.0,0.0,0.0,113
1,[],17,[],2019-04-26 02:17:47,162738.278,0.00000004,0.0000000000021069000000000002,7461287,2019-04-26 02:17:47,btc,1.3331140273775473,0.0,0.00000004,btc,51796.221,0.0,0.00230953112,116
1,[],27,[],2019-05-22 05:13:01,210000.0,0.00000001,0.00000000000079145,7666372,2019-05-22 05:13:01,btc,3919.0005001478,0.0,0.00000001,btc,128660.871,0.0,0.0021,116
1,[],4,[],2019-05-21 22:31:11,138169.03963019,0.00000701,0.000000000558364025,7664793,2019-05-21 22:31:11,btc,150.95388250938234,0.0,0.00000701,btc,344631.17141974,0.07552974,0.4288357684941946,120
1,[],7,[],2019-05-21 22:31:12,3901.07750076,0.000010679999999999999389654892212320191902108490467071533203125,0.0000000008506887,7664794,2019-05-21 22:31:12,btc,231188.94669936574,0.0,0.000010679999999999999389654892212320191902108490467071533203125,btc,4133.83151364,0.0,0.0113888422364489,120
1,[],20,[],2019-04-07 18:42:29,1914137.0852,0.000000035,0.0000000000017871910000000002,7211992,2019-04-07 18:42:29,btc,32.2497668025648,25528.85,0.000000035,btc,1001975.4986,0.00089350975,0.0152723574729,125
1,[],22,[],2019-05-25 06:03:19,10000.0,0.00000001,0.0000000000007977300000000001,7683071,2019-05-25 06:03:19,BTC,0.032061,0.0,0.00000001,BTC,299316.7611111111,0.0,0.0001,126
1,[],4,[],2019-05-25 06:03:20,1872657.39140604,0.00000556,0.00000000044353788,7683072,2019-05-25 06:03:20,btc,3.241268965380998,0.0,0.00000556,btc,180435.27183671,0.07679842,0.4657875584263233,131
0,[],2,[],2019-01-20 23:25:46,0.0,0,0,6476969,2019-01-20 23:25:46,,0.0,0.0,0,,0.0,0.0,0.0,131
1,[],17,[],2019-05-03 01:13:10,10000.0,0.00000001,0.000000000000548003,7559115,2019-05-03 01:13:10,btc,0.0953976503951408,0.0,0.00000001,btc,5037.62507334,0.0,0.0001,131
1,[],4,[],2019-05-25 06:05:21,4728.20555493,0.00007918,0.0000000063164261400000005,7683073,2019-05-25 06:05:21,btc,5.043778707573878,0.0,0.00007918,btc,247.17378338,0.00013581,0.0069232248090017,135
1,[],3,[],2019-05-25 06:05:22,433341.0025,0.00000001,0.0000000000007977300000000001,7683074,2019-05-25 06:05:22,btc,0.23331936551397,1000968.8208,0.00000001,btc,1844237.61392292,0.0,0.0043334100250000005,136
1,[],4,[],2019-05-25 06:05:23,2203222.53679571,0.00000235,0.00000000018746655,7683075,2019-05-25 06:05:23,btc,106.77220854143283,0.0,0.00000235,btc,440470.97104404,0.08603931,0.5185443481463373,137
1,[],12,[],2019-05-25 06:05:24,78761.54297479,0.000001790000000000000014290326734445191192435231641866266727447509765625,0.00000000014279367000000002,7683076,2019-05-25 06:05:24,btc,57.74887692680317,0.0,0.000001790000000000000014290326734445191192435231641866266727447509765625,btc,46510.16214018,0.0030373023465528,0.0187013699999144,137
1,[],4,[],2019-05-25 06:05:26,102641.54490284,0.00001658,0.0000000013226363400000001,7683077,2019-05-25 06:05:26,btc,9.309669852520434,0.0,0.00001658,btc,132267.33743458,0.43754775,1.1408213157954707,142
1,[],5,[],2019-05-25 06:05:27,0.0,0,0,7683078,2019-05-25 06:05:27,btc,0.0,0.02002858,0,btc,0.0,0.0,0.0,142
1,[],20,[],2019-05-25 06:07:31,209155.99,0.000015,0.000000001196595,7683079,2019-05-25 06:07:31,btc,1.6079427880484,0.0,0.000015,btc,9788.8796,0.0,0.0228240770707,142
1,[],22,[],2019-05-25 06:07:34,11028.645,0.00001000,0.00000000079773,7683080,2019-05-25 06:07:34,BTC,3.2754788,0.0,0.00001000,BTC,1133.9993657797618,0.0,0.00745365,142
0.0,[],25,[],2019-05-25 06:07:36,0.0,0,0,7683081,2019-05-25 06:07:36,,0.0,0.0,0.0,btc,0.0,0.0,0.0,142
0,[],28,[],2019-05-25 06:07:40,0.0,0,0,7683082,2019-05-25 06:07:40,,0.0,0.021,0,,0.0,0.0,0.0,142
1,[],17,[],2019-05-03 01:13:16,32967.38636364,0.00000088,0.000000000048224264,7559122,2019-05-03 01:13:16,btc,20.06976206696776,0.0,0.00000088,btc,2746.079105,0.0,0.0105613000000032,142
0,[],22,[],2019-05-25 06:07:42,0.0,0,0,7683083,2019-05-25 06:07:42,,65.7671051,0.0,0,,846980922.8,0.0,0.0,143
0,[],22,[],2019-02-25 15:42:22,0.0,0,0,6783783,2019-02-25 15:42:22,,4.2131946,0.0,0,,2322156.0,0.0,0.0,146
,[],22,[],2018-11-20 23:01:11,0.0,0,0,4862114,2018-11-20 23:01:11,,2.56807021,0.0,,,61828.4988236,0.0,0.0,147
1,[],12,[],2019-04-21 06:38:04,193091.5971266,0.00000071,0.000000000037635183,7388679,2019-04-21 06:38:04,btc,2.301232411611175,0.0,0.00000071,btc,9957.48302385,0.00023528,0.0313308199999888,148
1,[],4,[],2019-03-19 21:31:25,255810.0415942,0.00000029,0.000000000011615747,6982695,2019-03-19 21:31:25,btc,218.94922712414143,0.0,0.00000029,btc,793529.37642722,0.00117,0.0608347789473395,152
0,[],22,[],2019-03-19 21:31:27,0.0,0,0,6982696,2019-03-19 21:31:27,,0.0,0.0,0,,0.0,0.0,0.0,152
1,[],5,[],2019-04-26 09:36:59,0.0,0,0,7465040,2019-04-26 09:36:59,btc,0.0,0.0,0,btc,0.0,0.0,0.0,153
,[],16,[],2019-01-11 15:38:59,0.0,0,0,6366141,2019-01-11 15:38:59,btc,0.0,0.0,,btc,0.0,0.0,0.0,155
0,[],22,[],2019-05-25 06:07:47,0.0,0,0,7683084,2019-05-25 06:07:47,,6.80425924,0.0,0,,4675174.942592593,0.0,0.0,156
0,[],23,[],2019-01-20 23:24:29,0.0,0,0,6476932,2019-01-20 23:24:29,,0.0,0.0,0,,0.0,0.0,0.0,156
1,[],22,[],2019-05-25 06:07:51,7066.0,0.00000800,0.000000000638184,7683085,2019-05-25 06:07:51,BTC,1.79802465,0.0,0.00000800,BTC,802.6461988741639,0.0,0.00062996,157
0,[],22,[],2019-05-21 23:40:32,0.0,0,0,7665049,2019-05-21 23:40:32,,50234.60468402,0.0,0,,54786159.03179465,0.0,0.0,158
,[],17,[],2018-11-20 22:56:10,0.0,0,0,4861976,2018-11-20 22:56:10,btc,1.1265625,0.0,,btc,1000.0,0.0,0.0,159
,[],20,[],2018-11-20 22:56:12,0.0,0,0,4861977,2018-11-20 22:56:12,btc,11912.7940471,0.0,,btc,34413894.3617,0.0,0.0,159
1,[],12,[],2019-05-24 02:51:20,9178.522006449999,0.00000191999999999999982841307998027158276954651228152215480804443359375,0.000000000151222656,7676256,2019-05-24 02:51:20,btc,149.80414728631675,0.0,0.00000191999999999999982841307998027158276954651228152215480804443359375,btc,1115.7451448499999,0.01783167678326,0.0120075778999181,168
1,[],17,[],2019-05-03 01:13:36,42852.0,0.00000002,0.000000000001096006,7559132,2019-05-03 01:13:36,btc,0.04279856251542,0.0,0.00000002,btc,274.46171372,0.0,0.00052852,168
1,[],22,[],2019-05-17 03:01:52,10.0,0.00000001,0.000000000000778341,7642059,2019-05-17 03:01:52,BTC,41.95893009,0.0,0.00000001,BTC,1753972.7737547632,0.0,1e-07,169
1,[],22,[],2019-05-25 06:07:54,203664.0,0.00000002,0.0000000000015954600000000002,7683086,2019-05-25 06:07:54,BTC,27.86283293,0.0,0.00000002,BTC,454651.2285507793,0.00017965,0.00213428,171
1,[],22,[],2019-05-25 06:07:58,389395.0,0.00000002,0.0000000000015954600000000002,7683087,2019-05-25 06:07:58,BTC,24.39874113,0.0,0.00000002,"BTC,LTC",1039175.9936183414,0.0,0.0054799,173
1,[],5,[],2019-05-25 06:08:00,0.0,0,0,7683088,2019-05-25 06:08:00,btc,0.0,0.01663087,0,btc,0.0,0.0,0.0,175
1,[],22,[],2019-05-25 06:08:03,90671.0,0.00000001,0.0000000000007977300000000001,7683089,2019-05-25 06:08:03,BTC,394.35459412,0.0,0.00000001,BTC,136275.61833431243,0.0,0.00090671,176
1,[],7,[],2019-05-25 06:08:04,0.0,0,0,7683090,2019-05-25 06:08:04,btc,522274.2791881946,0.0,0,btc,28609961.255866,0.0,0.0,178
0,[],22,[],2019-05-25 06:08:07,0.0,0,0,7683091,2019-05-25 06:08:07,,1.00242428,0.0,0,,57512.0,0.0,0.0,178
0,[],2,[],2019-01-20 23:28:34,0.0,0,0,6477001,2019-01-20 23:28:34,,0.0,0.0,0,,0.0,0.0,0.0,178
1,[],5,[],2019-05-25 06:08:08,0.0,0,0,7683092,2019-05-25 06:08:08,btc,0.0,0.02052218,0,btc,0.0,0.0,0.0,179
0,[],22,[],2019-05-25 06:08:10,0.0,0,0,7683093,2019-05-25 06:08:10,,5.31370491,0.0,0,,13346087.311946675,0.0,0.0,179
0,[],23,[],2019-01-20 23:25:08,0.0,0,0,6476952,2019-01-20 23:25:08,,0.0,0.0,0,,0.0,0.0,0.0,179
1,[],22,[],2019-05-25 06:10:15,667830.8102683983,0.00000125,0.00000000009971625,7683094,2019-05-25 06:10:15,BTC,39.28798155,0.0,0.00000125,"BTC,LTC",149821.46067236795,0.01296413,0.56621574,180
1,[],26,[],2019-05-25 06:10:16,0.0,0.00000010,0.0000000000079773,7683095,2019-05-25 06:10:16,btc,0.0,0.0,0.00000010,btc,0.0,0.0,0.0,180
1,[],17,[],2019-05-03 01:13:56,20504.725000000002,0.0000001,0.00000000000548003,7559141,2019-05-03 01:13:56,btc,5.2010695838400265,0.0,0.0000001,btc,5033.45945,0.0,0.0011504725,180
,[],7,[],2018-11-20 22:58:01,562227.975654,0.00000085,0.000000000036176765,4862015,2018-11-20 22:58:01,btc,21836.6059674,2491.87645172,,btc,749999.041456,0.00211021,0.127565380455,183
,[],5,[],2019-01-10 08:11:41,0.0,0,0,6347036,2019-01-10 08:11:41,btc,82.15055501,0.00261,,btc,1.19002445,0.0,0.0,187
,[],17,[],2018-11-16 20:58:10,4062536.27273,0.00000001,0.000000000000550501,4708775,2018-11-16 20:58:10,btc,3.36492563466,0.195460381006,,"btc,eth",110697919.549,0.0,0.0157628953496,187
1,[],24,[],2019-05-22 21:04:52,0.0,0.000000000014,0.0000000000000010960978,7670219,2019-05-22 21:04:52,btc,0.0,0.0,0.000000000014,btc,0.0,0.0,0.0,187
0,[],22,[],2019-04-25 02:54:07,0.0,0,0,7447896,2019-04-25 02:54:07,,7.54794454,0.0,0,,76361.7243344055,0.0,0.0,191
0,[],22,[],2019-05-25 06:10:21,0.0,0,0,7683096,2019-05-25 06:10:21,,0.0,0.0,0,,0.0,0.0,0.0,197
0,[],23,[],2019-01-20 23:31:41,0.0,0,0,6477079,2019-01-20 23:31:41,,0.0,0.0,0,,0.0,0.0,0.0,199
0,[],22,[],2019-05-25 06:10:23,0.0,0,0,7683097,2019-05-25 06:10:23,,10.30620274,0.0,0,,89304504.0,0.0,0.0,199
1,[],26,[],2019-05-25 06:10:23,0.0,0.00000000,0,7683098,2019-05-25 06:10:23,btc,0.0,0.0,0.00000000,btc,0.0,0.0,0.0,199
0,[],2,[],2019-01-20 23:30:49,0.0,0,0,6477059,2019-01-20 23:30:49,,0.0,0.0,0,,0.0,0.0,0.0,201
1,[],4,[],2019-01-25 15:51:35,2084389.58565343,0.00000936,0.000000000333526752,6499557,2019-01-25 15:51:35,btc,2.0092503037378524,0.0,0.00000936,btc,160195.80207885,0.19272417,1.242687955921835,211
1,[],7,[],2019-05-25 06:10:26,25515285.64838034,0.00000038,0.000000000030313740000000004,7683099,2019-05-25 06:10:26,btc,15200499.797439478,1097829.25179,0.00000038,btc,10176061.09256556,0.0,2.285927507386211,212
1,[],5,[],2019-05-25 06:10:28,0.0,0,0,7683100,2019-05-25 06:10:28,btc,0.0,0.05176377,0,btc,0.0,0.0,0.0,213
1,[],24,[],2019-05-25 06:10:28,0.0,0.000000090000,0.00000000000717957,7683101,2019-05-25 06:10:28,btc,0.0,0.0,0.000000090000,btc,0.0,0.0,0.0,213
1,[],26,[],2019-05-25 06:10:28,0.0,0.00000040,0.0000000000319092,7683102,2019-05-25 06:10:28,btc,0.0,0.0,0.00000040,btc,0.0,0.0,0.0,213
1,[],12,[],2019-01-25 02:44:32,207462.42853209,0.000001080000000000000035831255497387193287295303889550268650054931640625,0.000000000038610756000000006,6493050,2019-01-25 02:44:32,btc,85023.03793723314,0.0,0.000001080000000000000035831255497387193287295303889550268650054931640625,btc,43675.73520027,0.000146250909087,0.0348620860622024,213
0,[],22,[],2019-05-25 06:10:32,0.0,0,0,7683103,2019-05-25 06:10:32,,9.61445386,0.0,0,,3661587.094064925,0.0,0.0,216
0,[],27,[],2019-05-25 06:10:40,0.0,0,0,7683104,2019-05-25 06:10:40,,65.9978966180052,0.0,0,"btc,ltc",414450.40768,0.0,0.0,216
1,[],22,[],2019-05-25 06:10:45,212969.9,0.00000029,0.000000000023134170000000002,7683105,2019-05-25 06:10:45,BTC,12054.72994094,0.0,0.00000029,BTC,375829.316410864,0.01494154,0.02311617,217
1,[],7,[],2019-05-25 06:10:46,0.0,0,0,7683106,2019-05-25 06:10:46,btc,1234863.9746694148,0.0,0,btc,162532363.92083928,0.0,0.0,219
0,[],27,[],2019-05-25 06:10:54,0.0,0,0,7683107,2019-05-25 06:10:54,,0.105466823472,0.0,0,btc,3058319.8967,0.0,0.0,219
0,[],28,[],2019-05-25 06:10:56,0.0,0,0,7683108,2019-05-25 06:10:56,,0.0,36890.0,0,,0.0,0.0,0.0,219
1,[],22,[],2019-05-23 16:41:05,172069.0,0.00000004,0.0000000000031167080000000004,7674065,2019-05-23 16:41:05,BTC,56.76466137,0.0,0.00000004,BTC,127061.6482738741,0.0,0.00393676,221
1,[],24,[],2019-05-23 16:41:05,0.0,0.000000010000,0.0000000000007791770000000001,7674066,2019-05-23 16:41:05,btc,0.0,0.0,0.000000010000,btc,0.0,0.0,0.0,221
1,[],20,[],2019-05-25 06:10:59,5378878.9812,0.000000002,0.000000000000159546,7683109,2019-05-25 06:10:59,btc,100050.73314465614,15509482.4998,0.000000002,btc,37995570.6156,0.0189749477894,0.0057002284812,224
0,[],22,[],2019-05-25 06:11:02,0.0,0,0,7683110,2019-05-25 06:11:02,,0.0,0.0,0,,0.0,0.0,0.0,224
1,[],26,[],2019-05-25 06:11:02,0.0,0.00000026,0.00000000002074098,7683111,2019-05-25 06:11:02,btc,0.0,0.0,0.00000026,btc,0.0,0.0,0.0,231
1,[],26,[],2019-05-25 06:11:02,0.0,0.00000006,0.0000000000047863800000000005,7683112,2019-05-25 06:11:02,btc,0.0,0.0,0.00000006,btc,0.0,0.0,0.0,234
0,[],27,[],2019-05-25 06:11:11,0.0,0,0,7683113,2019-05-25 06:11:11,,0.01134836604,0.0,0,"btc,eth",11462.996,0.0,0.0,234
1,[],4,[],2019-05-22 17:06:12,91780.56053785,0.00000078,0.000000000061977552,7669277,2019-05-22 17:06:12,btc,5.573372450018177,0.0,0.00000078,btc,729173.93529783,0.0,0.0307060663355679,236
1,[],24,[],2019-05-22 17:06:12,0.0,0.000000010000,0.000000000000794584,7669278,2019-05-22 17:06:12,btc,0.0,0.0,0.000000010000,btc,0.0,0.0,0.0,236
1,[],5,[],2019-05-25 06:11:12,0.0,0,0,7683114,2019-05-25 06:11:12,btc,0.0,0.11744772,0,btc,0.0,0.0,0.0,237
1,[],20,[],2019-05-25 06:11:14,121845892.1058,0.000000044,0.0000000000035100120000000003,7683115,2019-05-25 06:11:14,btc,58793.28152056867,7614403.6504,0.000000044,btc,44102701.3137,0.3442217133,0.5082698866175,237
1,[],22,[],2019-05-25 06:11:18,363100.0,0.00000003,0.0000000000023931900000000002,7683116,2019-05-25 06:11:18,BTC,1.20267422,0.0,0.00000003,"BTC,LTC",17930.94871794872,0.0,0.009791,237
1,[],4,[],2019-05-25 06:11:19,27086661.13224352,0.00000012,0.000000000009572760000000001,7683117,2019-05-25 06:11:19,btc,2.862162687083426,0.0,0.00000012,btc,9774547.99085407,0.05756426,0.584926242624703,238
1,[],5,[],2019-05-25 06:11:22,0.0,0,0,7683118,2019-05-25 06:11:22,btc,0.0,0.00922169,0,btc,0.0,0.0,0.0,238
0,[],22,[],2019-03-12 16:49:32,0.0,0,0,6914458,2019-03-12 16:49:32,,0.40415746,0.0,0,,526736.5639027493,0.0,0.0,249
0,[],22,[],2019-05-25 04:04:42,0.0,0,0,7682638,2019-05-25 04:04:42,,13.39584725,0.0,0,,40977695.3426455,0.0,0.0,252
0,[],28,[],2019-05-25 06:11:25,0.0,0,0,7683119,2019-05-25 06:11:25,,0.0,214380.6,0,,0.0,0.0,0.0,256
1,[],22,[],2019-05-25 06:11:28,1052904.0,0.00000001,0.0000000000007977300000000001,7683120,2019-05-25 06:11:28,BTC,21.85885958,0.0,0.00000001,BTC,542925.7509808998,0.0,0.01052904,258
1,[],22,[],2019-05-19 18:12:02,400.0,0.00000001,0.0000000000007957800000000001,7653905,2019-05-19 18:12:02,BTC,2.415167,0.0,0.00000001,BTC,157.0,0.0,4e-06,259
1,[],5,[],2019-05-25 06:11:31,0.0,0,0,7683121,2019-05-25 06:11:31,btc,0.0,0.06666621,0,btc,0.0,0.0,0.0,264
1,[],20,[],2019-05-25 06:11:33,896618.318,0.000000387,0.000000000030872151,7683122,2019-05-25 06:11:33,btc,0.9776775259346,15124.6324,0.000000387,btc,55334.0928,0.0103084333996,0.0063328928717,264
0,[],22,[],2019-04-12 17:57:27,0.0,0,0,7278186,2019-04-12 17:57:27,,66.37522201,0.0,0,,677842.4169881374,0.0,0.0,271
0,[],22,[],2019-05-25 06:11:36,0.0,0,0,7683123,2019-05-25 06:11:36,,33050467.47128113,0.0,0,,14361344993.7,0.0,0.0,272
0,[],28,[],2019-05-25 06:11:38,0.0,0,0,7683124,2019-05-25 06:11:38,,0.0,44376011781.57,0,,0.0,0.0,0.0,272
1,[],22,[],2019-05-23 07:12:29,219930.0,0.00000004,0.000000000003048688,7671985,2019-05-23 07:12:29,BTC,426.77835217,0.0,0.00000004,BTC,248664.3325962929,0.0,0.00739728,281
1,[],22,[],2019-05-25 06:11:42,727541.9333333333,0.00000006,0.0000000000047863800000000005,7683125,2019-05-25 06:11:42,BTC,2.64313582,0.0,0.00000006,"BTC,LTC",746133.6795350092,0.012225930000036054,0.03068215,286
0,[],22,[],2019-05-25 06:11:45,0.0,0,0,7683126,2019-05-25 06:11:45,,7337899.5475411,0.0,0,,1884356788.7797825,0.0,0.0,294
