pairValue,buyBook,exchangeId,sellBook,updated,buyTotal,satoshiPrice,usdPrice,exchangeLogId,created,bestPair,sellTotalBtc,volume,pairPrice,activePairs,sellTotal,volumeBtc,buyTotalBtc,coinId
1,[],3,[],2019-06-21 21:09:59,33725.177271731765,0.01050305999999999982674747656119507155381143093109130859375,0.000001041890948327999920550783005,7750319,2019-06-21 21:09:59,btc,9.167700966440426,59.8168702938,0.01050305999999999982674747656119507155381143093109130859375,btc,19.954399720573,0.0,0.445728538112097,1
1,[],4,[],2019-06-21 21:10:00,353244.7837003,0.01088097,0.000001079379166835999935496952104,7750320,2019-06-21 21:10:00,btc,9.199235956797743,0.0,0.01088097,btc,435.46532442,11.25998128,1.137149664892918,1
1,[],5,[],2019-06-21 21:10:02,0.0,0,0,7750321,2019-06-21 21:10:02,btc,0.0,0.00660132,0,btc,0.0,0.0,0.0,1
1,[],10,[],2019-06-21 21:10:05,133908.26878864,0.004204,0.0000004170317552,7750322,2019-06-21 21:10:05,btc,6511.998330151278,1680.06110483,0.004204,btc,1381.81664937,0.0,1.800433612627112,1
1,[],12,[],2019-06-21 21:10:08,85.67956412000001,0.0107399999999999995470290059529361315071582794189453125,0.000001065395111999999891398451741,7750323,2019-06-21 21:10:08,btc,0.3373894536964,0.0,0.0107399999999999995470290059529361315071582794189453125,btc,30.08631408,3.526796060603,0.1661065964715,1
1,[],20,[],2019-06-21 21:10:10,918.95,0.01111,0.000001102098667999999934139248419,7750324,2019-06-21 21:10:10,btc,0.17299036278,0.6279,0.01111,btc,12.8108,0.0071502888903,0.1345051884532,1
1,[],21,[],2019-06-21 21:10:12,1730.46397732,0.01077136000000000065623950718,0.000001068505986368000001244898434,7750325,2019-06-21 21:10:12,btc,11.358574021824708,4339.28037737,0.010771360000000000656239507179634529165923595428466796875,"btc,eth",1421.81113469,43.24109715747097,13.995364288855201,1
1,[],22,[],2019-06-21 21:10:15,0.0395979803020197,0.01000001,0.000000991988991988,7750326,2019-06-21 21:10:15,BTC,0.01666796,0.0,0.01000001,BTC,0.25318100557485945,0.0,0.00021887,1
1,[],24,[],2019-06-21 21:10:15,0.0,0.000000000000,0,7750327,2019-06-21 21:10:15,btc,0.0,0.0,0.000000000000,btc,0.0,0.0,0.0,1
0.0,[],25,[],2019-06-21 21:10:16,0.0,0,0,7750328,2019-06-21 21:10:16,btc,32.34999999889482,8533.77419701,0.0,btc,2933.02410728,95.23,0.0,1
1,[],26,[],2019-06-21 21:10:20,0.0,0,0,7750329,2019-06-21 21:10:20,,0.0,0.0,0,,0.0,0.0,0.0,1
0,[],28,[],2019-06-21 21:10:21,0.0,0,0,7750330,2019-06-21 21:10:21,,0.0,0.0,0,,0.0,0.0,0.0,1
0,[],2,[],2019-01-20 23:28:45,0.0,0,0,6477011,2019-01-20 23:28:45,,0.0,0.0,0,,0.0,0.0,0.0,1
1,[],5,[],2019-06-17 14:29:02,0.0,0,0,7740076,2019-06-17 14:29:02,btc,0.0,2.72e-05,0,btc,0.0,0.0,0.0,2
1,[],22,[],2019-06-17 14:29:06,11550.3,0.0000002,0.0000000000185828,7740077,2019-06-17 14:29:06,BTC,21.00897301,0.0,0.0000002,"BTC,XMR",20678.87287795317,1.754e-05,0.00143681,2
1,[],5,[],2019-06-03 14:48:58,0.0,0,0,7731126,2019-06-03 14:48:58,btc,0.0,0.05905545,0,btc,0.0,0.0,0.0,3
1,[],12,[],2019-06-03 14:48:59,3468623.70302,0.000000116,0.000000000009823402000000002,7731127,2019-06-03 14:48:59,btc,169531.0336573751,0.0,0.000000116,btc,2361209.62379607,0.041350953071,0.33764769154428,3
0,[],28,[],2019-06-03 14:49:00,0.0,0,0,7731128,2019-06-03 14:49:00,,0.0,0.0,0,,0.0,0.0,0.0,3
0,[],2,[],2019-01-20 23:31:32,0.0,0,0,6477077,2019-01-20 23:31:32,,0.0,0.0,0,,0.0,0.0,0.0,4
1,[],4,[],2019-05-18 21:29:50,562734.9206932,0.00000010,0.000000000007298720000000001,7650946,2019-05-18 21:29:50,btc,41.9347137769675,0.0,0.00000010,btc,1123702.32192634,0.00052462,0.029254593370966,4
0,[],12,[],2019-06-02 05:03:43,0.0,0,0,7724919,2019-06-02 05:03:43,btc,625.901992874995,0.0,0,btc,1211362.4995005,0.0,0.0,5
0,[],2,[],2019-01-20 23:31:51,0.0,0,0,6477087,2019-01-20 23:31:51,,0.0,0.0,0,,0.0,0.0,0.0,6
1,[],11,[],2019-06-21 21:10:23,5365894.076736,0.00000002,0.000000000001983976,7750331,2019-06-21 21:10:23,btc,9583.528981907093,63333.333333,0.00000002,btc,73315312.62354945,0.0,0.06738688876736,6
1,[],3,[],2019-06-21 21:10:24,12732.36810256357,0.00008527999999999999664913874486416034415015019476413726806640625,0.000000008459673663999999,7750332,2019-06-21 21:10:24,btc,2027.8314546033773,383.237283558,0.00008527999999999999664913874486416034415015019476413726806640625,btc,394.627639815782,0.0,0.03279196765894515,7
1,[],4,[],2019-06-21 21:10:25,297944.55988609,0.00008111,0.000000008046014668,7750333,2019-06-21 21:10:25,btc,7.969113735501029,0.0,0.00008111,btc,61128.71387729,1.96604052,1.807257028799523,7
1,[],5,[],2019-06-21 21:10:26,0.0,0,0,7750334,2019-06-21 21:10:26,btc,0.0,0.24056487,0,btc,0.0,0.0,0.0,7
1,[],20,[],2019-04-07 22:06:50,3201475.0482,0.000000001,0.000000000000051590000000000004,7213932,2019-04-07 22:06:50,btc,30.8005781811902,0.0,0.000000001,btc,23077405.3926,0.0,0.0032014750482,8
0,[],2,[],2019-01-20 23:22:42,0.0,0,0,6476876,2019-01-20 23:22:42,,0.0,0.0,0,,0.0,0.0,0.0,9
0,[],23,[],2019-01-20 23:22:48,0.0,0,0,6476878,2019-01-20 23:22:48,,0.0,0.0,0,,0.0,0.0,0.0,9
1,[],1,[],2019-02-17 23:31:42,1822507.21,0.00000181000000000000003456111265232042484285557293333113193511962890625,0.000000000066086901,6701244,2019-02-17 23:31:42,btc,3.6990969245,17153386.5,0.00000181000000000000003456111265232042484285557293333113193511962890625,btc,1997391.71,31.11772986,3.2610482446,9
1,[],4,[],2019-06-21 21:10:27,1744991.02152198,0.00000054,0.000000000053567352,7750335,2019-06-21 21:10:27,btc,2.9756585001674676,0.0,0.00000054,btc,2901206.8563519,0.82470625,0.4642349544642611,9
0,[],28,[],2019-06-21 21:10:29,0.0,0,0,7750336,2019-06-21 21:10:29,,0.0,0.0,0,,0.0,0.0,0.0,9
1,[],4,[],2019-02-17 11:22:43,4341674.27126056,0.00000002,0.0000000000007272960000000001,6696112,2019-02-17 11:22:43,btc,0.1997230937751353,0.0,0.00000002,btc,4109766.79808031,0.00215132,0.0479381022052112,10
0,[],2,[],2019-01-20 23:23:08,0.0,0,0,6476890,2019-01-20 23:23:08,,0.0,0.0,0,,0.0,0.0,0.0,12
1,[],4,[],2019-06-21 21:10:30,39397102.8716498,0.00000029,0.000000000028767652,7750337,2019-06-21 21:10:30,btc,7.764454688873507,0.0,0.00000029,btc,9849703.82345595,1.24069009,1.690486642200424,12
1,[],5,[],2019-06-21 21:10:31,0.0,0,0,7750338,2019-06-21 21:10:31,btc,0.0,0.0534392,0,btc,0.0,0.0,0.0,12
0.0,[],25,[],2019-06-21 21:10:32,0.0,0,0,7750339,2019-06-21 21:10:32,,0.0,0.0,0.0,btc,0.0,0.0,0.0,12
1,[],4,[],2019-06-21 21:10:33,460828.30281583,0.00000367,0.000000000364059596,7750340,2019-06-21 21:10:33,btc,1.8761352180053141,0.0,0.00000367,btc,296297.88729524,0.42927946,0.2325637408676957,13
1,[],10,[],2019-06-21 21:10:35,470378.51084187,0.00000365,0.00000000036207562,7750341,2019-06-21 21:10:35,btc,666798.45388228,16800.1587004,0.00000365,btc,890691.90373512,0.0,0.3445078320003618,13
1,[],21,[],2019-06-21 21:10:37,4441953.82017189,0.000003710000000000000054461643528,0.000000000368027548,7750342,2019-06-21 21:10:37,btc,3.5081068325138185,391544.34919566,0.00000371000000000000005446164352829185872906236909329891204833984375,btc,744548.14083317,1.48828188,3.7526952720733036,13
1,[],12,[],2019-06-21 20:59:56,214937.62475568,0.00000058,0.000000000057459614,7750295,2019-06-21 20:59:56,btc,184.2547374516761,0.0,0.00000058,btc,26501.75357547,0.000203015245,0.0151436899999791,14
1,[],4,[],2019-06-21 21:10:38,1191454.25968043,0.00000073,0.000000000072415124,7750343,2019-06-21 21:10:38,btc,8.92061526362885,0.0,0.00000073,btc,875084.64001271,0.69086811,0.2103828913957525,14
1,[],26,[],2019-06-21 21:14:38,0.0,0.00000050,0.0000000000495994,7750344,2019-06-21 21:14:38,btc,0.0,0.0,0.00000050,btc,0.0,0.0,0.0,14
0,[],17,[],2019-05-03 00:53:32,0.0,0,0,7558876,2019-05-03 00:53:32,btc,0.0,0.0,0,btc,0.0,0.0,0.0,14
,[],12,[],2018-12-01 15:15:48,204241.84496,0.00000489,0.000000000202473384,5260204,2018-12-01 15:15:48,btc,49.5475654835,0.0,,btc,35763.2193806,0.0163153972027625,0.0203389899998,15
0,[],4,[],2019-06-21 21:14:39,0.0,0,0,7750345,2019-06-21 21:14:39,,0.0,0.0,0,,0.0,0.0,0.0,15
0,[],2,[],2019-01-20 23:23:38,0.0,0,0,6476906,2019-01-20 23:23:38,,0.0,0.0,0,,0.0,0.0,0.0,18
1,[],4,[],2019-06-21 21:14:40,36432.22323864,0.00000993,0.0000000009850440839999999,7750346,2019-06-21 21:14:40,btc,2.4600595519964603,0.0,0.00000993,btc,17197.99491286,0.02448947,0.0921055330109802,18
1,[],10,[],2019-06-21 21:14:42,124302.26197174,0.00001018,0.000000001009843784,7750347,2019-06-21 21:14:42,btc,14.893356832281057,6971.34410129,0.00001018,btc,10926.13061925,0.0,0.1231099955070829,18
1,[],12,[],2019-06-21 21:14:44,3114.23359108,0.000010859999999999999360333728659622209988810936920344829559326171875,0.0000000010772989679999999,7750348,2019-06-21 21:14:44,btc,0.537707571158024,0.0,0.000010859999999999999360333728659622209988810936920344829559326171875,btc,1914.32171369,0.000628355083,0.0085697552688311,18
0,[],17,[],2019-05-03 00:53:39,0.0,0,0,7558882,2019-05-03 00:53:39,btc,0.0,0.0,0,btc,0.0,0.0,0.0,18
0,[],2,[],2019-01-20 23:24:19,0.0,0,0,6476924,2019-01-20 23:24:19,,0.0,0.0,0,,0.0,0.0,0.0,19
1,[],3,[],2019-06-21 21:16:44,155877.59171881518,0.000009609999999999999469838148080658157823563669808208942413330078125,0.000000000953300468,7750349,2019-06-21 21:16:44,btc,193.74152756083637,13862.9553515,0.000009609999999999999469838148080658157823563669808208942413330078125,btc,21262.44411657027,0.0,0.07884406028954757,19
1,[],4,[],2019-06-21 21:16:45,300578.06743451,0.00001032,0.000000001023731616,7750350,2019-06-21 21:16:45,btc,6.42335150001861,0.0,0.00001032,btc,271141.52729014,0.3601923,1.2691715613947447,19
1,[],5,[],2019-06-21 21:16:46,0.0,0,0,7750351,2019-06-21 21:16:46,btc,0.0,0.01282747,0,btc,0.0,0.0,0.0,19
1,[],12,[],2019-06-21 21:16:48,109040.91046521,0.0000070199999999999997035075686990790444497179123573005199432373046875,0.0000000006963755759999999,7750352,2019-06-21 21:16:48,btc,0.3680646857996331,0.0,0.0000070199999999999997035075686990790444497179123573005199432373046875,btc,2973.67008334,0.0,0.0199574313763673,19
0,[],27,[],2019-06-21 21:16:53,0.0,0,0,7750353,2019-06-21 21:16:53,,0.0,0.0,0,btc,0.0,0.0,0.0,19
1,[],4,[],2019-06-21 21:16:54,10117097.23656777,0.00000005,0.00000000000495994,7750354,2019-06-21 21:16:54,btc,6.358916255187786,0.0,0.00000005,btc,2305311.3564439,0.00992686,0.1191747238096551,20
0,[],4,[],2019-06-21 21:16:54,0.0,0,0,7750355,2019-06-21 21:16:54,,5361.594768983465,0.0,0,,83384142.16581893,0.0,0.0,21
0,[],12,[],2019-06-21 21:16:55,0.0,0,0,7750356,2019-06-21 21:16:55,btc,2603.6033162146155,0.0,0,btc,7604746.25974023,0.0,0.0,21
0,[],17,[],2019-05-03 00:53:51,0.0,0,0,7558891,2019-05-03 00:53:51,btc,0.0,0.0,0,btc,0.0,0.0,0.0,21
1,[],12,[],2019-06-21 21:18:56,5477242110.277,0.0000000004,0.00000000000003967952,7750357,2019-06-21 21:18:56,btc,1428620268572.2544,0.0,0.0000000004,btc,2636111868.7602396,0.298214188279,1.3194639789108003,23
0.00000000029530870000000004,[],27,[],2019-06-21 21:19:02,63209234.0,8.859261000000001e-18,8.788280600868e-22,7750358,2019-06-21 21:19:02,eth,1046.6886174770805,13708530.0,0.00000003,eth,5252071.24779221,1.2144744519633e-10,2.67330781673038e-10,23
1,[],4,[],2019-06-21 21:19:03,6070414.07522138,0.00000017,0.000000000016863795999999998,7750359,2019-06-21 21:19:03,btc,10.229121159601771,0.0,0.00000017,btc,1789576.15622949,0.00010102,0.1299450262400025,24
0,[],22,[],2019-06-21 21:19:06,0.0,0,0,7750360,2019-06-21 21:19:06,,6.22e-05,0.0,0,,517.4264705882352,0.0,0.0,24
0.0,[],25,[],2019-06-21 21:19:07,0.0,0,0,7750361,2019-06-21 21:19:07,,0.0,0.0,0.0,btc,0.0,0.0,0.0,24
0,[],2,[],2019-01-20 23:25:56,0.0,0,0,6476976,2019-01-20 23:25:56,,0.0,0.0,0,,0.0,0.0,0.0,26
1,[],4,[],2019-06-21 21:19:08,26945429.46215122,0.00000421,0.00000000041762694799999995,7750362,2019-06-21 21:19:08,btc,7.702831334905438,0.0,0.00000421,btc,207250.77705987,0.06602072,0.4564182363533607,26
1,[],10,[],2019-06-21 21:19:10,79393.06345617,0.00000405,0.00000000040175514,7750363,2019-06-21 21:19:10,btc,25.266742151580996,7152.02623904,0.00000405,btc,19881.28046896,0.0,0.0490068508567984,26
1,[],5,[],2019-04-26 09:47:06,0.0,0,0,7465326,2019-04-26 09:47:06,btc,0.0,0.0,0,btc,0.0,0.0,0.0,27
1,[],3,[],2019-06-17 14:30:26,13571825.64059417,0.00000001,0.00000000000092914,7740112,2019-06-17 14:30:26,btc,3.485049956644059,4264730.43754,0.00000001,btc,23500048.28518193,0.0,0.1357182564059417,27
1,[],11,[],2019-06-17 14:30:28,2031833.58157834,0.00000001,0.00000000000092914,7740113,2019-06-17 14:30:28,btc,67502.92060589766,32677.9652116,0.00000001,btc,6487362.95640949,0.0,0.0203183358157834,27
1,[],4,[],2019-06-21 21:19:10,936601571.9281552,0.00000001,0.000000000000991988,7750364,2019-06-21 21:19:10,btc,6.194494378427425,0.0,0.00000001,"btc,ltc",420964831.8414977,0.06543636,6.203684323462908,29
1,[],7,[],2019-06-21 21:19:11,88245545.39145988,0.00000001,0.000000000000991988,7750365,2019-06-21 21:19:11,btc,46548272.19362063,0.0,0.00000001,btc,36556634.50204292,0.0,0.8824554539145988,29
0,[],17,[],2019-05-03 01:11:25,0.0,0,0,7559066,2019-05-03 01:11:25,btc,0.0,0.0,0,btc,0.0,0.0,0.0,30
1,[],4,[],2019-06-21 21:19:12,15522975.90064791,0.00000005,0.00000000000495994,7750366,2019-06-21 21:19:12,btc,2.5886147753308304,0.0,0.00000005,btc,2238109.19211373,0.00025,0.1731523644110231,30
1,[],4,[],2019-06-21 21:21:13,209922.68285587,0.00004444,0.000000004408394672,7750367,2019-06-21 21:21:13,btc,4.136003423711983,0.0,0.00004444,btc,56873.33175708,0.77217745,0.6355141684047857,31
1,[],21,[],2019-06-21 21:21:14,99619.89824701,0.00004446999999999999943819245507,0.000000004411370636,7750368,2019-06-21 21:21:14,btc,6.435931196212184,193331.10349567,0.000044469999999999999438192455070151254403754137456417083740234375,btc,125758.63466544,8.59765297,3.241318645779673,31
0,[],2,[],2019-01-20 23:28:43,0.0,0,0,6477009,2019-01-20 23:28:43,,0.0,0.0,0,,0.0,0.0,0.0,32
1,[],12,[],2019-03-30 07:55:10,40641173.964,0.00000003,0.000000000001228359,7108785,2019-03-30 07:55:10,btc,4233210.82356125,0.0,0.00000003,btc,28378394.68333462,0.0126927883965248,0.90752895892,33
0,[],4,[],2019-06-21 21:21:15,0.0,0,0,7750369,2019-06-21 21:21:15,,0.0,0.0,0,,0.0,0.0,0.0,33
0.0000000001384443,[],4,[],2019-06-21 21:21:16,147758051.4131509,7.0606593e-17,7.0040892976884e-21,7750370,2019-06-21 21:21:16,ltc,4.103483870364416,0.0,0.00000051,ltc,159237977.06299707,0.0,8.940987988482476e-10,34
1,[],5,[],2019-06-21 21:21:17,0.0,0,0,7750371,2019-06-21 21:21:17,btc,0.0,0.05955377,0,btc,0.0,0.0,0.0,34
0.0000000002926451,[],17,[],2019-05-02 18:17:47,200000.0,2.9264510000000002e-18,1.596703856561e-22,7556430,2019-05-02 18:17:47,eth,0.20942468735267253,0.0,0.00000001,"btc,eth",1018272.20243647,0.0,5.852902e-13,36
0.0000000001311821,[],4,[],2019-05-31 13:28:19,2417517744.0607657,1.311821e-18,1.105058333085e-22,7717483,2019-05-31 13:28:19,ltc,5.019900492391546e-08,0.0,0.00000001,ltc,7102398142.262129,0.0,3.171350544531538e-09,36
1,[],5,[],2019-05-31 13:28:21,0.0,0,0,7717484,2019-05-31 13:28:21,btc,0.0,0.0,0,btc,0.0,0.0,0.0,36
0.0000000003108179,[],27,[],2019-05-31 13:30:34,10388811.226876,6.216358000000001e-18,5.236566733830001e-22,7717485,2019-05-31 13:30:34,eth,1569.8708019850988,761866.634299,0.00000002,"ltc,eth",5084024.2511555,4.736034912207001e-12,3.3251980286483705e-11,36
1,[],17,[],2019-05-03 01:11:36,211752.74075282,0.00000025,0.000000000013700074999999998,7559074,2019-05-03 01:11:36,btc,0.055484923955058496,0.0,0.00000025,"btc,eth",1387.19918473,0.0,0.0005381851887916605,37
1,[],4,[],2019-06-21 21:21:18,10374757.71937784,0.00000014,0.000000000013887831999999999,7750372,2019-06-21 21:21:18,btc,19772.157669557066,0.0,0.00000014,btc,688572.71588046,0.00020524,0.1461801296194849,37
1,[],12,[],2019-06-21 21:21:19,4275294.21400003,0.00000014,0.000000000013887832,7750373,2019-06-21 21:21:19,btc,7.3799435024718845,0.0,0.00000014,btc,1687574.08672161,0.014904267317,0.16334156211000359,37
1,[],27,[],2019-06-21 21:23:25,11304.0,0.00000019,0.000000000018847771999999998,7750374,2019-06-21 21:23:25,btc,22.62970013895233,0.0,0.00000019,btc,4298.824295,0.0,0.00168776,37
1,[],5,[],2019-06-21 21:23:26,0.0,0,0,7750375,2019-06-21 21:23:26,btc,0.0,0.5431843,0,btc,0.0,0.0,0.0,42
1,[],12,[],2019-06-21 21:23:27,196378.97346092,0.0000020399999999999999500377954875229846720685600303113460540771484375,0.00000000020236555199999999,7750376,2019-06-21 21:23:27,btc,480.58320419030775,0.0,0.0000020399999999999999500377954875229846720685600303113460540771484375,btc,193118.20854306,0.221953790917,0.0661079675900746,42
1,[],27,[],2019-06-21 21:23:34,1581.0,0.0000005,0.0000000000495994,7750377,2019-06-21 21:23:34,btc,0.07600425,0.0,0.0000005,"btc,eth",18.0,0.0,0.0005435000003102513,42
1,[],12,[],2019-03-13 09:13:29,1112112.0,0.00000001,0.000000000000386531,6919902,2019-03-13 09:13:29,btc,29058.00478931866,0.0,0.00000001,btc,5967681.93306694,9.99000999e-07,0.01112112,43
1,[],5,[],2019-04-26 22:38:52,0.0,0,0,7474154,2019-04-26 22:38:52,btc,0.0,0.02638891,0,btc,0.0,0.0,0.0,43
0,[],17,[],2019-04-26 22:38:53,0.0,0,0,7474155,2019-04-26 22:38:53,btc,0.0,0.0,0,btc,0.0,0.0,0.0,43
1,[],12,[],2019-03-05 01:54:08,639326.02,0.00000004,0.000000000001486676,6845775,2019-03-05 01:54:08,btc,11116042.728239931,0.0,0.00000004,btc,1103841.4595604,0.0003330765234764,0.014975410599999999,44
0.0000000001384443,[],4,[],2019-06-21 21:23:35,107448428.79638895,5.1224390999999997e-17,5.081398117930799e-21,7750378,2019-06-21 21:23:35,ltc,1601.9095098645355,0.0,0.00000037,ltc,26328256.33484133,0.00286734,6.684665624982809e-10,49
0.0000000001384443,[],4,[],2019-06-21 21:23:36,318826244.8237562,2.768886e-17,2.746701685368e-21,7750379,2019-06-21 21:23:36,ltc,27276.590653765306,0.0,0.0000002,ltc,179936990.34779435,0.0,2.6930113354446843e-09,52
0,[],22,[],2019-06-21 21:23:38,0.0,0,0,7750380,2019-06-21 21:23:38,,10289.79884133,0.0,0,,286158287.4566013,0.0,0.0,57
0,[],27,[],2019-06-21 21:23:45,0.0,0,0,7750381,2019-06-21 21:23:45,,0.0,0.0,0,"btc,eth",0.0,0.0,0.0,57
1,[],17,[],2019-05-03 01:12:09,1200000.0,0.0000000001,0.00000000000000548003,7559085,2019-05-03 01:12:09,btc,1e+24,0.0,0.0000000001,"btc,eth",39516342.31952568,0.0,0.00010000000058666061,58
0,[],4,[],2019-06-21 21:23:46,0.0,0,0,7750382,2019-06-21 21:23:46,,19.716974576909102,0.0,0,,5712602174.541042,0.00085,0.0,58
1,[],12,[],2019-06-21 21:23:47,818220161.1,0.0000000001,0.00000000000000991988,7750383,2019-06-21 21:23:47,btc,34226633.97130121,0.0,0.0000000001,btc,2702973747.901056,0.002959027952,0.08182201611,58
0.0000000001081936,[],22,[],2019-06-21 21:25:50,126877.0,1.081936e-18,1.073267528768e-22,7750384,2019-06-21 21:25:50,XMR,68.17454206,0.0,0.00000001,XMR,9626402.6,0.0,0.00126877,58
1,[],5,[],2019-06-17 14:31:27,0.0,0,0,7740135,2019-06-17 14:31:27,btc,0.0,0.00079154,0,btc,0.0,0.0,0.0,61
1,[],22,[],2019-06-17 14:31:30,13612.833333333334,0.00000012,0.00000000001114968,7740136,2019-06-17 14:31:30,BTC,1002.29123003,0.0,0.00000012,BTC,15014.200177125656,0.0,0.00153257,61
1,[],26,[],2019-06-17 14:31:30,0.0,0.00000050,0.000000000046457,7740137,2019-06-17 14:31:30,btc,0.0,0.0,0.00000050,btc,0.0,0.0,0.0,61
1,[],27,[],2019-06-17 14:31:36,8400.0,0.00000018,0.00000000001672452,7740138,2019-06-17 14:31:36,btc,1.9742539297246655,0.0,0.00000018,"btc,eth",10953.51663696,0.0,0.001512,61
0,[],28,[],2019-06-17 14:31:38,0.0,0,0,7740139,2019-06-17 14:31:38,,0.0,0.0,0,,0.0,0.0,0.0,61
1,[],4,[],2019-06-21 21:25:51,875846.0755354,0.00000082,0.000000000081343016,7750385,2019-06-21 21:25:51,btc,3.334246682873595,0.0,0.00000082,btc,1269017.11098312,0.2444005,0.5017476747952861,67
0.0,[],25,[],2019-06-21 21:25:52,0.0,0,0,7750386,2019-06-21 21:25:52,,0.0,0.0,0.0,btc,0.0,0.0,0.0,67
1,[],12,[],2019-06-02 06:23:14,910048.355,0.00000006,0.000000000005154929999999999,7725270,2019-06-02 06:23:14,btc,5.167005424215783,0.0,0.00000006,btc,738530.60239759,0.003159757462,0.0187188113,71
,[],5,[],2018-11-20 23:02:39,1.5e-07,0.00000005,0.000000000002128045,4862160,2018-11-20 23:02:39,btc,2.84511358,0.0,,btc,0.00036572,0.0,0.07381892,74
1,[],5,[],2019-06-21 21:25:53,0.0,0,0,7750387,2019-06-21 21:25:53,btc,0.0,0.00394084,0,btc,0.0,0.0,0.0,75
1,[],4,[],2019-06-04 03:25:15,715281.46076168,0.00000001,0.000000000000803619,7734085,2019-06-04 03:25:15,btc,581089.6218469425,0.0,0.00000001,btc,37692563.61091116,0.0,0.0071528146076168,81
0,[],20,[],2019-01-25 09:30:31,0.0,0,0,6495923,2019-01-25 09:30:31,btc,0.0,0.0,0,btc,0.0,0.0,0.0,81
1,[],4,[],2019-06-21 21:25:54,225770.40916148,0.00009170,0.00000000909652996,7750388,2019-06-21 21:25:54,btc,57.007374735997594,0.0,0.00009170,btc,112278.8250099,1.32502094,0.327034636559324,82
1,[],21,[],2019-06-21 21:25:55,65441.40680313,0.00009305999999999999331128791580,0.000000009231440327999999,7750389,2019-06-21 21:25:55,btc,7.5994006695966565,19967.07448667,0.000093059999999999993311287915798146741508389823138713836669921875,btc,65139.38350603,1.93485041,4.55495851021568,82
0,[],17,[],2019-03-25 22:42:34,0.0,0,0,7038780,2019-03-25 22:42:34,btc,0.0445064681804024,0.0,0,btc,995513.18476001,0.0,0.0,84
0.0000000001161485,[],4,[],2019-05-20 13:09:39,216715621.0206096,1.161485e-18,9.0533806701e-23,7657228,2019-05-20 13:09:39,ltc,1.6511566870244727,0.0,0.00000001,ltc,471032407.9048656,0.0,2.5171194308112273e-10,85
,[],22,[],2018-11-20 23:09:34,3408.1,0.0000001,0.0000000000041895,4862324,2018-11-20 23:09:34,BTC,0.04624735,0.0,,BTC,4990.0,0.0,0.00033081,86
1,[],22,[],2019-06-21 21:25:59,117294.0,0.00000006,0.000000000005951927999999999,7750390,2019-06-21 21:25:59,BTC,1.81020153,0.0,0.00000006,BTC,196224.94736842104,0.0,0.00390484,87
1,[],27,[],2019-06-21 21:26:07,269523.0,0.00000003,0.0000000000029759639999999997,7750391,2019-06-21 21:26:07,btc,1.96738418326,44190.0,0.00000003,btc,516743.402,0.0048609,0.00708569,87
,[],2,[],2018-11-20 23:10:47,0.0,0,0,4862359,2018-11-20 23:10:47,,0.0,0.0,,,0.0,0.0,0.0,88
1,[],11,[],2019-06-17 14:31:59,193715.3529613,0.000073310000000000001140094962881477158589405007660388946533203125,0.00000000681152534,7740147,2019-06-17 14:31:59,btc,168.35454702024953,5791.70569014,0.000073310000000000001140094962881477158589405007660388946533203125,btc,196971.41170107,0.0,1.1996165759440112,89
0,[],2,[],2019-01-20 23:31:45,0.0,0,0,6477083,2019-01-20 23:31:45,,0.0,0.0,0,,0.0,0.0,0.0,91
1,[],12,[],2019-06-18 02:35:48,427715.74,0.00000015,0.000000000013911045000000001,7746087,2019-06-18 02:35:48,btc,116.61022144471085,0.0,0.00000015,btc,193315.55943968,0.000180759303,0.0129558314,91
1,[],22,[],2019-06-20 20:27:07,75910.0,0.00000002,0.000000000001914908,7746207,2019-06-20 20:27:07,BTC,0.49565371,0.0,0.00000002,"BTC,LTC",6.384990670617935,0.0,0.0016592,91
0,[],17,[],2019-05-03 01:12:26,0.0,0,0,7559096,2019-05-03 01:12:26,btc,0.0,0.0,0,btc,0.0,0.0,0.0,91
1,[],22,[],2019-06-21 21:26:10,106655.66666666667,0.00000003,0.0000000000029759639999999997,7750392,2019-06-21 21:26:10,BTC,11.34737936,0.0,0.00000003,"BTC,LTC",294418.0280038263,0.0,0.06917967,95
0,[],17,[],2019-05-03 01:12:32,0.0,0,0,7559100,2019-05-03 01:12:32,btc,0.0,0.0,0,btc,0.0,0.0,0.0,96
0.0000000001384443,[],4,[],2019-06-21 21:26:11,540321034.884325,2.9073303e-17,2.8840367696364e-21,7750393,2019-06-21 21:26:11,ltc,11.327411325666976,0.0,0.00000021,ltc,156659926.34976706,0.0,9.32354801410603e-10,96
0,[],12,[],2019-06-21 21:26:12,0.0,0,0,7750394,2019-06-21 21:26:12,btc,36.47432244859141,0.0,0,btc,9846598.85914086,7.872128e-06,0.0,96
1,[],4,[],2019-04-14 03:32:46,1039404.33283278,0.00000038,0.000000000019245518,7293458,2019-04-14 03:32:46,btc,4.170086055365747,0.0,0.00000038,btc,3097704.34561074,0.06260606,0.1859928211030784,99
0,[],2,[],2019-01-20 23:23:55,0.0,0,0,6476914,2019-01-20 23:23:55,,0.0,0.0,0,,0.0,0.0,0.0,100
1,[],4,[],2019-06-21 21:28:14,291041.70567768,0.00001453,0.0000000014413585639999998,7750395,2019-06-21 21:28:14,btc,7.043617784558088,0.0,0.00001453,btc,165085.49079282,0.23431472,0.7264061534379959,100
1,[],22,[],2019-06-05 06:30:35,150000.0,0.00000002,0.000000000001558192,7740007,2019-06-05 06:30:35,BTC,28.56386409,0.0,0.00000002,BTC,12787.719,0.0,0.0017,101
1,[],4,[],2019-06-21 21:28:14,483885.45642224,0.00000160,0.00000000015871808,7750396,2019-06-21 21:28:14,btc,553.6220123123134,0.0,0.00000160,btc,650499.57724288,0.02129533,0.1731646098063683,103
1,[],12,[],2019-06-17 14:32:14,179201505.10870332,0.000000005,0.00000000000046457,7740154,2019-06-17 14:32:14,btc,113577.79366343976,0.0,0.000000005,btc,79148141.67831126,0.019059029059,0.27280986350611003,105
1,[],27,[],2019-06-17 14:32:19,18306828.03496503,0.00000002,0.00000000000185828,7740155,2019-06-17 14:32:19,btc,180.7198218385489,1083.96503497,0.00000002,btc,276513.60142659,7.588e-05,0.3661365606993006,105
1,[],22,[],2019-04-21 00:17:26,21333.0,0.00000001,0.000000000000532493,7385819,2019-04-21 00:17:26,BTC,51.38182867,0.0,0.00000001,BTC,470435.0,0.0,0.00021333,107
1,[],26,[],2019-04-21 00:17:26,0.0,0.00000000,0,7385820,2019-04-21 00:17:26,btc,0.0,0.0,0.00000000,btc,0.0,0.0,0.0,107
1,[],5,[],2019-06-21 21:28:17,0.0,0,0,7750397,2019-06-21 21:28:17,btc,0.0,0.0,0,btc,0.0,0.0,0.0,112
0,[],22,[],2019-06-21 21:28:19,0.0,0,0,7750398,2019-06-21 21:28:19,,6.79500102,0.0,0,,3375892.0833333335,0.0,0.0,112
1,[],27,[],2019-06-21 21:28:26,1.0,0.00000001,0.000000000000991988,7750399,2019-06-21 21:28:26,btc,1.14885,0.0,0.00000001,"btc,eth",39.0,0.0,1e-08,112
1,[],4,[],2019-06-21 21:28:27,1071270.03916888,0.00000069,0.00000000006844717199999999,7750400,2019-06-21 21:28:27,btc,4.850967700253338,0.0,0.00000069,btc,816407.03892431,0.03367364,0.2425976362718679,113
1,[],5,[],2019-06-21 21:28:28,0.0,0,0,7750401,2019-06-21 21:28:28,btc,0.0,0.0,0,btc,0.0,0.0,0.0,113
1,[],17,[],2019-04-26 02:17:47,162738.278,0.00000004,0.0000000000021069000000000002,7461287,2019-04-26 02:17:47,btc,1.3331140273775473,0.0,0.00000004,btc,51796.221,0.0,0.00230953112,116
1,[],27,[],2019-05-22 05:13:01,210000.0,0.00000001,0.00000000000079145,7666372,2019-05-22 05:13:01,btc,3919.0005001478,0.0,0.00000001,btc,128660.871,0.0,0.0021,116
1,[],4,[],2019-05-21 22:31:11,138169.03963019,0.00000701,0.000000000558364025,7664793,2019-05-21 22:31:11,btc,150.95388250938234,0.0,0.00000701,btc,344631.17141974,0.07552974,0.4288357684941946,120
1,[],7,[],2019-05-21 22:31:12,3901.07750076,0.000010679999999999999389654892212320191902108490467071533203125,0.0000000008506887,7664794,2019-05-21 22:31:12,btc,231188.94669936574,0.0,0.000010679999999999999389654892212320191902108490467071533203125,btc,4133.83151364,0.0,0.0113888422364489,120
1,[],20,[],2019-04-07 18:42:29,1914137.0852,0.000000035,0.0000000000017871910000000002,7211992,2019-04-07 18:42:29,btc,32.2497668025648,25528.85,0.000000035,btc,1001975.4986,0.00089350975,0.0152723574729,125
1,[],22,[],2019-06-17 14:32:38,10000.0,0.00000001,0.00000000000092914,7740161,2019-06-17 14:32:38,BTC,0.032061,0.0,0.00000001,BTC,299316.7611111111,0.0,0.0001,126
1,[],4,[],2019-06-21 21:28:29,2959944.46109448,0.00000427,0.000000000423578876,7750402,2019-06-21 21:28:29,btc,2.334908054061449,0.0,0.00000427,btc,170321.8793045,0.1146082,0.5706576576667174,131
0,[],2,[],2019-01-20 23:25:46,0.0,0,0,6476969,2019-01-20 23:25:46,,0.0,0.0,0,,0.0,0.0,0.0,131
1,[],17,[],2019-05-03 01:13:10,10000.0,0.00000001,0.000000000000548003,7559115,2019-05-03 01:13:10,btc,0.0953976503951408,0.0,0.00000001,btc,5037.62507334,0.0,0.0001,131
1,[],4,[],2019-06-17 14:32:42,4848.49465417,0.00007919,0.00000000735785966,7740163,2019-06-17 14:32:42,btc,0.9905723729472744,0.0,0.00007919,btc,202.13055914,0.0,0.0061509344290166,135
1,[],3,[],2019-06-05 06:33:11,40600.27748212,0.00000001,0.000000000000779096,7740019,2019-06-05 06:33:11,btc,0.2308097808993716,2146378.52189,0.00000001,btc,2477992.76904676,0.0,0.0004060027748212,136
1,[],4,[],2019-06-21 21:30:31,346926.4969202,0.00000173,0.00000000017161392399999998,7750403,2019-06-21 21:30:31,btc,110.31014895090364,0.0,0.00000173,btc,584881.16988895,0.03592481,0.493625321836499,137
1,[],12,[],2019-06-21 21:30:32,66158.79523056,0.000001529999999999999962528346615642238504051420022733509540557861328125,0.00000000015177416399999998,7750404,2019-06-21 21:30:32,btc,79.71302805918387,0.0,0.000001529999999999999962528346615642238504051420022733509540557861328125,btc,81256.92097078,0.00240281,0.0138997599999662,137
1,[],4,[],2019-06-21 21:30:33,258878.75353645,0.00001602,0.000000001589164776,7750405,2019-06-21 21:30:33,btc,9.010970601629198,0.0,0.00001602,btc,160040.51096746,0.39314556,0.4263856617931254,142
1,[],5,[],2019-06-21 21:30:34,0.0,0,0,7750406,2019-06-21 21:30:34,btc,0.0,0.01635053,0,btc,0.0,0.0,0.0,142
1,[],22,[],2019-06-21 20:55:40,10715.0,0.00001299,0.000000001284409632,7750234,2019-06-21 20:55:40,BTC,2.99759384,0.0,0.00001299,BTC,835.7198755539798,0.0,0.00540125,142
0.0,[],25,[],2019-06-21 20:55:41,0.0,0,0,7750235,2019-06-21 20:55:41,,0.0,0.0,0.0,btc,0.0,0.0,0.0,142
0,[],28,[],2019-06-21 20:55:43,0.0,0,0,7750236,2019-06-21 20:55:43,,0.0,0.0,0,,0.0,0.0,0.0,142
1,[],17,[],2019-05-03 01:13:16,32967.38636364,0.00000088,0.000000000048224264,7559122,2019-05-03 01:13:16,btc,20.06976206696776,0.0,0.00000088,btc,2746.079105,0.0,0.0105613000000032,142
1,[],20,[],2019-06-21 20:04:43,268549.4444,0.00001601,0.0000000015859602059999999,7750135,2019-06-21 20:04:43,btc,1.6060225109013,0.0,0.00001601,btc,9785.9993,0.0,0.0192699538593,142
0,[],22,[],2019-06-21 20:55:45,0.0,0,0,7750237,2019-06-21 20:55:45,,1635.98618676,0.0,0,,788450755.3,0.0,0.0,143
0,[],22,[],2019-02-25 15:42:22,0.0,0,0,6783783,2019-02-25 15:42:22,,4.2131946,0.0,0,,2322156.0,0.0,0.0,146
,[],22,[],2018-11-20 23:01:11,0.0,0,0,4862114,2018-11-20 23:01:11,,2.56807021,0.0,,,61828.4988236,0.0,0.0,147
1,[],12,[],2019-04-21 06:38:04,193091.5971266,0.00000071,0.000000000037635183,7388679,2019-04-21 06:38:04,btc,2.301232411611175,0.0,0.00000071,btc,9957.48302385,0.00023528,0.0313308199999888,148
1,[],4,[],2019-03-19 21:31:25,255810.0415942,0.00000029,0.000000000011615747,6982695,2019-03-19 21:31:25,btc,218.94922712414143,0.0,0.00000029,btc,793529.37642722,0.00117,0.0608347789473395,152
0,[],22,[],2019-03-19 21:31:27,0.0,0,0,6982696,2019-03-19 21:31:27,,0.0,0.0,0,,0.0,0.0,0.0,152
1,[],5,[],2019-04-26 09:36:59,0.0,0,0,7465040,2019-04-26 09:36:59,btc,0.0,0.0,0,btc,0.0,0.0,0.0,153
,[],16,[],2019-01-11 15:38:59,0.0,0,0,6366141,2019-01-11 15:38:59,btc,0.0,0.0,,btc,0.0,0.0,0.0,155
0,[],23,[],2019-01-20 23:24:29,0.0,0,0,6476932,2019-01-20 23:24:29,,0.0,0.0,0,,0.0,0.0,0.0,156
0,[],22,[],2019-06-04 06:02:09,0.0,0,0,7734688,2019-06-04 06:02:09,,7.43375324,0.0,0,,5955762.942592593,0.0,0.0,156
1,[],22,[],2019-06-21 20:55:49,6996.0,0.00000001,0.000000000000988768,7750238,2019-06-21 20:55:49,BTC,1.7543039,0.0,0.00000001,BTC,57.0,0.0,6.996e-05,157
0,[],22,[],2019-05-21 23:40:32,0.0,0,0,7665049,2019-05-21 23:40:32,,50234.60468402,0.0,0,,54786159.03179465,0.0,0.0,158
,[],17,[],2018-11-20 22:56:10,0.0,0,0,4861976,2018-11-20 22:56:10,btc,1.1265625,0.0,,btc,1000.0,0.0,0.0,159
,[],20,[],2018-11-20 22:56:12,0.0,0,0,4861977,2018-11-20 22:56:12,btc,11912.7940471,0.0,,btc,34413894.3617,0.0,0.0,159
1,[],12,[],2019-05-24 02:51:20,9178.522006449999,0.00000191999999999999982841307998027158276954651228152215480804443359375,0.000000000151222656,7676256,2019-05-24 02:51:20,btc,149.80414728631675,0.0,0.00000191999999999999982841307998027158276954651228152215480804443359375,btc,1115.7451448499999,0.01783167678326,0.0120075778999181,168
1,[],17,[],2019-05-03 01:13:36,42852.0,0.00000002,0.000000000001096006,7559132,2019-05-03 01:13:36,btc,0.04279856251542,0.0,0.00000002,btc,274.46171372,0.0,0.00052852,168
1,[],22,[],2019-05-17 03:01:52,10.0,0.00000001,0.000000000000778341,7642059,2019-05-17 03:01:52,BTC,41.95893009,0.0,0.00000001,BTC,1753972.7737547632,0.0,1e-07,169
1,[],22,[],2019-05-30 08:38:18,202834.0,0.00000002,0.0000000000017416160000000001,7711049,2019-05-30 08:38:18,BTC,27.87002826,0.0,0.00000002,BTC,462189.5410507793,0.0,0.00211768,171
1,[],22,[],2019-05-29 08:05:18,349870.0,0.00000002,0.000000000001705894,7705265,2019-05-29 08:05:18,BTC,24.05907723,0.0,0.00000002,"BTC,LTC",1224285.4355616204,0.0,0.0039847,173
1,[],5,[],2019-06-21 20:55:50,0.0,0,0,7750239,2019-06-21 20:55:50,btc,0.0,0.04950064,0,btc,0.0,0.0,0.0,175
1,[],22,[],2019-06-17 14:33:12,90671.0,0.00000001,0.00000000000092914,7740175,2019-06-17 14:33:12,BTC,394.35459412,0.0,0.00000001,BTC,136275.61833431243,0.0,0.00090671,176
1,[],7,[],2019-06-21 20:55:51,0.0,0,0,7750240,2019-06-21 20:55:51,btc,522272.5932639098,0.0,0,btc,27791001.73829655,0.0,0.0,178
0,[],22,[],2019-06-21 20:55:53,0.0,0,0,7750241,2019-06-21 20:55:53,,1.00242428,0.0,0,,57512.0,0.0,0.0,178
0,[],2,[],2019-01-20 23:28:34,0.0,0,0,6477001,2019-01-20 23:28:34,,0.0,0.0,0,,0.0,0.0,0.0,178
1,[],5,[],2019-06-21 20:55:54,0.0,0,0,7750242,2019-06-21 20:55:54,btc,0.0,0.01570944,0,btc,0.0,0.0,0.0,179
0,[],22,[],2019-06-21 20:55:56,0.0,0,0,7750243,2019-06-21 20:55:56,,5.17403917,0.0,0,,13450788.311946675,0.0,0.0,179
0,[],23,[],2019-01-20 23:25:08,0.0,0,0,6476952,2019-01-20 23:25:08,,0.0,0.0,0,,0.0,0.0,0.0,179
1,[],22,[],2019-06-21 20:58:00,735420.6583148559,0.00000041,0.000000000040539488000000005,7750244,2019-06-21 20:58:00,BTC,40.61588481,0.0,0.00000041,"BTC,LTC",168961.62502857723,0.00119173,0.57207439,180
1,[],26,[],2019-06-21 20:58:00,0.0,0.00000010,0.000000000009887680000000001,7750245,2019-06-21 20:58:00,btc,0.0,0.0,0.00000010,btc,0.0,0.0,0.0,180
1,[],17,[],2019-05-03 01:13:56,20504.725000000002,0.0000001,0.00000000000548003,7559141,2019-05-03 01:13:56,btc,5.2010695838400265,0.0,0.0000001,btc,5033.45945,0.0,0.0011504725,180
,[],7,[],2018-11-20 22:58:01,562227.975654,0.00000085,0.000000000036176765,4862015,2018-11-20 22:58:01,btc,21836.6059674,2491.87645172,,btc,749999.041456,0.00211021,0.127565380455,183
,[],5,[],2019-01-10 08:11:41,0.0,0,0,6347036,2019-01-10 08:11:41,btc,82.15055501,0.00261,,btc,1.19002445,0.0,0.0,187
,[],17,[],2018-11-16 20:58:10,4062536.27273,0.00000001,0.000000000000550501,4708775,2018-11-16 20:58:10,btc,3.36492563466,0.195460381006,,"btc,eth",110697919.549,0.0,0.0157628953496,187
1,[],24,[],2019-05-22 21:04:52,0.0,0.000000000014,0.0000000000000010960978,7670219,2019-05-22 21:04:52,btc,0.0,0.0,0.000000000014,btc,0.0,0.0,0.0,187
0,[],22,[],2019-04-25 02:54:07,0.0,0,0,7447896,2019-04-25 02:54:07,,7.54794454,0.0,0,,76361.7243344055,0.0,0.0,191
0,[],22,[],2019-06-17 14:33:34,0.0,0,0,7740182,2019-06-17 14:33:34,,0.0,0.0,0,,0.0,0.0,0.0,197
0,[],23,[],2019-01-20 23:31:41,0.0,0,0,6477079,2019-01-20 23:31:41,,0.0,0.0,0,,0.0,0.0,0.0,199
0,[],22,[],2019-06-21 20:58:04,0.0,0,0,7750246,2019-06-21 20:58:04,,10.58263174,0.0,0,,84280969.0,0.0,0.0,199
1,[],26,[],2019-06-21 20:58:04,0.0,0.00000000,0,7750247,2019-06-21 20:58:04,btc,0.0,0.0,0.00000000,btc,0.0,0.0,0.0,199
0,[],2,[],2019-01-20 23:30:49,0.0,0,0,6477059,2019-01-20 23:30:49,,0.0,0.0,0,,0.0,0.0,0.0,201
1,[],4,[],2019-01-25 15:51:35,2084389.58565343,0.00000936,0.000000000333526752,6499557,2019-01-25 15:51:35,btc,2.0092503037378524,0.0,0.00000936,btc,160195.80207885,0.19272417,1.242687955921835,211
1,[],7,[],2019-06-21 20:58:07,1170054124.6898527,0.00000018,0.000000000017797824,7750248,2019-06-21 20:58:07,btc,1346840.2653139164,0.0,0.00000018,btc,6166479.26464841,0.0,11.954344045954047,212
1,[],12,[],2019-01-25 02:44:32,207462.42853209,0.000001080000000000000035831255497387193287295303889550268650054931640625,0.000000000038610756000000006,6493050,2019-01-25 02:44:32,btc,85023.03793723314,0.0,0.000001080000000000000035831255497387193287295303889550268650054931640625,btc,43675.73520027,0.000146250909087,0.0348620860622024,213
1,[],5,[],2019-05-30 00:07:46,0.0,0,0,7709357,2019-05-30 00:07:46,btc,0.0,0.06425239,0,btc,0.0,0.0,0.0,213
1,[],24,[],2019-05-30 00:07:46,0.0,0.000000399202,0.0000000000344859829346,7709358,2019-05-30 00:07:46,btc,0.0,0.0,0.000000399202,btc,0.0,0.0,0.0,213
1,[],26,[],2019-05-30 00:07:47,0.0,0.00000040,0.000000000034554919999999996,7709359,2019-05-30 00:07:47,btc,0.0,0.0,0.00000040,btc,0.0,0.0,0.0,213
0,[],22,[],2019-06-21 20:58:10,0.0,0,0,7750249,2019-06-21 20:58:10,,9.56923849,0.0,0,,3661587.2040649247,0.0,0.0,216
0,[],27,[],2019-06-21 20:58:16,0.0,0,0,7750250,2019-06-21 20:58:16,,95.90849402917752,0.0,0,"btc,ltc",634425.407688,0.0,0.0,216
1,[],22,[],2019-06-21 20:58:19,480125.4852813853,0.0000003,0.00000000002966304,7750251,2019-06-21 20:58:19,BTC,12055.91513665,0.0,0.0000003,BTC,495986.3626290264,3.5e-05,0.03158047,217
1,[],7,[],2019-06-21 20:58:22,0.0,0,0,7750252,2019-06-21 20:58:22,btc,1234862.00312316,0.0,0,btc,89035021.11569473,0.0,0.0,219
0,[],27,[],2019-06-21 20:58:27,0.0,0,0,7750253,2019-06-21 20:58:27,,250.36597143533322,0.0,0,btc,7934668.36581025,0.0,0.0,219
0,[],28,[],2019-06-21 20:58:29,0.0,0,0,7750254,2019-06-21 20:58:29,,0.0,0.0,0,,0.0,0.0,0.0,219
1,[],22,[],2019-05-23 16:41:05,172069.0,0.00000004,0.0000000000031167080000000004,7674065,2019-05-23 16:41:05,BTC,56.76466137,0.0,0.00000004,BTC,127061.6482738741,0.0,0.00393676,221
1,[],24,[],2019-05-23 16:41:05,0.0,0.000000010000,0.0000000000007791770000000001,7674066,2019-05-23 16:41:05,btc,0.0,0.0,0.000000010000,btc,0.0,0.0,0.0,221
1,[],20,[],2019-06-17 14:34:11,26882155.8301,0.000000003,0.000000000000278742,7740192,2019-06-17 14:34:11,btc,100050.81956632523,233521.3529,0.000000003,btc,38769742.8604,0.0007925640587,0.0306863532672,224
0,[],22,[],2019-06-17 14:34:13,0.0,0,0,7740193,2019-06-17 14:34:13,,0.0,0.0,0,,0.0,0.0,0.0,224
1,[],26,[],2019-06-21 20:58:29,0.0,0.00000022,0.000000000021752896,7750255,2019-06-21 20:58:29,btc,0.0,0.0,0.00000022,btc,0.0,0.0,0.0,231
1,[],26,[],2019-06-21 20:58:29,0.0,0.00000005,0.0000000000049438400000000005,7750256,2019-06-21 20:58:29,btc,0.0,0.0,0.00000005,btc,0.0,0.0,0.0,234
0.00000000029592920000000004,[],27,[],2019-06-21 20:58:37,100.0,2.959292e-18,2.926053232256e-22,7750257,2019-06-21 20:58:37,eth,0.0,0.0,0.00000001,"btc,eth",0.0,0.0,2.959292e-16,234
1,[],4,[],2019-05-22 17:06:12,91780.56053785,0.00000078,0.000000000061977552,7669277,2019-05-22 17:06:12,btc,5.573372450018177,0.0,0.00000078,btc,729173.93529783,0.0,0.0307060663355679,236
1,[],24,[],2019-05-22 17:06:12,0.0,0.000000010000,0.000000000000794584,7669278,2019-05-22 17:06:12,btc,0.0,0.0,0.000000010000,btc,0.0,0.0,0.0,236
1,[],5,[],2019-06-21 20:58:38,0.0,0,0,7750258,2019-06-21 20:58:38,btc,0.0,2.28090354,0,btc,0.0,0.0,0.0,237
1,[],20,[],2019-06-21 20:58:41,54870857.0179,0.0000001,0.000000000009887680000000001,7750259,2019-06-21 20:58:41,btc,8187498.834396194,28204259.9042,0.0000001,btc,34250878.6129,2.6740418991381,1.6346822989803,237
1,[],22,[],2019-06-21 20:58:44,2084614.0,0.00000004,0.000000000003955072,7750260,2019-06-21 20:58:44,BTC,1.20112207,0.0,0.00000004,"BTC,LTC",14507.148717948718,0.0,0.02587451,237
1,[],4,[],2019-06-21 20:58:45,41653086.37659791,0.00000007,0.000000000006921376000000001,7750261,2019-06-21 20:58:45,btc,2.6305248659641256,0.0,0.00000007,btc,12610525.97914969,0.02749436,0.8530668218605189,238
1,[],5,[],2019-06-21 20:58:47,0.0,0,0,7750262,2019-06-21 20:58:47,btc,0.0,0.00809369,0,btc,0.0,0.0,0.0,238
0,[],22,[],2019-03-12 16:49:32,0.0,0,0,6914458,2019-03-12 16:49:32,,0.40415746,0.0,0,,526736.5639027493,0.0,0.0,249
0,[],22,[],2019-05-28 23:53:45,0.0,0,0,7703643,2019-05-28 23:53:45,,13.44714864,0.0,0,,43777534.3426455,0.0,0.0,252
0,[],28,[],2019-06-21 20:58:48,0.0,0,0,7750263,2019-06-21 20:58:48,,0.0,0.0,0,,0.0,0.0,0.0,256
1,[],22,[],2019-06-21 20:58:51,569233.0,0.00000001,0.000000000000988768,7750264,2019-06-21 20:58:51,BTC,31464.57209943,0.0,0.00000001,BTC,1031813.2230878276,0.00023236,0.00569233,258
1,[],22,[],2019-05-19 18:12:02,400.0,0.00000001,0.0000000000007957800000000001,7653905,2019-05-19 18:12:02,BTC,2.415167,0.0,0.00000001,BTC,157.0,0.0,4e-06,259
1,[],5,[],2019-06-21 20:58:52,0.0,0,0,7750265,2019-06-21 20:58:52,btc,0.0,0.06115067,0,btc,0.0,0.0,0.0,264
1,[],20,[],2019-06-21 20:58:54,910693.0355,0.000000421,0.0000000000416271328,7750266,2019-06-21 20:58:54,btc,0.959919127692,40631.5368,0.000000421,btc,40762.8188,0.0243680895472,0.0073777343265,264
0,[],22,[],2019-04-12 17:57:27,0.0,0,0,7278186,2019-04-12 17:57:27,,66.37522201,0.0,0,,677842.4169881374,0.0,0.0,271
0,[],22,[],2019-06-21 20:58:56,0.0,0,0,7750267,2019-06-21 20:58:56,,33050469.74148113,0.0,0,,14261527780.7,0.0,0.0,272
0,[],28,[],2019-06-21 20:58:59,0.0,0,0,7750268,2019-06-21 20:58:59,,0.0,0.0,0,,0.0,0.0,0.0,272
1,[],22,[],2019-05-23 07:12:29,219930.0,0.00000004,0.000000000003048688,7671985,2019-05-23 07:12:29,BTC,426.77835217,0.0,0.00000004,BTC,248664.3325962929,0.0,0.00739728,281
1,[],22,[],2019-06-21 20:59:04,32671.1,0.00000002,0.000000000001977536,7750269,2019-06-21 20:59:04,BTC,2.67869103,0.0,0.00000002,"BTC,LTC",1069782.9093393278,0.00027316,0.00490454,286
0,[],22,[],2019-06-17 14:34:53,0.0,0,0,7740207,2019-06-17 14:34:53,,7337915.80475575,0.0,0,,2078527309.6797826,0.0,0.0,294
