pairValue,buyBook,exchangeId,sellBook,updated,buyTotal,satoshiPrice,usdPrice,exchangeLogId,created,bestPair,sellTotalBtc,volume,pairPrice,activePairs,sellTotal,volumeBtc,buyTotalBtc,coinId
1,[],3,[],2019-06-24 01:07:40,31489.714079553676,0.01071413000000000052824855600874798255972564220428466796875,0.000001147490822891000049402014365,7756894,2019-06-24 01:07:40,btc,10.437005228782056,57.3950138707,0.01071413000000000052824855600874798255972564220428466796875,btc,20.392086010573,0.0,0.3819632237465055,1
1,[],4,[],2019-06-24 01:07:41,353609.9653806,0.01075000,0.000001151332524999999992802207049,7756895,2019-06-24 01:07:41,btc,8.41756903767957,0.0,0.01075000,btc,357.15263382,2.9172025,1.1833458126574177,1
1,[],5,[],2019-06-24 01:07:44,0.0,0,0,7756896,2019-06-24 01:07:44,btc,0.0,0.00484488,0,btc,0.0,0.0,0.0,1
1,[],10,[],2019-06-24 01:07:46,310402.42863524,0.00373803,0.00000040034562962099996,7756897,2019-06-24 01:07:46,btc,6521.742032900286,1513.54698775,0.00373803,btc,1299.6772302,0.0,1.5332584063818477,1
1,[],12,[],2019-06-24 01:07:49,94.45588912000001,0.010540000000000000757172102794356760568916797637939453125,0.000001128841378000000074036477327,7756898,2019-06-24 01:07:49,btc,0.4035546877905,0.0,0.010540000000000000757172102794356760568916797637939453125,btc,35.34147298,3.210495334958,0.2205574207039,1
1,[],20,[],2019-06-24 01:07:51,918.8742,0.0101,0.000001081717069999999993237422436,7756899,2019-06-24 01:07:51,btc,0.1580280777851,0.9633,0.0101,btc,11.7002,0.011065928535,0.1336118509601,1
1,[],21,[],2019-06-24 01:07:52,2176.59514697,0.01057068000000000070059957835,0.000001132127227476000067956978192,7756900,2019-06-24 01:07:52,btc,12.314176404798353,1539.1235824700002,0.01057068000000000070059957835155728389509022235870361328125,"btc,eth",1505.26418197,15.292202192512903,18.36459433274812,1
1,[],22,[],2019-06-24 01:07:55,0.0395979803020197,0.01000001,0.000001071008071006999993304371954,7756901,2019-06-24 01:07:55,BTC,0.01666796,0.0,0.01000001,BTC,0.25318100557485945,0.0,0.00021887,1
1,[],24,[],2019-06-24 01:07:56,0.0,0.000000000000,0,7756902,2019-06-24 01:07:56,btc,0.0,0.0,0.000000000000,btc,0.0,0.0,0.0,1
0.0,[],25,[],2019-06-24 01:07:57,0.0,0,0,7756903,2019-06-24 01:07:57,btc,31.39999999887777,8935.37195075,0.0,btc,2884.86534684,96.9574,0.0,1
1,[],26,[],2019-06-24 01:07:59,0.0,0,0,7756904,2019-06-24 01:07:59,,0.0,0.0,0,,0.0,0.0,0.0,1
0,[],28,[],2019-06-24 01:08:00,0.0,0,0,7756905,2019-06-24 01:08:00,,0.0,0.0,0,,0.0,0.0,0.0,1
0,[],2,[],2019-01-20 23:28:45,0.0,0,0,6477011,2019-01-20 23:28:45,,0.0,0.0,0,,0.0,0.0,0.0,1
1,[],5,[],2019-06-17 14:29:02,0.0,0,0,7740076,2019-06-17 14:29:02,btc,0.0,2.72e-05,0,btc,0.0,0.0,0.0,2
1,[],22,[],2019-06-17 14:29:06,11550.3,0.0000002,0.0000000000185828,7740077,2019-06-17 14:29:06,BTC,21.00897301,0.0,0.0000002,"BTC,XMR",20678.87287795317,1.754e-05,0.00143681,2
1,[],5,[],2019-06-03 14:48:58,0.0,0,0,7731126,2019-06-03 14:48:58,btc,0.0,0.05905545,0,btc,0.0,0.0,0.0,3
1,[],12,[],2019-06-03 14:48:59,3468623.70302,0.000000116,0.000000000009823402000000002,7731127,2019-06-03 14:48:59,btc,169531.0336573751,0.0,0.000000116,btc,2361209.62379607,0.041350953071,0.33764769154428,3
0,[],28,[],2019-06-03 14:49:00,0.0,0,0,7731128,2019-06-03 14:49:00,,0.0,0.0,0,,0.0,0.0,0.0,3
0,[],2,[],2019-01-20 23:31:32,0.0,0,0,6477077,2019-01-20 23:31:32,,0.0,0.0,0,,0.0,0.0,0.0,4
1,[],4,[],2019-05-18 21:29:50,562734.9206932,0.00000010,0.000000000007298720000000001,7650946,2019-05-18 21:29:50,btc,41.9347137769675,0.0,0.00000010,btc,1123702.32192634,0.00052462,0.029254593370966,4
0,[],12,[],2019-06-02 05:03:43,0.0,0,0,7724919,2019-06-02 05:03:43,btc,625.901992874995,0.0,0,btc,1211362.4995005,0.0,0.0,5
0,[],2,[],2019-01-20 23:31:51,0.0,0,0,6477087,2019-01-20 23:31:51,,0.0,0.0,0,,0.0,0.0,0.0,6
1,[],11,[],2019-06-24 01:08:02,4268416.276736,0.00000002,0.000000000002142014,7756906,2019-06-24 01:08:02,btc,9583.589931761648,1938000.0,0.00000002,btc,75153924.61494052,0.0,0.04543733276736,6
1,[],3,[],2019-06-24 01:08:03,11755.645636663075,0.000085019999999999995750343817491057052393443882465362548828125,0.000000009105701514,7756907,2019-06-24 01:08:03,btc,2027.936865865771,514.854334368,0.000085019999999999995750343817491057052393443882465362548828125,btc,404.632573268042,0.0,0.023365500590553867,7
1,[],4,[],2019-06-24 01:08:04,291323.09727862,0.00007311,0.000000007830132177,7756908,2019-06-24 01:08:04,btc,7.0768313233200155,0.0,0.00007311,btc,53948.81116477,1.38181457,1.2548452263583878,7
1,[],5,[],2019-06-24 01:08:05,0.0,0,0,7756909,2019-06-24 01:08:05,btc,0.0,0.02862542,0,btc,0.0,0.0,0.0,7
1,[],20,[],2019-04-07 22:06:50,3201475.0482,0.000000001,0.000000000000051590000000000004,7213932,2019-04-07 22:06:50,btc,30.8005781811902,0.0,0.000000001,btc,23077405.3926,0.0,0.0032014750482,8
0,[],2,[],2019-01-20 23:22:42,0.0,0,0,6476876,2019-01-20 23:22:42,,0.0,0.0,0,,0.0,0.0,0.0,9
0,[],23,[],2019-01-20 23:22:48,0.0,0,0,6476878,2019-01-20 23:22:48,,0.0,0.0,0,,0.0,0.0,0.0,9
1,[],4,[],2019-06-24 01:08:07,1723247.7526714,0.00000055,0.000000000058905385,7756910,2019-06-24 01:08:07,btc,3.2169394108726648,0.0,0.00000055,btc,3022560.62519618,0.58794997,0.4153225337073223,9
0,[],28,[],2019-06-24 01:08:08,0.0,0,0,7756911,2019-06-24 01:08:08,,0.0,0.0,0,,0.0,0.0,0.0,9
1,[],1,[],2019-02-17 23:31:42,1822507.21,0.00000181000000000000003456111265232042484285557293333113193511962890625,0.000000000066086901,6701244,2019-02-17 23:31:42,btc,3.6990969245,17153386.5,0.00000181000000000000003456111265232042484285557293333113193511962890625,btc,1997391.71,31.11772986,3.2610482446,9
1,[],4,[],2019-02-17 11:22:43,4341674.27126056,0.00000002,0.0000000000007272960000000001,6696112,2019-02-17 11:22:43,btc,0.1997230937751353,0.0,0.00000002,btc,4109766.79808031,0.00215132,0.0479381022052112,10
0,[],2,[],2019-01-20 23:23:08,0.0,0,0,6476890,2019-01-20 23:23:08,,0.0,0.0,0,,0.0,0.0,0.0,12
1,[],4,[],2019-06-24 01:08:10,42583152.83651573,0.00000028,0.000000000029988196,7756912,2019-06-24 01:08:10,btc,7.280653322064529,0.0,0.00000028,btc,8921880.06809985,2.78469512,2.2814412579572183,12
1,[],5,[],2019-06-24 01:08:11,0.0,0,0,7756913,2019-06-24 01:08:11,btc,0.0,0.16718772,0,btc,0.0,0.0,0.0,12
0.0,[],25,[],2019-06-24 01:08:12,0.0,0,0,7756914,2019-06-24 01:08:12,,0.0,0.0,0.0,btc,0.0,0.0,0.0,12
1,[],4,[],2019-06-24 01:08:13,562666.9001571,0.00000342,0.000000000366284394,7756915,2019-06-24 01:08:13,btc,2.1054916332804336,0.0,0.00000342,btc,325375.15823166,0.90062259,0.304931433867885,13
1,[],10,[],2019-06-24 01:08:15,576515.03993391,0.00000336,0.000000000359858352,7756916,2019-06-24 01:08:15,btc,666798.2393571786,35471.1559683,0.00000336,btc,860809.68253257,0.0,0.2750959377917079,13
1,[],21,[],2019-06-24 01:08:16,6603763.60717538,0.000003490000000000000043241235245,0.000000000373781443,7756917,2019-06-24 01:08:16,btc,2.995621452249546,2246672.5936165,0.00000349000000000000004324123524523937334151924005709588527679443359375,btc,663180.3050378,7.19349983,5.836513894508856,13
1,[],4,[],2019-06-24 01:08:17,962137.05624191,0.00000061,0.000000000065331427,7756918,2019-06-24 01:08:17,btc,9.756039485739784,0.0,0.00000061,btc,1280323.36646741,0.07036036,0.0918469356688515,14
1,[],12,[],2019-06-24 01:08:18,215706.44296752,0.00000056,0.00000000005997639200000001,7756919,2019-06-24 01:08:18,btc,195.74283889523716,0.0,0.00000056,btc,26402.6341631,5.9095685e-05,0.0171079999999844,14
1,[],26,[],2019-06-24 01:10:18,0.0,0.00000050,0.00000000005355035,7756920,2019-06-24 01:10:18,btc,0.0,0.0,0.00000050,btc,0.0,0.0,0.0,14
0,[],17,[],2019-05-03 00:53:32,0.0,0,0,7558876,2019-05-03 00:53:32,btc,0.0,0.0,0,btc,0.0,0.0,0.0,14
0,[],4,[],2019-06-24 01:10:19,0.0,0,0,7756921,2019-06-24 01:10:19,,0.0,0.0,0,,0.0,0.0,0.0,15
,[],12,[],2018-12-01 15:15:48,204241.84496,0.00000489,0.000000000202473384,5260204,2018-12-01 15:15:48,btc,49.5475654835,0.0,,btc,35763.2193806,0.0163153972027625,0.0203389899998,15
0,[],2,[],2019-01-20 23:23:38,0.0,0,0,6476906,2019-01-20 23:23:38,,0.0,0.0,0,,0.0,0.0,0.0,18
1,[],4,[],2019-06-24 01:10:20,31300.39489751,0.00000930,0.00000000099603651,7756922,2019-06-24 01:10:20,btc,2.4520963013510104,0.0,0.00000930,btc,16743.58724606,0.05612511,0.043130678343739,18
1,[],10,[],2019-06-24 01:10:22,391329.48226176,0.00000972,0.000000001041018804,7756923,2019-06-24 01:10:22,btc,14.885922122248315,2141.93501755,0.00000972,btc,10649.38378799,0.0,0.1827610260672494,18
1,[],12,[],2019-06-24 01:10:23,934.01392217,0.000009500000000000000523019128007007338965195231139659881591796875,0.00000000101745665,7756924,2019-06-24 01:10:23,btc,0.5223146130962281,0.0,0.000009500000000000000523019128007007338965195231139659881591796875,btc,1918.34731369,5.7e-07,0.0037151471299213,18
0,[],17,[],2019-05-03 00:53:39,0.0,0,0,7558882,2019-05-03 00:53:39,btc,0.0,0.0,0,btc,0.0,0.0,0.0,18
0,[],2,[],2019-01-20 23:24:19,0.0,0,0,6476924,2019-01-20 23:24:19,,0.0,0.0,0,,0.0,0.0,0.0,19
1,[],3,[],2019-06-24 01:12:23,159971.46942338545,0.000007639999999999999696627221712486033311506616882979869842529296875,0.000000000818249348,7756925,2019-06-24 01:12:23,btc,193.21522848264095,12994.6057188,0.000007639999999999999696627221712486033311506616882979869842529296875,btc,18858.488404638814,0.0,0.07748899521705789,19
1,[],4,[],2019-06-24 01:12:24,353750.723097,0.00000877,0.000000000939273139,7756926,2019-06-24 01:12:24,btc,5.549808616142501,0.0,0.00000877,btc,249235.26473529,0.3110324,1.5311004404835302,19
1,[],5,[],2019-06-24 01:12:26,0.0,0,0,7756927,2019-06-24 01:12:26,btc,0.0,0.00328462,0,btc,0.0,0.0,0.0,19
1,[],12,[],2019-06-24 01:12:27,109019.44883414,0.0000070199999999999997035075686990790444497179123573005199432373046875,0.000000000751846914,7756928,2019-06-24 01:12:27,btc,1.2049774915835914,0.0,0.0000070199999999999997035075686990790444497179123573005199432373046875,btc,2973.67008334,0.0,0.0198474313762933,19
0,[],27,[],2019-06-24 01:12:32,0.0,0,0,7756929,2019-06-24 01:12:32,,0.0,0.0,0,btc,0.0,0.0,0.0,19
1,[],4,[],2019-06-24 01:12:33,10157212.92416777,0.00000005,0.000000000005355035,7756930,2019-06-24 01:12:33,btc,6.358699008884453,0.0,0.00000005,btc,2305311.3564439,0.0,0.1211805081896551,20
0,[],4,[],2019-06-24 01:12:33,0.0,0,0,7756931,2019-06-24 01:12:33,,11162.83216943169,0.0,0,,83544556.20649499,0.0,0.0,21
0,[],12,[],2019-06-24 01:12:35,0.0,0,0,7756932,2019-06-24 01:12:35,btc,2602.947867265095,0.0,0,btc,7531339.30769228,0.0,0.0,21
0,[],17,[],2019-05-03 00:53:51,0.0,0,0,7558891,2019-05-03 00:53:51,btc,0.0,0.0,0,btc,0.0,0.0,0.0,21
1,[],12,[],2019-06-24 01:14:36,5962688666.277,0.0000000004,0.000000000000042840280000000004,7756933,2019-06-24 01:14:36,btc,1428624031765.8552,0.0,0.0000000004,btc,2557160145.917083,0.076698703803,1.4922295166108004,23
0.00000000028360050000000004,[],27,[],2019-06-24 01:14:41,66036889.0,1.134402e-17,1.214952482814e-21,7756934,2019-06-24 01:14:41,eth,1046.0968162079005,225000.0,0.00000004,eth,7505122.70979221,1.914303375e-12,2.7380984501865e-10,23
1,[],4,[],2019-06-22 05:45:29,6100414.07522138,0.00000017,0.00000000001823352,7751732,2019-06-22 05:45:29,btc,10.22685272773715,0.0,0.00000017,btc,1790815.48208265,0.0,0.1345450262400025,24
0,[],22,[],2019-06-22 05:45:31,0.0,0,0,7751733,2019-06-22 05:45:31,,6.22e-05,0.0,0,,517.4264705882352,0.0,0.0,24
0.0,[],25,[],2019-06-22 05:45:32,0.0,0,0,7751734,2019-06-22 05:45:32,,0.0,0.0,0.0,btc,0.0,0.0,0.0,24
1,[],4,[],2019-06-24 01:14:42,26926312.07196931,0.00000384,0.000000000411266688,7756935,2019-06-24 01:14:42,btc,6.883665272885941,0.0,0.00000384,btc,207680.69513596,0.08905344,0.4014484222433354,26
1,[],10,[],2019-06-24 01:14:44,162488.04673214,0.00000401,0.00000000042947380699999995,7756936,2019-06-24 01:14:44,btc,25.27130666984444,7292.76366265,0.00000401,btc,20334.43377561,0.0,0.0502346370327198,26
0,[],2,[],2019-01-20 23:25:56,0.0,0,0,6476976,2019-01-20 23:25:56,,0.0,0.0,0,,0.0,0.0,0.0,26
1,[],5,[],2019-04-26 09:47:06,0.0,0,0,7465326,2019-04-26 09:47:06,btc,0.0,0.0,0,btc,0.0,0.0,0.0,27
1,[],3,[],2019-06-17 14:30:26,13571825.64059417,0.00000001,0.00000000000092914,7740112,2019-06-17 14:30:26,btc,3.485049956644059,4264730.43754,0.00000001,btc,23500048.28518193,0.0,0.1357182564059417,27
1,[],11,[],2019-06-17 14:30:28,2031833.58157834,0.00000001,0.00000000000092914,7740113,2019-06-17 14:30:28,btc,67502.92060589766,32677.9652116,0.00000001,btc,6487362.95640949,0.0,0.0203183358157834,27
1,[],4,[],2019-06-24 01:14:45,868947636.2595184,0.00000001,0.000000000001071007,7756937,2019-06-24 01:14:45,btc,6.538003930215671,0.0,0.00000001,"btc,ltc",457384283.5647626,0.06363315,5.41593799408144,29
1,[],7,[],2019-06-24 01:14:46,88235545.39145988,0.00000001,0.000000000001071007,7756938,2019-06-24 01:14:46,btc,46548272.19328869,0.0,0.00000001,btc,36539886.879388094,0.0,0.8823554539145988,29
1,[],4,[],2019-06-24 01:14:47,15492325.97378427,0.00000005,0.000000000005355035,7756939,2019-06-24 01:14:47,btc,2.5873849655046106,0.0,0.00000005,btc,2237624.01667946,0.00010978,0.1716198680678411,30
0,[],17,[],2019-05-03 01:11:25,0.0,0,0,7559066,2019-05-03 01:11:25,btc,0.0,0.0,0,btc,0.0,0.0,0.0,30
1,[],4,[],2019-06-24 01:16:48,204827.07179614,0.00003228,0.000000003457210596,7756940,2019-06-24 01:16:48,btc,4.0751945633062325,0.0,0.00003228,btc,64726.08922449,0.54528922,0.3627260101117226,31
1,[],21,[],2019-06-24 01:16:49,668136.1727616,0.00003403999999999999934901032117,0.000000003645707828,7756941,2019-06-24 01:16:49,btc,3.739856048124844,202732.40890047,0.0000340399999999999993490103211701836016800370998680591583251953125,btc,84441.52994491,7.20559113,3.5601513443067105,31
0,[],2,[],2019-01-20 23:28:43,0.0,0,0,6477009,2019-01-20 23:28:43,,0.0,0.0,0,,0.0,0.0,0.0,32
0,[],4,[],2019-06-24 01:16:50,0.0,0,0,7756942,2019-06-24 01:16:50,,0.0,0.0,0,,0.0,0.0,0.0,33
1,[],12,[],2019-03-30 07:55:10,40641173.964,0.00000003,0.000000000001228359,7108785,2019-03-30 07:55:10,btc,4233210.82356125,0.0,0.00000003,btc,28378394.68333462,0.0126927883965248,0.90752895892,33
0.00000000012696590000000001,[],4,[],2019-06-24 01:16:52,151275156.5162685,6.8561586e-17,7.342993853710201e-21,7756943,2019-06-24 01:16:52,ltc,4.299794611118114,0.0,0.00000054,ltc,164532242.84434733,0.0,9.271771282786773e-10,34
1,[],5,[],2019-06-24 01:16:53,0.0,0,0,7756944,2019-06-24 01:16:53,btc,0.0,0.0011,0,btc,0.0,0.0,0.0,34
0.0000000002926451,[],17,[],2019-05-02 18:17:47,200000.0,2.9264510000000002e-18,1.596703856561e-22,7556430,2019-05-02 18:17:47,eth,0.20942468735267253,0.0,0.00000001,"btc,eth",1018272.20243647,0.0,5.852902e-13,36
0.0000000001311821,[],4,[],2019-05-31 13:28:19,2417517744.0607657,1.311821e-18,1.105058333085e-22,7717483,2019-05-31 13:28:19,ltc,5.019900492391546e-08,0.0,0.00000001,ltc,7102398142.262129,0.0,3.171350544531538e-09,36
1,[],5,[],2019-05-31 13:28:21,0.0,0,0,7717484,2019-05-31 13:28:21,btc,0.0,0.0,0,btc,0.0,0.0,0.0,36
0.0000000003108179,[],27,[],2019-05-31 13:30:34,10388811.226876,6.216358000000001e-18,5.236566733830001e-22,7717485,2019-05-31 13:30:34,eth,1569.8708019850988,761866.634299,0.00000002,"ltc,eth",5084024.2511555,4.736034912207001e-12,3.3251980286483705e-11,36
1,[],4,[],2019-06-24 01:16:54,10848112.6575313,0.00000013,0.000000000013923091,7756945,2019-06-24 01:16:54,btc,19773.05414813836,0.0,0.00000013,btc,674991.2496959,0.0,0.1477865110994347,37
1,[],12,[],2019-06-24 01:16:55,4264722.79935103,0.00000014,0.000000000014994098000000002,7756946,2019-06-24 01:16:55,btc,7.375634680599407,0.0,0.00000014,btc,1671082.55425406,0.020272841547,0.1602934307756336,37
1,[],27,[],2019-06-24 01:19:01,11304.0,0.00000019,0.000000000020349133,7756947,2019-06-24 01:19:01,btc,22.62970013895233,0.0,0.00000019,btc,4298.824295,0.0,0.00168776,37
1,[],17,[],2019-05-03 01:11:36,211752.74075282,0.00000025,0.000000000013700074999999998,7559074,2019-05-03 01:11:36,btc,0.055484923955058496,0.0,0.00000025,"btc,eth",1387.19918473,0.0,0.0005381851887916605,37
1,[],5,[],2019-06-24 01:19:03,0.0,0,0,7756948,2019-06-24 01:19:03,btc,0.0,0.30875672,0,btc,0.0,0.0,0.0,42
1,[],12,[],2019-06-24 01:19:04,190886.88265004,0.00000154000000000000007854285798136739771280190325342118740081787109375,0.00000000016493507800000002,7756949,2019-06-24 01:19:04,btc,537.9264366675418,0.0,0.00000154000000000000007854285798136739771280190325342118740081787109375,btc,131714.1118978,0.063568861671,0.0573760452741459,42
1,[],27,[],2019-06-24 01:19:09,889.0,0.00000140,0.00000000014994098,7756950,2019-06-24 01:19:09,btc,0.07600425,0.0,0.00000140,"btc,eth",18.0,0.0,0.0005422000002979506,42
1,[],12,[],2019-03-13 09:13:29,1112112.0,0.00000001,0.000000000000386531,6919902,2019-03-13 09:13:29,btc,29058.00478931866,0.0,0.00000001,btc,5967681.93306694,9.99000999e-07,0.01112112,43
1,[],5,[],2019-04-26 22:38:52,0.0,0,0,7474154,2019-04-26 22:38:52,btc,0.0,0.02638891,0,btc,0.0,0.0,0.0,43
0,[],17,[],2019-04-26 22:38:53,0.0,0,0,7474155,2019-04-26 22:38:53,btc,0.0,0.0,0,btc,0.0,0.0,0.0,43
1,[],12,[],2019-03-05 01:54:08,639326.02,0.00000004,0.000000000001486676,6845775,2019-03-05 01:54:08,btc,11116042.728239931,0.0,0.00000004,btc,1103841.4595604,0.0003330765234764,0.014975410599999999,44
0.00000000012696590000000001,[],4,[],2019-06-24 01:19:11,106744118.91434675,5.0786360000000004e-17,5.439254706452e-21,7756951,2019-06-24 01:19:11,ltc,1601.9024650429153,0.0,0.0000004,ltc,26120076.72896898,0.0,6.062124511528237e-10,49
0.00000000012696590000000001,[],4,[],2019-06-24 01:19:11,317443899.4962978,2.5393180000000002e-17,2.719627353226e-21,7756952,2019-06-24 01:19:11,ltc,28149.843071884174,0.0,0.0000002,ltc,198088419.280202,0.0,2.424451981609948e-09,52
0,[],22,[],2019-06-24 01:19:14,0.0,0,0,7756953,2019-06-24 01:19:14,,10289.80784133,0.0,0,,287058287.4566013,0.0,0.0,57
0,[],27,[],2019-06-24 01:19:20,0.0,0,0,7756954,2019-06-24 01:19:20,,0.0,0.0,0,"btc,eth",0.0,0.0,0.0,57
0,[],4,[],2019-06-24 01:19:21,0.0,0,0,7756955,2019-06-24 01:19:21,,19.720158313754784,0.0,0,,5713460319.524376,0.0,0.0,58
1,[],12,[],2019-06-24 01:19:22,468366016.0999,0.0000000001,0.000000000000010710070000000001,7756956,2019-06-24 01:19:22,btc,34228819.386965856,0.0,0.0000000001,btc,3021545589.145811,0.014449532123,0.04683660160999,58
0.00000000010571930000000001,[],22,[],2019-06-24 01:21:25,126877.0,1.057193e-18,1.132261103351e-22,7756957,2019-06-24 01:21:25,XMR,68.17454206,0.0,0.00000001,XMR,9626402.6,0.0,0.00126877,58
1,[],17,[],2019-05-03 01:12:09,1200000.0,0.0000000001,0.00000000000000548003,7559085,2019-05-03 01:12:09,btc,1e+24,0.0,0.0000000001,"btc,eth",39516342.31952568,0.0,0.00010000000058666061,58
1,[],5,[],2019-06-17 14:31:27,0.0,0,0,7740135,2019-06-17 14:31:27,btc,0.0,0.00079154,0,btc,0.0,0.0,0.0,61
1,[],22,[],2019-06-17 14:31:30,13612.833333333334,0.00000012,0.00000000001114968,7740136,2019-06-17 14:31:30,BTC,1002.29123003,0.0,0.00000012,BTC,15014.200177125656,0.0,0.00153257,61
1,[],26,[],2019-06-17 14:31:30,0.0,0.00000050,0.000000000046457,7740137,2019-06-17 14:31:30,btc,0.0,0.0,0.00000050,btc,0.0,0.0,0.0,61
1,[],27,[],2019-06-17 14:31:36,8400.0,0.00000018,0.00000000001672452,7740138,2019-06-17 14:31:36,btc,1.9742539297246655,0.0,0.00000018,"btc,eth",10953.51663696,0.0,0.001512,61
0,[],28,[],2019-06-17 14:31:38,0.0,0,0,7740139,2019-06-17 14:31:38,,0.0,0.0,0,,0.0,0.0,0.0,61
1,[],4,[],2019-06-24 01:21:26,641875.55400563,0.00000075,0.000000000080325525,7756958,2019-06-24 01:21:26,btc,3.610924882909118,0.0,0.00000075,btc,1317507.76007854,0.04368759,0.3638297438874798,67
0.0,[],25,[],2019-06-24 01:21:27,0.0,0,0,7756959,2019-06-24 01:21:27,,0.0,0.0,0.0,btc,0.0,0.0,0.0,67
1,[],12,[],2019-06-02 06:23:14,910048.355,0.00000006,0.000000000005154929999999999,7725270,2019-06-02 06:23:14,btc,5.167005424215783,0.0,0.00000006,btc,738530.60239759,0.003159757462,0.0187188113,71
,[],5,[],2018-11-20 23:02:39,1.5e-07,0.00000005,0.000000000002128045,4862160,2018-11-20 23:02:39,btc,2.84511358,0.0,,btc,0.00036572,0.0,0.07381892,74
1,[],5,[],2019-06-24 01:21:28,0.0,0,0,7756960,2019-06-24 01:21:28,btc,0.0,0.00336515,0,btc,0.0,0.0,0.0,75
1,[],4,[],2019-06-04 03:25:15,715281.46076168,0.00000001,0.000000000000803619,7734085,2019-06-04 03:25:15,btc,581089.6218469425,0.0,0.00000001,btc,37692563.61091116,0.0,0.0071528146076168,81
0,[],20,[],2019-01-25 09:30:31,0.0,0,0,6495923,2019-01-25 09:30:31,btc,0.0,0.0,0,btc,0.0,0.0,0.0,81
1,[],4,[],2019-06-24 01:21:29,221831.20764787,0.00008905,0.000000009537317335,7756961,2019-06-24 01:21:29,btc,57.21868963803957,0.0,0.00008905,btc,114654.11443321,0.80208296,0.557719298377433,82
1,[],21,[],2019-06-24 01:21:30,68865.68065556,0.00008922999999999999779388276666,0.000000009556595461,7756962,2019-06-24 01:21:30,btc,6.939831994908521,11095.90405315,0.000089229999999999997793882766661255345752579160034656524658203125,btc,58362.79659665,1.00761659,4.520128539188488,82
0,[],17,[],2019-03-25 22:42:34,0.0,0,0,7038780,2019-03-25 22:42:34,btc,0.0445064681804024,0.0,0,btc,995513.18476001,0.0,0.0,84
0.0000000001161485,[],4,[],2019-05-20 13:09:39,216715621.0206096,1.161485e-18,9.0533806701e-23,7657228,2019-05-20 13:09:39,ltc,1.6511566870244727,0.0,0.00000001,ltc,471032407.9048656,0.0,2.5171194308112273e-10,85
,[],22,[],2018-11-20 23:09:34,3408.1,0.0000001,0.0000000000041895,4862324,2018-11-20 23:09:34,BTC,0.04624735,0.0,,BTC,4990.0,0.0,0.00033081,86
1,[],22,[],2019-06-24 01:21:33,74694.0,0.00000005,0.000000000005355035,7756963,2019-06-24 01:21:33,BTC,1.83892553,0.0,0.00000005,BTC,227024.94736842104,0.0,0.00122846,87
1,[],27,[],2019-06-24 01:21:37,269536.0,0.00000003,0.000000000003213021,7756964,2019-06-24 01:21:37,btc,2.01453544326,0.0,0.00000003,btc,553681.402,0.0,0.00708608,87
,[],2,[],2018-11-20 23:10:47,0.0,0,0,4862359,2018-11-20 23:10:47,,0.0,0.0,,,0.0,0.0,0.0,88
1,[],11,[],2019-06-17 14:31:59,193715.3529613,0.000073310000000000001140094962881477158589405007660388946533203125,0.00000000681152534,7740147,2019-06-17 14:31:59,btc,168.35454702024953,5791.70569014,0.000073310000000000001140094962881477158589405007660388946533203125,btc,196971.41170107,0.0,1.1996165759440112,89
0,[],2,[],2019-01-20 23:31:45,0.0,0,0,6477083,2019-01-20 23:31:45,,0.0,0.0,0,,0.0,0.0,0.0,91
1,[],12,[],2019-06-18 02:35:48,427715.74,0.00000015,0.000000000013911045000000001,7746087,2019-06-18 02:35:48,btc,116.61022144471085,0.0,0.00000015,btc,193315.55943968,0.000180759303,0.0129558314,91
1,[],22,[],2019-06-20 20:27:07,75910.0,0.00000002,0.000000000001914908,7746207,2019-06-20 20:27:07,BTC,0.49565371,0.0,0.00000002,"BTC,LTC",6.384990670617935,0.0,0.0016592,91
0,[],17,[],2019-05-03 01:12:26,0.0,0,0,7559096,2019-05-03 01:12:26,btc,0.0,0.0,0,btc,0.0,0.0,0.0,91
1,[],22,[],2019-06-24 01:21:40,105655.66666666667,0.00000003,0.000000000003213021,7756965,2019-06-24 01:21:40,BTC,11.40910595,0.0,0.00000003,"BTC,LTC",304615.4683191416,1.2696590000000002e-15,0.06677967,95
0.00000000012696590000000001,[],4,[],2019-06-24 01:21:41,536376114.95566356,3.8089770000000004e-17,4.079441029839001e-21,7756966,2019-06-24 01:21:41,ltc,11.317147819363196,0.0,0.0000003,ltc,157406441.90569413,0.0,8.250758151777475e-10,96
0,[],12,[],2019-06-24 01:21:43,0.0,0,0,7756967,2019-06-24 01:21:43,btc,36.49991304884116,0.0,0,btc,9855733.88411588,3.996e-08,0.0,96
0,[],17,[],2019-05-03 01:12:32,0.0,0,0,7559100,2019-05-03 01:12:32,btc,0.0,0.0,0,btc,0.0,0.0,0.0,96
1,[],4,[],2019-04-14 03:32:46,1039404.33283278,0.00000038,0.000000000019245518,7293458,2019-04-14 03:32:46,btc,4.170086055365747,0.0,0.00000038,btc,3097704.34561074,0.06260606,0.1859928211030784,99
0,[],2,[],2019-01-20 23:23:55,0.0,0,0,6476914,2019-01-20 23:23:55,,0.0,0.0,0,,0.0,0.0,0.0,100
1,[],4,[],2019-06-24 01:23:44,280315.34342318,0.00001145,0.000000001226303015,7756968,2019-06-24 01:23:44,btc,7.374715905785969,0.0,0.00001145,btc,165111.68992348,0.24427115,0.2168097666322523,100
1,[],22,[],2019-06-05 06:30:35,150000.0,0.00000002,0.000000000001558192,7740007,2019-06-05 06:30:35,BTC,28.56386409,0.0,0.00000002,BTC,12787.719,0.0,0.0017,101
1,[],4,[],2019-06-24 01:23:45,549212.49235182,0.00000170,0.00000000018207119,7756969,2019-06-24 01:23:45,btc,880.0518804065813,0.0,0.00000170,btc,699173.46868063,0.09913754,0.1016771226956205,103
1,[],12,[],2019-06-17 14:32:14,179201505.10870332,0.000000005,0.00000000000046457,7740154,2019-06-17 14:32:14,btc,113577.79366343976,0.0,0.000000005,btc,79148141.67831126,0.019059029059,0.27280986350611003,105
1,[],27,[],2019-06-17 14:32:19,18306828.03496503,0.00000002,0.00000000000185828,7740155,2019-06-17 14:32:19,btc,180.7198218385489,1083.96503497,0.00000002,btc,276513.60142659,7.588e-05,0.3661365606993006,105
1,[],22,[],2019-04-21 00:17:26,21333.0,0.00000001,0.000000000000532493,7385819,2019-04-21 00:17:26,BTC,51.38182867,0.0,0.00000001,BTC,470435.0,0.0,0.00021333,107
1,[],26,[],2019-04-21 00:17:26,0.0,0.00000000,0,7385820,2019-04-21 00:17:26,btc,0.0,0.0,0.00000000,btc,0.0,0.0,0.0,107
1,[],5,[],2019-06-24 01:23:48,0.0,0,0,7756970,2019-06-24 01:23:48,btc,0.0,1.1e-07,0,btc,0.0,0.0,0.0,112
0,[],22,[],2019-06-24 01:23:51,0.0,0,0,7756971,2019-06-24 01:23:51,,6.79500102,0.0,0,,3375892.0833333335,0.0,0.0,112
1,[],27,[],2019-06-24 01:23:58,1.0,0.00000001,0.000000000001071007,7756972,2019-06-24 01:23:58,btc,1.14885,0.0,0.00000001,"btc,eth",39.0,0.0,1e-08,112
1,[],4,[],2019-06-24 01:23:59,1063715.06188252,0.00000060,0.00000000006426042,7756973,2019-06-24 01:23:59,btc,4.64150893232006,0.0,0.00000060,btc,755979.75916145,0.0214872,0.2364873215666867,113
1,[],5,[],2019-06-24 01:24:00,0.0,0,0,7756974,2019-06-24 01:24:00,btc,0.0,0.0,0,btc,0.0,0.0,0.0,113
1,[],17,[],2019-04-26 02:17:47,162738.278,0.00000004,0.0000000000021069000000000002,7461287,2019-04-26 02:17:47,btc,1.3331140273775473,0.0,0.00000004,btc,51796.221,0.0,0.00230953112,116
1,[],27,[],2019-05-22 05:13:01,210000.0,0.00000001,0.00000000000079145,7666372,2019-05-22 05:13:01,btc,3919.0005001478,0.0,0.00000001,btc,128660.871,0.0,0.0021,116
1,[],4,[],2019-05-21 22:31:11,138169.03963019,0.00000701,0.000000000558364025,7664793,2019-05-21 22:31:11,btc,150.95388250938234,0.0,0.00000701,btc,344631.17141974,0.07552974,0.4288357684941946,120
1,[],7,[],2019-05-21 22:31:12,3901.07750076,0.000010679999999999999389654892212320191902108490467071533203125,0.0000000008506887,7664794,2019-05-21 22:31:12,btc,231188.94669936574,0.0,0.000010679999999999999389654892212320191902108490467071533203125,btc,4133.83151364,0.0,0.0113888422364489,120
1,[],20,[],2019-04-07 18:42:29,1914137.0852,0.000000035,0.0000000000017871910000000002,7211992,2019-04-07 18:42:29,btc,32.2497668025648,25528.85,0.000000035,btc,1001975.4986,0.00089350975,0.0152723574729,125
1,[],22,[],2019-06-17 14:32:38,10000.0,0.00000001,0.00000000000092914,7740161,2019-06-17 14:32:38,BTC,0.032061,0.0,0.00000001,BTC,299316.7611111111,0.0,0.0001,126
0,[],2,[],2019-01-20 23:25:46,0.0,0,0,6476969,2019-01-20 23:25:46,,0.0,0.0,0,,0.0,0.0,0.0,131
1,[],4,[],2019-06-24 01:24:01,962807.40515615,0.00000312,0.000000000334154184,7756975,2019-06-24 01:24:01,btc,2.4382767527287332,0.0,0.00000312,btc,188853.50010309,0.0998544,0.6152876683641776,131
1,[],17,[],2019-05-03 01:13:10,10000.0,0.00000001,0.000000000000548003,7559115,2019-05-03 01:13:10,btc,0.0953976503951408,0.0,0.00000001,btc,5037.62507334,0.0,0.0001,131
1,[],4,[],2019-06-17 14:32:42,4848.49465417,0.00007919,0.00000000735785966,7740163,2019-06-17 14:32:42,btc,0.9905723729472744,0.0,0.00007919,btc,202.13055914,0.0,0.0061509344290166,135
1,[],3,[],2019-06-05 06:33:11,40600.27748212,0.00000001,0.000000000000779096,7740019,2019-06-05 06:33:11,btc,0.2308097808993716,2146378.52189,0.00000001,btc,2477992.76904676,0.0,0.0004060027748212,136
1,[],4,[],2019-06-24 01:26:03,706061.98682078,0.00000170,0.00000000018207119,7756976,2019-06-24 01:26:03,btc,110.1092905129879,0.0,0.00000170,btc,538909.37522139,0.03965602,0.4110940768408259,137
1,[],12,[],2019-06-24 01:26:04,67670.58955535,0.000001599999999999999927596978921418013896982301957905292510986328125,0.00000000017136112,7756977,2019-06-24 01:26:04,btc,79.71181646454369,0.0,0.000001599999999999999927596978921418013896982301957905292510986328125,btc,81255.92097078,3.2e-06,0.0164763999999657,137
1,[],4,[],2019-06-24 01:26:05,627768.93231304,0.00001105,0.000000001183462735,7756978,2019-06-24 01:26:05,btc,5.4239017928525755,0.0,0.00001105,btc,162612.23055801,0.8700521,0.6123878047866579,142
1,[],5,[],2019-06-24 01:26:07,0.0,0,0,7756979,2019-06-24 01:26:07,btc,0.0,0.04008697,0,btc,0.0,0.0,0.0,142
1,[],20,[],2019-06-24 01:28:08,266122.9559,0.00001091,0.000000001168468637,7756980,2019-06-24 01:28:08,btc,1.6106786325044,756.7224,0.00001091,btc,10067.362,0.0107708475735,0.007492180107,142
1,[],22,[],2019-06-24 01:28:12,10715.0,0.00001299,0.000000001391238093,7756981,2019-06-24 01:28:12,BTC,2.99759384,0.0,0.00001299,BTC,835.7198755539798,0.0,0.00540125,142
0.0,[],25,[],2019-06-24 01:28:13,0.0,0,0,7756982,2019-06-24 01:28:13,,0.0,0.0,0.0,btc,0.0,0.0,0.0,142
0,[],28,[],2019-06-24 01:28:14,0.0,0,0,7756983,2019-06-24 01:28:14,,0.0,0.0,0,,0.0,0.0,0.0,142
1,[],17,[],2019-05-03 01:13:16,32967.38636364,0.00000088,0.000000000048224264,7559122,2019-05-03 01:13:16,btc,20.06976206696776,0.0,0.00000088,btc,2746.079105,0.0,0.0105613000000032,142
0,[],22,[],2019-06-24 01:28:17,0.0,0,0,7756984,2019-06-24 01:28:17,,1635.98618676,0.0,0,,788450755.3,0.0,0.0,143
0,[],22,[],2019-02-25 15:42:22,0.0,0,0,6783783,2019-02-25 15:42:22,,4.2131946,0.0,0,,2322156.0,0.0,0.0,146
,[],22,[],2018-11-20 23:01:11,0.0,0,0,4862114,2018-11-20 23:01:11,,2.56807021,0.0,,,61828.4988236,0.0,0.0,147
1,[],12,[],2019-04-21 06:38:04,193091.5971266,0.00000071,0.000000000037635183,7388679,2019-04-21 06:38:04,btc,2.301232411611175,0.0,0.00000071,btc,9957.48302385,0.00023528,0.0313308199999888,148
1,[],4,[],2019-03-19 21:31:25,255810.0415942,0.00000029,0.000000000011615747,6982695,2019-03-19 21:31:25,btc,218.94922712414143,0.0,0.00000029,btc,793529.37642722,0.00117,0.0608347789473395,152
0,[],22,[],2019-03-19 21:31:27,0.0,0,0,6982696,2019-03-19 21:31:27,,0.0,0.0,0,,0.0,0.0,0.0,152
1,[],5,[],2019-04-26 09:36:59,0.0,0,0,7465040,2019-04-26 09:36:59,btc,0.0,0.0,0,btc,0.0,0.0,0.0,153
,[],16,[],2019-01-11 15:38:59,0.0,0,0,6366141,2019-01-11 15:38:59,btc,0.0,0.0,,btc,0.0,0.0,0.0,155
0,[],23,[],2019-01-20 23:24:29,0.0,0,0,6476932,2019-01-20 23:24:29,,0.0,0.0,0,,0.0,0.0,0.0,156
0,[],22,[],2019-06-04 06:02:09,0.0,0,0,7734688,2019-06-04 06:02:09,,7.43375324,0.0,0,,5955762.942592593,0.0,0.0,156
1,[],22,[],2019-06-24 01:28:21,6996.0,0.00000001,0.000000000001071007,7756985,2019-06-24 01:28:21,BTC,1.7543039,0.0,0.00000001,BTC,57.0,0.0,6.996e-05,157
0,[],22,[],2019-05-21 23:40:32,0.0,0,0,7665049,2019-05-21 23:40:32,,50234.60468402,0.0,0,,54786159.03179465,0.0,0.0,158
,[],17,[],2018-11-20 22:56:10,0.0,0,0,4861976,2018-11-20 22:56:10,btc,1.1265625,0.0,,btc,1000.0,0.0,0.0,159
,[],20,[],2018-11-20 22:56:12,0.0,0,0,4861977,2018-11-20 22:56:12,btc,11912.7940471,0.0,,btc,34413894.3617,0.0,0.0,159
1,[],12,[],2019-05-24 02:51:20,9178.522006449999,0.00000191999999999999982841307998027158276954651228152215480804443359375,0.000000000151222656,7676256,2019-05-24 02:51:20,btc,149.80414728631675,0.0,0.00000191999999999999982841307998027158276954651228152215480804443359375,btc,1115.7451448499999,0.01783167678326,0.0120075778999181,168
1,[],17,[],2019-05-03 01:13:36,42852.0,0.00000002,0.000000000001096006,7559132,2019-05-03 01:13:36,btc,0.04279856251542,0.0,0.00000002,btc,274.46171372,0.0,0.00052852,168
1,[],22,[],2019-05-17 03:01:52,10.0,0.00000001,0.000000000000778341,7642059,2019-05-17 03:01:52,BTC,41.95893009,0.0,0.00000001,BTC,1753972.7737547632,0.0,1e-07,169
1,[],22,[],2019-05-30 08:38:18,202834.0,0.00000002,0.0000000000017416160000000001,7711049,2019-05-30 08:38:18,BTC,27.87002826,0.0,0.00000002,BTC,462189.5410507793,0.0,0.00211768,171
1,[],22,[],2019-05-29 08:05:18,349870.0,0.00000002,0.000000000001705894,7705265,2019-05-29 08:05:18,BTC,24.05907723,0.0,0.00000002,"BTC,LTC",1224285.4355616204,0.0,0.0039847,173
1,[],5,[],2019-06-24 01:28:22,0.0,0,0,7756986,2019-06-24 01:28:22,btc,0.0,0.00354468,0,btc,0.0,0.0,0.0,175
1,[],22,[],2019-06-17 14:33:12,90671.0,0.00000001,0.00000000000092914,7740175,2019-06-17 14:33:12,BTC,394.35459412,0.0,0.00000001,BTC,136275.61833431243,0.0,0.00090671,176
1,[],7,[],2019-06-24 01:28:23,0.0,0,0,7756987,2019-06-24 01:28:23,btc,522272.5884418988,0.0,0,btc,27709400.6421748,0.0,0.0,178
0,[],22,[],2019-06-24 01:28:26,0.0,0,0,7756988,2019-06-24 01:28:26,,1.00242428,0.0,0,,57512.0,0.0,0.0,178
0,[],2,[],2019-01-20 23:28:34,0.0,0,0,6477001,2019-01-20 23:28:34,,0.0,0.0,0,,0.0,0.0,0.0,178
0,[],23,[],2019-01-20 23:25:08,0.0,0,0,6476952,2019-01-20 23:25:08,,0.0,0.0,0,,0.0,0.0,0.0,179
1,[],5,[],2019-06-24 01:28:27,0.0,0,0,7756989,2019-06-24 01:28:27,btc,0.0,0.0090017,0,btc,0.0,0.0,0.0,179
0,[],22,[],2019-06-24 01:28:29,0.0,0,0,7756990,2019-06-24 01:28:29,,5.31753917,0.0,0,,14450788.311946675,0.0,0.0,179
1,[],22,[],2019-06-24 01:30:33,670898.7613636364,0.0000004,0.00000000004284028,7756991,2019-06-24 01:30:33,BTC,40.58846275,0.0,0.0000004,"BTC,LTC",149732.62502857723,0.00332382,0.56480298,180
1,[],26,[],2019-06-24 01:30:33,0.0,0.00000010,0.00000000001071007,7756992,2019-06-24 01:30:33,btc,0.0,0.0,0.00000010,btc,0.0,0.0,0.0,180
1,[],17,[],2019-05-03 01:13:56,20504.725000000002,0.0000001,0.00000000000548003,7559141,2019-05-03 01:13:56,btc,5.2010695838400265,0.0,0.0000001,btc,5033.45945,0.0,0.0011504725,180
,[],7,[],2018-11-20 22:58:01,562227.975654,0.00000085,0.000000000036176765,4862015,2018-11-20 22:58:01,btc,21836.6059674,2491.87645172,,btc,749999.041456,0.00211021,0.127565380455,183
,[],5,[],2019-01-10 08:11:41,0.0,0,0,6347036,2019-01-10 08:11:41,btc,82.15055501,0.00261,,btc,1.19002445,0.0,0.0,187
,[],17,[],2018-11-16 20:58:10,4062536.27273,0.00000001,0.000000000000550501,4708775,2018-11-16 20:58:10,btc,3.36492563466,0.195460381006,,"btc,eth",110697919.549,0.0,0.0157628953496,187
1,[],24,[],2019-05-22 21:04:52,0.0,0.000000000014,0.0000000000000010960978,7670219,2019-05-22 21:04:52,btc,0.0,0.0,0.000000000014,btc,0.0,0.0,0.0,187
0,[],22,[],2019-04-25 02:54:07,0.0,0,0,7447896,2019-04-25 02:54:07,,7.54794454,0.0,0,,76361.7243344055,0.0,0.0,191
0,[],22,[],2019-06-17 14:33:34,0.0,0,0,7740182,2019-06-17 14:33:34,,0.0,0.0,0,,0.0,0.0,0.0,197
0,[],23,[],2019-01-20 23:31:41,0.0,0,0,6477079,2019-01-20 23:31:41,,0.0,0.0,0,,0.0,0.0,0.0,199
0,[],22,[],2019-06-24 01:30:35,0.0,0,0,7756993,2019-06-24 01:30:35,,10.58263174,0.0,0,,84280969.0,0.0,0.0,199
1,[],26,[],2019-06-24 01:30:35,0.0,0.00000000,0,7756994,2019-06-24 01:30:35,btc,0.0,0.0,0.00000000,btc,0.0,0.0,0.0,199
0,[],2,[],2019-01-20 23:30:49,0.0,0,0,6477059,2019-01-20 23:30:49,,0.0,0.0,0,,0.0,0.0,0.0,201
1,[],4,[],2019-01-25 15:51:35,2084389.58565343,0.00000936,0.000000000333526752,6499557,2019-01-25 15:51:35,btc,2.0092503037378524,0.0,0.00000936,btc,160195.80207885,0.19272417,1.242687955921835,211
1,[],7,[],2019-06-24 01:30:38,1170054124.6898527,0.00000018,0.000000000019278126,7756995,2019-06-24 01:30:38,btc,1346838.6258339162,0.0,0.00000018,btc,5739479.26464841,0.0,11.954344045954047,212
1,[],12,[],2019-01-25 02:44:32,207462.42853209,0.000001080000000000000035831255497387193287295303889550268650054931640625,0.000000000038610756000000006,6493050,2019-01-25 02:44:32,btc,85023.03793723314,0.0,0.000001080000000000000035831255497387193287295303889550268650054931640625,btc,43675.73520027,0.000146250909087,0.0348620860622024,213
1,[],5,[],2019-05-30 00:07:46,0.0,0,0,7709357,2019-05-30 00:07:46,btc,0.0,0.06425239,0,btc,0.0,0.0,0.0,213
1,[],24,[],2019-05-30 00:07:46,0.0,0.000000399202,0.0000000000344859829346,7709358,2019-05-30 00:07:46,btc,0.0,0.0,0.000000399202,btc,0.0,0.0,0.0,213
1,[],26,[],2019-05-30 00:07:47,0.0,0.00000040,0.000000000034554919999999996,7709359,2019-05-30 00:07:47,btc,0.0,0.0,0.00000040,btc,0.0,0.0,0.0,213
0,[],22,[],2019-06-24 01:30:40,0.0,0,0,7756996,2019-06-24 01:30:40,,9.56923849,0.0,0,,3661587.2040649247,0.0,0.0,216
0,[],27,[],2019-06-24 01:30:46,0.0,0,0,7756997,2019-06-24 01:30:46,,145.7702862515382,0.0,0,"btc,ltc",594812.12538,0.0,0.0,216
1,[],22,[],2019-06-24 01:30:49,491293.7087912088,0.0000002,0.00000000002142014,7756998,2019-06-24 01:30:49,BTC,12055.90026309,0.0,0.0000002,BTC,521930.4678921843,0.00278419,0.02511289,217
1,[],7,[],2019-06-24 01:30:51,0.0,0,0,7756999,2019-06-24 01:30:51,btc,1234912.6160040614,0.0,0,btc,89377746.4752352,0.0,0.0,219
0,[],27,[],2019-06-24 01:30:56,0.0,0,0,7757000,2019-06-24 01:30:56,,250.34372354432625,0.0,0,btc,5709879.26511325,0.0,0.0,219
0,[],28,[],2019-06-24 01:30:57,0.0,0,0,7757001,2019-06-24 01:30:57,,0.0,0.0,0,,0.0,0.0,0.0,219
1,[],22,[],2019-05-23 16:41:05,172069.0,0.00000004,0.0000000000031167080000000004,7674065,2019-05-23 16:41:05,BTC,56.76466137,0.0,0.00000004,BTC,127061.6482738741,0.0,0.00393676,221
1,[],24,[],2019-05-23 16:41:05,0.0,0.000000010000,0.0000000000007791770000000001,7674066,2019-05-23 16:41:05,btc,0.0,0.0,0.000000010000,btc,0.0,0.0,0.0,221
1,[],20,[],2019-06-17 14:34:11,26882155.8301,0.000000003,0.000000000000278742,7740192,2019-06-17 14:34:11,btc,100050.81956632523,233521.3529,0.000000003,btc,38769742.8604,0.0007925640587,0.0306863532672,224
0,[],22,[],2019-06-17 14:34:13,0.0,0,0,7740193,2019-06-17 14:34:13,,0.0,0.0,0,,0.0,0.0,0.0,224
1,[],26,[],2019-06-24 01:30:57,0.0,0.00000022,0.000000000023562154,7757002,2019-06-24 01:30:57,btc,0.0,0.0,0.00000022,btc,0.0,0.0,0.0,231
1,[],26,[],2019-06-24 01:30:58,0.0,0.00000005,0.000000000005355035,7757003,2019-06-24 01:30:58,btc,0.0,0.0,0.00000005,btc,0.0,0.0,0.0,234
0.00000000028360050000000004,[],27,[],2019-06-24 01:31:03,100.0,2.836005e-18,3.037381207035e-22,7757004,2019-06-24 01:31:03,eth,0.0,0.0,0.00000001,"btc,eth",0.0,0.0,2.836005e-16,234
1,[],4,[],2019-05-22 17:06:12,91780.56053785,0.00000078,0.000000000061977552,7669277,2019-05-22 17:06:12,btc,5.573372450018177,0.0,0.00000078,btc,729173.93529783,0.0,0.0307060663355679,236
1,[],24,[],2019-05-22 17:06:12,0.0,0.000000010000,0.000000000000794584,7669278,2019-05-22 17:06:12,btc,0.0,0.0,0.000000010000,btc,0.0,0.0,0.0,236
1,[],5,[],2019-06-24 01:31:05,0.0,0,0,7757005,2019-06-24 01:31:05,btc,0.0,1.0618801,0,btc,0.0,0.0,0.0,237
1,[],20,[],2019-06-24 01:31:07,50356447.864,0.00000008,0.000000000008568056,7757006,2019-06-24 01:31:07,btc,8172549.1970743025,11605440.8715,0.00000008,btc,41169914.5937,0.9252837749218,1.193626747264,237
1,[],22,[],2019-06-24 01:31:11,2084614.0,0.00000004,0.000000000004284028,7757007,2019-06-24 01:31:11,BTC,1.20112207,0.0,0.00000004,"BTC,LTC",14507.148717948718,0.0,0.02587451,237
1,[],4,[],2019-06-24 01:31:12,40882343.88483293,0.00000007,0.000000000007497049,7757008,2019-06-24 01:31:12,btc,2.5678160388292275,0.0,0.00000007,btc,11711125.94880209,0.0464208,0.8244231511343035,238
1,[],5,[],2019-06-24 01:31:13,0.0,0,0,7757009,2019-06-24 01:31:13,btc,0.0,0.00589016,0,btc,0.0,0.0,0.0,238
0,[],22,[],2019-03-12 16:49:32,0.0,0,0,6914458,2019-03-12 16:49:32,,0.40415746,0.0,0,,526736.5639027493,0.0,0.0,249
0,[],22,[],2019-05-28 23:53:45,0.0,0,0,7703643,2019-05-28 23:53:45,,13.44714864,0.0,0,,43777534.3426455,0.0,0.0,252
0,[],28,[],2019-06-24 01:31:14,0.0,0,0,7757010,2019-06-24 01:31:14,,0.0,0.0,0,,0.0,0.0,0.0,256
1,[],22,[],2019-06-24 01:31:17,551915.0,0.00000001,0.000000000001071007,7757011,2019-06-24 01:31:17,BTC,31464.57209997,0.0,0.00000001,BTC,1031955.2230878276,0.00014967,0.00551915,258
1,[],22,[],2019-05-19 18:12:02,400.0,0.00000001,0.0000000000007957800000000001,7653905,2019-05-19 18:12:02,BTC,2.415167,0.0,0.00000001,BTC,157.0,0.0,4e-06,259
1,[],5,[],2019-06-24 01:31:19,0.0,0,0,7757012,2019-06-24 01:31:19,btc,0.0,0.01034548,0,btc,0.0,0.0,0.0,264
1,[],20,[],2019-06-24 01:31:21,908442.4027,0.000000395,0.0000000000423047765,7757013,2019-06-24 01:31:21,btc,1.1598160476023,31038.8539,0.000000395,btc,64989.3185,0.0271498167874,0.0064442344713,264
0,[],22,[],2019-04-12 17:57:27,0.0,0,0,7278186,2019-04-12 17:57:27,,66.37522201,0.0,0,,677842.4169881374,0.0,0.0,271
0,[],22,[],2019-06-24 01:31:23,0.0,0,0,7757014,2019-06-24 01:31:23,,33050469.74148113,0.0,0,,14261527780.7,0.0,0.0,272
0,[],28,[],2019-06-24 01:31:25,0.0,0,0,7757015,2019-06-24 01:31:25,,0.0,0.0,0,,0.0,0.0,0.0,272
1,[],22,[],2019-05-23 07:12:29,219930.0,0.00000004,0.000000000003048688,7671985,2019-05-23 07:12:29,BTC,426.77835217,0.0,0.00000004,BTC,248664.3325962929,0.0,0.00739728,281
1,[],22,[],2019-06-24 01:31:29,23469.1,0.00000001,0.000000000001071007,7757016,2019-06-24 01:31:29,BTC,2.76825555,0.0,0.00000001,"BTC,LTC",1075197.637193209,3.85e-05,0.00473038,286
0,[],22,[],2019-06-17 14:34:53,0.0,0,0,7740207,2019-06-17 14:34:53,,7337915.80475575,0.0,0,,2078527309.6797826,0.0,0.0,294
