pairValue,buyBook,exchangeId,sellBook,updated,buyTotal,satoshiPrice,usdPrice,exchangeLogId,created,bestPair,sellTotalBtc,volume,pairPrice,activePairs,sellTotal,volumeBtc,buyTotalBtc,coinId
1,[],3,[],2019-02-22 12:37:19,30554.79162580176,0.0127833800000000004370992456870226305909454822540283203125,0.000000505984077132,6758553,2019-02-22 12:37:19,btc,61.09886616479804,1.89336865905,0.0127833800000000004370992456870226305909454822540283203125,btc,24.089430404677003,0.0,0.24940412979534252,1
1,[],4,[],2019-02-22 12:37:20,120059.23826491,0.01289439,0.000000510378008346,6758554,2019-02-22 12:37:20,btc,9.144668707862978,0.0,0.01289439,btc,254.93336171,0.60122108,1.180010102243758,1
1,[],5,[],2019-02-22 12:37:22,0.0,0,0,6758555,2019-02-22 12:37:22,btc,0.0,0.28757432,0,btc,0.0,0.0,0.0,1
1,[],10,[],2019-02-22 12:37:24,414299.04885945,0.01199,0.00000047458098600000003,6758556,2019-02-22 12:37:24,btc,6524.3935476861825,1186.82601557,0.01199,btc,1176.94657532,0.0,5.277046801214946,1
1,[],12,[],2019-02-22 12:37:27,10429.4376221,0.012869999999999999495958746820178930647671222686767578125,0.000000509412618,6758557,2019-02-22 12:37:27,btc,0.2863400679829,0.0,0.012869999999999999495958746820178930647671222686767578125,btc,14.38668224,0.135859868715,0.2725684864725,1
1,[],20,[],2019-02-22 12:37:29,1152.7302,0.0106,0.00000041956284,6758558,2019-02-22 12:37:29,btc,0.0629873286722,0.0,0.0106,btc,2.9601,0.0,0.1067393885231,1
1,[],21,[],2019-02-22 12:37:30,2575.8527214,0.01285231000000000047001069703,0.000000508712423034,6758559,2019-02-22 12:37:30,btc,37.75719712093018,4812.535056430001,0.01285231000000000047001069702901077107526361942291259765625,"btc,eth",3316.63827933,59.34699006537935,25.091587115038525,1
1,[],22,[],2019-02-22 12:37:35,0.0163776,0.01300000,0.0000005145582,6758560,2019-02-22 12:37:35,BTC,0.31423927,0.0,0.01300000,BTC,0.11751954901960784,0.0,0.00020972,1
1,[],24,[],2019-02-22 12:37:36,0.0,0.000000000000,0,6758561,2019-02-22 12:37:36,btc,0.0,0.0,0.000000000000,btc,0.0,0.0,0.0,1
0.0,[],25,[],2019-02-22 12:37:36,0.0,0,0,6758562,2019-02-22 12:37:36,btc,16.043699998197663,522.58895606,0.0,btc,1209.71703219,6.705,0.0,1
1,[],26,[],2019-02-22 12:37:46,0.0,0,0,6758563,2019-02-22 12:37:46,,0.0,0.0,0,,0.0,0.0,0.0,1
1,[],28,[],2019-02-22 12:37:53,993.21,0.01323000,0.000000523661922,6758564,2019-02-22 12:37:53,btc,0.162839806,18330.15,0.01323000,btc,8.9,0.0,0.090071836,1
0,[],2,[],2019-01-20 23:28:45,0.0,0,0,6477011,2019-01-20 23:28:45,,0.0,0.0,0,,0.0,0.0,0.0,1
1,[],5,[],2019-02-22 12:37:54,0.0,0,0,6758565,2019-02-22 12:37:54,btc,0.0,0.00154106,0,btc,0.0,0.0,0.0,2
0.0000000001279088,[],22,[],2019-02-22 12:37:57,1148.0,1.4069968e-16,5.569090313952e-21,6758566,2019-02-22 12:37:57,XMR,21.01373823,0.0,0.00000110,XMR,14319.12581,0.0,0.00087635,2
1,[],5,[],2019-02-22 12:37:58,0.0,0,0,6758567,2019-02-22 12:37:58,btc,0.0,0.22734848,0,btc,0.0,0.0,0.0,3
1,[],12,[],2019-02-22 12:37:59,12954119.5571,0.000000167,0.0000000000066100937999999995,6758568,2019-02-22 12:37:59,btc,924396.5860815959,0.0,0.000000167,btc,8567024.97843089,0.13168765297927087,0.6106457586755,3
0,[],28,[],2019-02-22 12:38:01,0.0,0,0,6758569,2019-02-22 12:38:01,,0.0,0.0,0,,0.0,0.0,0.0,3
0,[],2,[],2019-01-20 23:31:32,0.0,0,0,6477077,2019-01-20 23:31:32,,0.0,0.0,0,,0.0,0.0,0.0,4
1,[],4,[],2019-02-22 12:38:02,400439.70738348,0.00000032,0.000000000012666048,6758570,2019-02-22 12:38:02,btc,31.576426407239886,0.0,0.00000032,btc,685876.08766458,0.0,0.0547125982053145,4
1,[],12,[],2019-02-21 15:21:17,1297518.5219999999,0.00000003,0.000000000001178625,6753381,2019-02-21 15:21:17,btc,11013879.586285478,0.0,0.00000003,btc,1205406.24379976,0.001562545568112,0.01981748044,5
0,[],2,[],2019-01-20 23:31:51,0.0,0,0,6477087,2019-01-20 23:31:51,,0.0,0.0,0,,0.0,0.0,0.0,6
1,[],11,[],2019-02-22 12:38:04,3352516.5,0.00000002,0.000000000000791628,6758571,2019-02-22 12:38:04,btc,9432.835295181234,1076145.0,0.00000002,btc,41416686.95347657,0.0,0.034525165000000003,6
1,[],3,[],2019-02-22 12:38:05,1091.956916111364,0.00015101000000000000598847360588905530676129274070262908935546875,0.000000005977187214,6758572,2019-02-22 12:38:05,btc,27.605796873748474,0.0,0.00015101000000000000598847360588905530676129274070262908935546875,btc,249.144760639695,0.0,0.03419747781770456,7
1,[],4,[],2019-02-22 12:38:06,364087.4559777,0.00024306,0.000000009620655083999999,6758573,2019-02-22 12:38:06,btc,16.48909838415247,0.0,0.00024306,btc,50248.93023796,4.97257142,8.071749752282122,7
1,[],5,[],2019-02-22 12:38:07,0.0,0,0,6758574,2019-02-22 12:38:07,btc,0.0,1.0069146,0,btc,0.0,0.0,0.0,7
1,[],20,[],2019-02-20 02:16:17,39399275.8418,0.000000001,0.0000000000000390183,6728586,2019-02-20 02:16:17,btc,116.9737569154545,525.0,0.000000001,btc,56932965.8895,5.25e-07,0.0393992758418,8
0,[],2,[],2019-01-20 23:22:42,0.0,0,0,6476876,2019-01-20 23:22:42,,0.0,0.0,0,,0.0,0.0,0.0,9
0,[],23,[],2019-01-20 23:22:48,0.0,0,0,6476878,2019-01-20 23:22:48,,0.0,0.0,0,,0.0,0.0,0.0,9
1,[],4,[],2019-02-22 12:38:09,1970523.5691628,0.00000173,0.000000000068475822,6758575,2019-02-22 12:38:09,btc,3.876450304863504,0.0,0.00000173,btc,1947189.74441453,2.34937449,0.6277874737241809,9
1,[],28,[],2019-02-22 12:38:11,44667.0,0.00000175,0.00000000006926745,6758576,2019-02-22 12:38:11,btc,2708.762911537195,3676282.92,0.00000175,btc,12613.2201,0.0,0.04554025,9
1,[],1,[],2019-02-17 23:31:42,1822507.21,0.00000181000000000000003456111265232042484285557293333113193511962890625,0.000000000066086901,6701244,2019-02-17 23:31:42,btc,3.6990969245,17153386.5,0.00000181000000000000003456111265232042484285557293333113193511962890625,btc,1997391.71,31.11772986,3.2610482446,9
1,[],4,[],2019-02-17 11:22:43,4341674.27126056,0.00000002,0.0000000000007272960000000001,6696112,2019-02-17 11:22:43,btc,0.1997230937751353,0.0,0.00000002,btc,4109766.79808031,0.00215132,0.0479381022052112,10
0,[],2,[],2019-01-20 23:23:08,0.0,0,0,6476890,2019-01-20 23:23:08,,0.0,0.0,0,,0.0,0.0,0.0,12
1,[],4,[],2019-02-22 12:38:11,2709434.21680547,0.00000147,0.000000000058184658,6758577,2019-02-22 12:38:11,btc,16.9688561093462,0.0,0.00000147,btc,7610003.53687501,2.48124346,2.6484862078480944,12
1,[],5,[],2019-02-22 12:38:13,0.0,0,0,6758578,2019-02-22 12:38:13,btc,0.0,0.72381553,0,btc,0.0,0.0,0.0,12
0.0,[],25,[],2019-02-22 12:38:15,0.0,0,0,6758579,2019-02-22 12:38:15,,0.0,0.0,0.0,btc,0.0,0.0,0.0,12
1,[],10,[],2019-02-22 12:05:17,487233.19313336,0.00000583,0.00000000023053335800000002,6758480,2019-02-22 12:05:17,btc,666802.4742533775,7259.12498792,0.00000583,btc,724249.09322767,0.0,0.3240030044785781,13
1,[],4,[],2019-02-22 12:38:16,1308558.78624582,0.00000587,0.000000000232342818,6758580,2019-02-22 12:38:16,btc,3.4932517266428067,0.0,0.00000587,btc,473562.62842694,0.45306654,1.3263975834761335,13
1,[],21,[],2019-02-22 12:38:21,479978.88581928,0.000006029999999999999864773968239,0.000000000238675842,6758581,2019-02-22 12:38:21,btc,6.1072064950711145,331439.46141231,0.000006029999999999999864773968238917944972854456864297389984130859375,btc,940334.37071352,1.97073793,2.6296252069052377,13
0,[],17,[],2019-02-22 12:05:29,0.0,0,0,6758484,2019-02-22 12:05:29,btc,0.0,0.0,0,btc,0.0,0.0,0.0,14
1,[],4,[],2019-02-22 12:38:21,960633.12852161,0.00000137,0.000000000054226517999999996,6758582,2019-02-22 12:38:21,btc,12.979233539102983,0.0,0.00000137,btc,865031.00978282,0.03359466,0.376149765749669,14
1,[],12,[],2019-02-22 12:38:22,111208.19607843,0.000001300000000000000047051663780439678674838432925753295421600341796875,0.00000000005145582,6758583,2019-02-22 12:38:22,btc,5.309806896042081,0.0,0.000001300000000000000047051663780439678674838432925753295421600341796875,btc,32714.78078516,1.3e-05,0.0179692799999986,14
1,[],26,[],2019-02-22 12:38:33,0.0,0.00000050,0.0000000000197907,6758584,2019-02-22 12:38:33,btc,0.0,0.0,0.00000050,btc,0.0,0.0,0.0,14
,[],12,[],2018-12-01 15:15:48,204241.84496,0.00000489,0.000000000202473384,5260204,2018-12-01 15:15:48,btc,49.5475654835,0.0,,btc,35763.2193806,0.0163153972027625,0.0203389899998,15
0,[],4,[],2019-02-22 12:38:35,0.0,0,0,6758585,2019-02-22 12:38:35,,0.0,0.0,0,,0.0,0.0,0.0,15
0,[],2,[],2019-01-20 23:23:38,0.0,0,0,6476906,2019-01-20 23:23:38,,0.0,0.0,0,,0.0,0.0,0.0,18
1,[],4,[],2019-02-22 12:38:37,26485.88863417,0.00001806,0.000000000714840084,6758586,2019-02-22 12:38:37,btc,1.2388005351026632,0.0,0.00001806,btc,8497.5644958,0.03142608,0.0923521290590082,18
1,[],10,[],2019-02-22 12:38:38,779757.2097708,0.00001778,0.000000000703757292,6758587,2019-02-22 12:38:38,btc,15.542650981472766,23699.5451604,0.00001778,btc,10850.37807742,0.0,0.1316546905675212,18
1,[],12,[],2019-02-22 12:38:39,199430.47109919,0.0000183600000000000003973731066420072011169395409524440765380859375,0.000000000726714504,6758588,2019-02-22 12:38:39,btc,21.9797217875333,0.0,0.0000183600000000000003973731066420072011169395409524440765380859375,btc,1744.43913463,2.57977218381e-05,0.0400630899564509,18
0,[],17,[],2019-02-22 12:38:41,0.0,0,0,6758589,2019-02-22 12:38:41,btc,0.0,0.0,0,btc,0.0,0.0,0.0,18
0,[],2,[],2019-01-20 23:24:19,0.0,0,0,6476924,2019-01-20 23:24:19,,0.0,0.0,0,,0.0,0.0,0.0,19
1,[],3,[],2019-02-22 12:38:42,120776.3141567528,0.00002203999999999999904500003200524815838434733450412750244140625,0.000000000872374056,6758590,2019-02-22 12:38:42,btc,0.562671710307966,0.555022008804,0.00002203999999999999904500003200524815838434733450412750244140625,btc,9524.014608661217,0.0,0.07966178993169826,19
1,[],4,[],2019-02-22 12:38:43,421586.63696082,0.00001970,0.0000000007797535799999999,6758591,2019-02-22 12:38:43,btc,2.6500336617073414,0.0,0.00001970,btc,80721.87863464,1.95610815,2.406795405859953,19
1,[],5,[],2019-02-22 12:38:44,0.0,0,0,6758592,2019-02-22 12:38:44,btc,0.0,0.00275103,0,btc,0.0,0.0,0.0,19
1,[],12,[],2019-02-22 12:38:46,134165.98472597,0.0000222600000000000003267698611697511523743742145597934722900390625,0.000000000881081964,6758593,2019-02-22 12:38:46,btc,1.2820159185220323,0.0,0.0000222600000000000003267698611697511523743742145597934722900390625,btc,358.1508782,0.00521672,0.0379790200000922,19
0,[],27,[],2019-02-22 12:38:49,0.0,0,0,6758594,2019-02-22 12:38:49,,0.0,0.0,0,btc,0.0,0.0,0.0,19
1,[],4,[],2019-02-22 12:38:50,8070160.95424551,0.00000013,0.000000000005145582,6758595,2019-02-22 12:38:50,btc,7.376065179582633,0.0,0.00000013,btc,2843149.4360639,0.0,0.2584025451781454,20
0,[],17,[],2019-02-22 12:05:50,0.0,0,0,6758499,2019-02-22 12:05:50,btc,0.0,0.0,0,btc,0.0,0.0,0.0,21
1,[],4,[],2019-02-22 12:38:54,104150384.86437024,0.00000002,0.000000000000791628,6758596,2019-02-22 12:38:54,btc,360.01099823782266,0.0,0.00000002,btc,55684427.81417261,0.003234,1.1707481411680452,21
1,[],12,[],2019-02-22 12:38:56,18647376.0,0.00000002,0.000000000000791628,6758597,2019-02-22 12:38:56,btc,670.3900728834847,0.0,0.00000002,btc,8549207.32857329,1.358e-05,0.24518776,21
1,[],12,[],2019-02-22 12:39:08,3054522264.531895,0.0000000001,0.00000000000000395814,6758598,2019-02-22 12:39:08,btc,880865843024.2937,0.0,0.0000000001,btc,4901421875.573871,0.003709873397403052,0.30545222645318953,23
0.0000000003721563,[],27,[],2019-02-22 12:39:10,2000.0,3.721563e-18,1.473046737282e-22,6758599,2019-02-22 12:39:10,eth,1.3429826565934113,0.0,0.00000001,eth,1964879.85514486,0.0,7.443126e-15,23
1,[],4,[],2019-02-22 12:39:10,281669.75674366,0.00000060,0.00000000002374884,6758600,2019-02-22 12:39:10,btc,8.419035838623472,0.0,0.00000060,btc,1465341.47017427,0.000102,0.1381979471821129,24
1,[],22,[],2019-02-22 12:39:20,11.76,0.00000100,0.0000000000395814,6758601,2019-02-22 12:39:20,BTC,7.415e-05,0.0,0.00000100,BTC,23.919354838709676,0.0,1.176e-05,24
0.0,[],25,[],2019-02-22 12:39:21,0.0,0,0,6758602,2019-02-22 12:39:21,,0.0,0.0,0.0,btc,0.0,0.0,0.0,24
0,[],2,[],2019-01-20 23:25:56,0.0,0,0,6476976,2019-01-20 23:25:56,,0.0,0.0,0,,0.0,0.0,0.0,26
1,[],4,[],2019-02-22 12:39:22,26863368.24309403,0.00000613,0.000000000242633982,6758603,2019-02-22 12:39:22,btc,119.55848816766279,0.0,0.00000613,btc,222368.14082617,0.08463687,0.4673162863750124,26
1,[],10,[],2019-02-22 12:39:24,691237.84973666,0.00000559,0.000000000221260026,6758604,2019-02-22 12:39:24,btc,25.92627754002759,6240.40188012,0.00000559,btc,14191.0820323,0.0,0.218971397362518,26
1,[],3,[],2019-02-22 12:39:25,7034251.70213569,0.00000001,0.000000000000395814,6758605,2019-02-22 12:39:25,btc,2.82825642819826,217.5,0.00000001,btc,18068492.95734499,0.0,0.0703425170213569,27
1,[],5,[],2019-02-22 12:39:26,0.0,0,0,6758606,2019-02-22 12:39:26,btc,0.0,0.0,0,btc,0.0,0.0,0.0,27
1,[],11,[],2019-02-22 12:39:27,9657302.940399151,0.00000005,0.00000000000197907,6758607,2019-02-22 12:39:27,btc,67506.53137702076,146281.413934,0.00000005,btc,8171781.9763934,0.0,0.450973774642923,27
1,[],4,[],2019-02-22 12:39:28,1420159984.8623288,0.00000002,0.000000000000791628,6758608,2019-02-22 12:39:28,btc,9.961426116830971,0.0,0.00000002,"btc,ltc",480856703.62510204,0.50560712,9.330000128118725,29
1,[],7,[],2019-02-22 12:39:29,34995128.83049082,0.00000001,0.000000000000395814,6758609,2019-02-22 12:39:29,btc,44465227.25878002,2602058.99798,0.00000001,btc,59383853.71902286,0.0,0.3499512883049082,29
0,[],17,[],2019-02-22 12:08:13,0.0,0,0,6758513,2019-02-22 12:08:13,btc,0.0,0.0,0,btc,0.0,0.0,0.0,30
1,[],4,[],2019-02-22 12:39:30,1396669.24194601,0.00000030,0.00000000001187442,6758610,2019-02-22 12:39:30,btc,2.3024487418729884,0.0,0.00000030,btc,1476421.40965686,0.01155209,0.0963596288206183,30
1,[],4,[],2019-02-22 12:39:32,1133035.95972215,0.00005858,0.000000002318678412,6758611,2019-02-22 12:39:32,btc,5.176320323052942,0.0,0.00005858,btc,60021.89577993,1.14899695,1.4943038440926586,31
1,[],21,[],2019-02-22 12:39:32,49602.596195160004,0.00005906000000000000035556627087,0.000000002337677484,6758612,2019-02-22 12:39:32,btc,3.1702492321932185,103643.93492505,0.0000590600000000000003555662708709661501416121609508991241455078125,btc,48148.88340688,6.0904659,2.69916384733731,31
0,[],2,[],2019-01-20 23:28:43,0.0,0,0,6477009,2019-01-20 23:28:43,,0.0,0.0,0,,0.0,0.0,0.0,32
1,[],4,[],2019-02-22 12:39:34,365065610.78640234,0.00000004,0.000000000001583256,6758613,2019-02-22 12:39:34,btc,10.623334722102593,0.0,0.00000004,"btc,ltc",183624162.10191485,0.42015532,8.458844152484696,33
1,[],12,[],2019-02-22 12:39:34,15145876.379,0.00000005,0.00000000000197907,6758614,2019-02-22 12:39:34,btc,35620504.835165866,0.0,0.00000005,btc,89169816.01798175,0.018137174935066,0.49589736895,33
1,[],4,[],2019-02-22 12:39:36,129578661.0327251,0.00000001,0.000000000000395814,6758615,2019-02-22 12:39:36,btc,4.665924006958136,0.0,0.00000001,btc,100810129.88046296,0.00277461,1.2957866103272508,34
1,[],5,[],2019-02-22 12:39:38,0.0,0,0,6758616,2019-02-22 12:39:38,btc,0.0,0.51208278,0,btc,0.0,0.0,0.0,34
0,[],17,[],2019-02-22 12:08:23,0.0,0,0,6758522,2019-02-22 12:08:23,btc,0.07464582844748553,0.0,0,btc,4105386.20243647,0.0,0.0,36
0.0000000001244641,[],4,[],2019-02-22 12:39:38,969743870.9913146,2.489282e-18,9.85292665548e-23,6758617,2019-02-22 12:39:38,ltc,2.715953900088539e-08,0.0,0.00000002,ltc,3224690127.7474794,0.0,1.8087249916633097e-09,36
1,[],5,[],2019-02-22 12:39:39,0.0,0,0,6758618,2019-02-22 12:39:39,btc,0.0,0.0,0,btc,0.0,0.0,0.0,36
0.0000000003721563,[],27,[],2019-02-22 12:39:42,2000.0,3.721563e-18,1.473046737282e-22,6758619,2019-02-22 12:39:42,eth,114.2235941557863,0.0,0.00000001,"ltc,eth",4163566.4875004,0.0,7.443126e-15,36
1,[],4,[],2019-02-22 10:38:44,331581.80771042,0.00000073,0.000000000028900554,6758002,2019-02-22 10:38:44,btc,19772.4836385885,0.0,0.00000073,btc,565902.96976164,0.00857706,0.1690989730714405,37
1,[],12,[],2019-02-22 10:38:45,585095.59715868,0.00000075,0.00000000002969235,6758003,2019-02-22 10:38:45,btc,1347.101913150767,0.0,0.00000075,btc,888739.01753877,0.1854470187964763,0.1976030910338772,37
1,[],27,[],2019-02-22 10:38:57,14685.567,0.00000045,0.00000000001781541,6758004,2019-02-22 10:38:57,btc,25.83024737411233,66.433,0.00000045,btc,6763.38138508,2.989e-05,0.00480032515,37
1,[],17,[],2019-02-22 07:38:23,1752.74075282,0.00000025,0.000000000009838675,6757298,2019-02-22 07:38:23,btc,0.055484923777095005,0.0,0.00000025,btc,1319.19918473,0.0,0.00043818518820499993,37
1,[],5,[],2019-02-22 12:39:43,0.0,0,0,6758620,2019-02-22 12:39:43,btc,0.0,0.05404685,0,btc,0.0,0.0,0.0,42
1,[],12,[],2019-02-22 12:39:46,133186.45126804,0.00000091,0.000000000036019074,6758621,2019-02-22 12:39:46,btc,94.68312131831613,0.0,0.00000091,btc,101976.37405123,0.0102806096179098,0.0406411500000075,42
0.0000000003721563,[],27,[],2019-02-22 12:39:48,2000.0,3.721563e-18,1.473046737282e-22,6758622,2019-02-22 12:39:48,eth,0.00315028,0.0,0.00000001,"btc,eth",11.007,0.0,7.443126e-15,42
0,[],17,[],2019-02-22 11:41:12,0.0,0,0,6758325,2019-02-22 11:41:12,btc,0.0,0.0,0,btc,0.0,0.0,0.0,43
1,[],5,[],2019-02-22 12:39:50,0.0,0,0,6758623,2019-02-22 12:39:50,btc,0.0,0.0001592,0,btc,0.0,0.0,0.0,43
1,[],12,[],2019-02-22 12:39:51,3659302.0,0.00000001,0.000000000000395814,6758624,2019-02-22 12:39:51,btc,20003931.28669582,0.0,0.00000001,btc,39482703.26313686,0.0010004995804194,0.036593020000000004,43
1,[],12,[],2019-02-22 12:08:36,688790.0,0.00000005,0.00000000000197713,6758529,2019-02-22 12:08:36,btc,11115177.726615656,0.0,0.00000005,btc,1077593.39762234,0.0002835,0.01775838,44
1,[],4,[],2019-02-22 12:08:37,304163016.64405817,0.00000002,0.0000000000007908520000000001,6758530,2019-02-22 12:08:37,btc,474.5713450006965,0.0,0.00000002,"btc,ltc",12283111.22500239,0.0,0.2178028578156886,49
0,[],4,[],2019-02-22 12:40:06,0.0,0,0,6758627,2019-02-22 12:40:06,,25.46993631888663,0.0,0,,10640299562.665442,0.0,0.0,52
0.0000000001271698,[],22,[],2019-02-22 12:08:41,80945862.0,1.271698e-18,5.02862453348e-23,6758532,2019-02-22 12:08:41,XMR,4366.33224183,0.0,0.00000001,XMR,248874057.67882353,0.0,0.80945862,57
0.00000000037163380000000006,[],27,[],2019-02-22 12:08:44,2000.0,3.716338000000001e-18,1.4695366699880004e-22,6758533,2019-02-22 12:08:44,eth,0.0,0.0,0.00000001,"btc,eth",0.0,0.0,7.432676e-15,57
0.0000000001243858,[],4,[],2019-02-22 12:08:44,886004729.6589872,3.731574e-18,1.4755613805240001e-22,6758534,2019-02-22 12:08:44,ltc,18.806017555361628,0.0,0.00000003,ltc,3900326242.2060494,0.0,2.0970608080877167e-09,58
1,[],12,[],2019-02-22 12:08:46,1656171820.843957,0.0000000004,0.000000000000015817040000000002,6758535,2019-02-22 12:08:46,btc,224005479405.67502,0.0,0.0000000004,btc,3622376747.5758996,0.16464764641739532,0.5378489582011392,58
0,[],17,[],2019-02-22 12:08:47,0.0,0,0,6758536,2019-02-22 12:08:47,btc,1e+24,0.0,0,btc,41481695.95832568,0.0,0.0,58
0.0000000001271698,[],22,[],2019-02-22 12:08:50,137438.0,1.271698e-18,5.02862453348e-23,6758537,2019-02-22 12:08:50,XMR,69.8835922,0.0,0.00000001,XMR,9887963.0,0.0,0.00137438,58
1,[],5,[],2019-02-22 12:08:52,0.0,0,0,6758538,2019-02-22 12:08:52,btc,0.0,0.00895452,0,btc,0.0,0.0,0.0,61
1,[],22,[],2019-02-22 12:08:55,5149.5,0.00000011,0.000000000004349686,6758539,2019-02-22 12:08:55,BTC,1002.29597012,0.0,0.00000011,BTC,14947.700278135757,0.0,0.00051596,61
1,[],26,[],2019-02-22 12:08:56,0.0,0.00000800,0.0000000003163408,6758540,2019-02-22 12:08:56,btc,0.0,0.0,0.00000800,btc,0.0,0.0,0.0,61
1,[],27,[],2019-02-22 12:08:58,2493.55,0.00000045,0.00000000001779417,6758541,2019-02-22 12:08:58,btc,2.9493343005130614,0.0,0.00000045,"btc,eth",19197.38399471,0.0,0.00021559750364201125,61
1,[],28,[],2019-02-22 12:09:13,13882.304,0.0000005,0.0000000000197713,6758542,2019-02-22 12:09:13,btc,2.056328285685105,747.0,0.0000005,btc,9746.52450005,0.0,0.00566491304,61
1,[],4,[],2019-02-22 12:09:15,1479555.39953836,0.00000287,0.00000000011348726200000001,6758543,2019-02-22 12:09:15,btc,11.237259132828902,0.0,0.00000287,btc,787031.95152413,0.10631525,1.4508518892482514,67
0.0,[],25,[],2019-02-22 12:09:16,0.0,0,0,6758544,2019-02-22 12:09:16,,0.0,0.0,0.0,btc,0.0,0.0,0.0,67
1,[],12,[],2019-02-22 11:46:43,3013164.99273035,0.00000024,0.000000000009485831999999999,6758341,2019-02-22 11:46:43,btc,11115996.103748119,0.0,0.00000024,btc,1989836.89946717,0.0039535429870135,0.1063269345211126,71
,[],5,[],2018-11-20 23:02:39,1.5e-07,0.00000005,0.000000000002128045,4862160,2018-11-20 23:02:39,btc,2.84511358,0.0,,btc,0.00036572,0.0,0.07381892,74
1,[],5,[],2019-02-22 11:46:45,0.0,0,0,6758342,2019-02-22 11:46:45,btc,0.0,0.0,0,btc,0.0,0.0,0.0,75
0,[],20,[],2019-01-25 09:30:31,0.0,0,0,6495923,2019-01-25 09:30:31,btc,0.0,0.0,0,btc,0.0,0.0,0.0,81
1,[],4,[],2019-02-22 11:46:45,17197128.37031862,0.00000001,0.000000000000395243,6758343,2019-02-22 11:46:45,btc,11394.388595673243,0.0,0.00000001,btc,34744270.17624532,0.00732695,0.1719712837031862,81
1,[],4,[],2019-02-22 12:09:17,33540.74517808,0.00007611,0.000000003009587286,6758545,2019-02-22 12:09:17,btc,17.76086700686975,0.0,0.00007611,btc,12608.08239835,0.00573395,0.5284188891482136,82
1,[],21,[],2019-02-22 12:09:18,1044250.38700239,0.00007621000000000000386760068416,0.0000000030135415460000002,6758546,2019-02-22 12:09:18,btc,2.26017319054406,5731.86759941,0.0000762100000000000038676006841598109531332738697528839111328125,btc,23695.49631149,0.4446045,2.5969722482148336,82
0,[],17,[],2019-02-22 11:47:00,0.0,0,0,6758346,2019-02-22 11:47:00,btc,0.0447233088476774,0.0,0,btc,999127.19588126,0.0,0.0,84
0.0000000001243858,[],4,[],2019-02-22 12:09:31,182074889.6651371,4.9754319999999995e-18,1.967415174032e-22,6758547,2019-02-22 12:09:31,ltc,1.7856236074578244,0.0,0.00000004,ltc,403832555.0546286,0.0,5.015295870029103e-10,85
,[],22,[],2018-11-20 23:09:34,3408.1,0.0000001,0.0000000000041895,4862324,2018-11-20 23:09:34,BTC,0.04624735,0.0,,BTC,4990.0,0.0,0.00033081,86
0,[],22,[],2019-02-22 12:09:33,0.0,0,0,6758548,2019-02-22 12:09:33,,2.0760781,0.0,0,,140622.94736842104,0.0,0.0,87
0,[],27,[],2019-02-22 12:09:35,0.0,0,0,6758549,2019-02-22 12:09:35,,0.0,0.0,0,btc,0.0,0.0,0.0,87
,[],2,[],2018-11-20 23:10:47,0.0,0,0,4862359,2018-11-20 23:10:47,,0.0,0.0,,,0.0,0.0,0.0,88
1,[],11,[],2019-02-22 11:47:43,90745.40649249,0.00014620999999999999773535319658179787438712082803249359130859375,0.000000005778847903,6758350,2019-02-22 11:47:43,btc,610.1968461673006,180.6429313,0.00014620999999999999773535319658179787438712082803249359130859375,btc,96045.3855743,0.0,5.953071961280949,89
0,[],2,[],2019-01-20 23:31:45,0.0,0,0,6477083,2019-01-20 23:31:45,,0.0,0.0,0,,0.0,0.0,0.0,91
1,[],12,[],2019-02-22 12:09:38,430512.95799115,0.0000015000000000000000380012861456169304119612206704914569854736328125,0.0000000000593139,6758550,2019-02-22 12:09:38,btc,4.299362525143125,0.0,0.0000015000000000000000380012861456169304119612206704914569854736328125,btc,53057.4323838,0.0004104699999968,0.0442754903999159,91
0,[],17,[],2019-02-22 12:09:50,0.0,0,0,6758551,2019-02-22 12:09:50,btc,0.0,0.0,0,btc,0.0,0.0,0.0,91
0,[],22,[],2019-02-22 12:09:52,0.0,0,0,6758552,2019-02-22 12:09:52,,3.1e-06,0.0,0,,2.0,0.0,0.0,91
0.0000000001241098,[],22,[],2019-02-22 11:50:00,3506520.0,4.964392e-18,1.962141187256e-22,6758354,2019-02-22 11:50:00,LTC,8.54674091,0.0,0.00000004,LTC,72080461.1,0.0,0.1050108,95
0.0000000001241098,[],4,[],2019-02-22 11:50:02,138372165.67017484,7.446588000000001e-17,2.943211780884e-21,6758355,2019-02-22 11:50:02,ltc,12.436992816996819,0.0,0.0000006,ltc,149448320.57376164,0.0,1.0018205248108123e-09,96
1,[],12,[],2019-02-22 11:50:04,243991.0,0.00000001,0.000000000000395243,6758356,2019-02-22 11:50:04,btc,255075.89595435586,0.0,0.00000001,btc,8802090.84546427,0.00028999,0.00243991,96
0,[],17,[],2019-02-22 11:50:06,0.0,0,0,6758357,2019-02-22 11:50:06,btc,0.0,0.0,0,btc,0.0,0.0,0.0,96
1,[],4,[],2019-02-22 11:50:06,1380187.77257607,0.00000032,0.000000000012647776,6758358,2019-02-22 11:50:06,btc,3.2237962408072742,0.0,0.00000032,btc,2443412.86682913,0.01622239,0.1171602410198397,99
0,[],2,[],2019-01-20 23:23:55,0.0,0,0,6476914,2019-01-20 23:23:55,,0.0,0.0,0,,0.0,0.0,0.0,100
1,[],4,[],2019-02-22 11:50:08,1265974.95733856,0.00003002,0.000000001186519486,6758359,2019-02-22 11:50:08,btc,7.689237296007963,0.0,0.00003002,btc,121639.42524571,2.00386555,0.6775325098741739,100
1,[],22,[],2019-02-22 11:50:28,50000.0,0.00000001,0.000000000000395243,6758360,2019-02-22 11:50:28,BTC,23.49896609,0.0,0.00000001,BTC,10277.22,0.0,0.0005,101
1,[],4,[],2019-02-22 11:50:29,458428.33837018,0.00000094,0.000000000037152842,6758361,2019-02-22 11:50:29,btc,257.7134812201677,0.0,0.00000094,btc,491525.92877555,0.01766475,0.231817373621603,103
1,[],12,[],2019-02-22 10:42:30,54834949.17286972,0.000000013,0.0000000000005146674000000001,6758044,2019-02-22 10:42:30,btc,137279450.89571923,0.0,0.000000013,btc,119077578.82491791,0.04125722732008558,0.16158567324730636,105
1,[],27,[],2019-02-22 11:52:33,413310.89,0.00000001,0.000000000000395243,6758362,2019-02-22 11:52:33,btc,0.2139890355560939,0.0,0.00000001,btc,389775.05581977,0.0,0.0041331089,105
1,[],22,[],2019-02-22 11:53:11,9328.0,0.00000001,0.000000000000395243,6758363,2019-02-22 11:53:11,BTC,51.10837004,0.0,0.00000001,BTC,470435.0,0.0,9.328e-05,107
1,[],26,[],2019-02-22 11:53:11,0.0,0.00000000,0,6758364,2019-02-22 11:53:11,btc,0.0,0.0,0.00000000,btc,0.0,0.0,0.0,107
1,[],5,[],2019-02-22 11:53:12,0.0,0,0,6758365,2019-02-22 11:53:12,btc,0.0,0.00142413,0,btc,0.0,0.0,0.0,112
1,[],22,[],2019-02-22 11:53:48,1966.0,0.00000001,0.000000000000395243,6758366,2019-02-22 11:53:48,BTC,2.81183288,0.0,0.00000001,BTC,808524.0833333334,0.0,1.966e-05,112
0.00000000037177010000000003,[],27,[],2019-02-22 11:53:50,2000.0,3.717701e-18,1.469395296343e-22,6758367,2019-02-22 11:53:50,eth,1.35132491849924,0.0,0.00000001,"btc,eth",1328.641654,0.0,7.435402e-15,112
1,[],4,[],2019-02-22 11:53:52,451478.26597225,0.00000312,0.000000000123315816,6758368,2019-02-22 11:53:52,btc,5.7324740113778265,0.0,0.00000312,btc,343415.71340849,0.03061924,0.1965338015675371,113
1,[],5,[],2019-02-22 11:53:54,0.0,0,0,6758369,2019-02-22 11:53:54,btc,0.0,0.00016901,0,btc,0.0,0.0,0.0,113
1,[],17,[],2019-02-22 11:53:56,152738.278,0.00000004,0.000000000001580972,6758370,2019-02-22 11:53:56,btc,1.336803027532433,0.0,0.00000004,btc,51896.221,0.0,0.0022095311199999998,116
0,[],27,[],2019-02-22 11:53:58,0.0,0,0,6758371,2019-02-22 11:53:58,,0.0,0.0,0,btc,0.0,0.0,0.0,116
1,[],4,[],2019-02-22 11:54:00,71292.57645528,0.00002818,0.000000001113794774,6758372,2019-02-22 11:54:00,btc,26.75850468777104,0.0,0.00002818,btc,59755.53192394,0.27982962,0.8842190283561766,120
1,[],7,[],2019-02-22 11:54:00,211011.83868471,0.0000283099999999999983059904840043685680939233861863613128662109375,0.0000000011189329329999998,6758373,2019-02-22 11:54:00,btc,115646.98507804662,6889.99738963,0.0000283099999999999983059904840043685680939233861863613128662109375,btc,31094.537600760003,0.26912354,0.07422602970231959,120
1,[],20,[],2019-02-22 08:50:15,1205470.0397,0.000000012,0.0000000000004743216,6757556,2019-02-22 08:50:15,btc,31.9239877861223,1057.6,0.000000012,btc,1149876.605,1.26912e-05,0.0037161417072,125
1,[],22,[],2019-02-22 11:54:23,3053.0,0.00000001,0.000000000000395243,6758374,2019-02-22 11:54:23,BTC,0.01444887,0.0,0.00000001,BTC,296263.5111111111,0.0,3.053e-05,126
0,[],2,[],2019-01-20 23:25:46,0.0,0,0,6476969,2019-01-20 23:25:46,,0.0,0.0,0,,0.0,0.0,0.0,131
0,[],17,[],2019-02-22 09:51:28,0.0,0,0,6757859,2019-02-22 09:51:28,btc,0.0009561751951600001,0.0,0,btc,35.42829368,0.0,0.0,131
1,[],4,[],2019-02-22 11:54:24,95547.41430399,0.00001481,0.000000000585354883,6758375,2019-02-22 11:54:24,btc,23.920917666858212,0.0,0.00001481,btc,119077.07162139,0.31223769,0.5558214246126605,131
1,[],4,[],2019-02-22 11:54:35,4557.6286166,0.00016783,0.000000006633363269,6758376,2019-02-22 11:54:35,btc,1.6462887882650394,0.0,0.00016783,btc,334.27808618,0.0,0.0091219719340078,135
1,[],3,[],2019-02-22 11:54:36,1494906.66238508,0.00000005,0.0000000000019762149999999998,6758377,2019-02-22 11:54:36,btc,0.1358217413247742,19186.31,0.00000005,btc,597822.99008313,0.0,0.0548386662803677,136
1,[],4,[],2019-02-22 11:54:38,278177.28681083,0.00000170,0.00000000006719131,6758378,2019-02-22 11:54:38,btc,38.875391517044605,0.0,0.00000170,btc,632407.28783328,0.08477722,0.0958170877161525,137
1,[],12,[],2019-02-22 11:54:39,290573.61587203,0.0000015099999999999999422575606977670048536310787312686443328857421875,0.000000000059681693,6758379,2019-02-22 11:54:39,btc,11807.600075731172,0.0,0.0000015099999999999999422575606977670048536310787312686443328857421875,btc,124350.38316351,0.0012510318118041,0.018263039999957098,137
1,[],4,[],2019-02-22 11:54:40,205462.7736146,0.00004601,0.0000000018185130429999999,6758380,2019-02-22 11:54:40,btc,28.567660110972316,0.0,0.00004601,btc,44301.41872183,0.18141132,0.2967490490095508,142
1,[],5,[],2019-02-22 11:54:41,0.0,0,0,6758381,2019-02-22 11:54:41,btc,0.0,0.16392391,0,btc,0.0,0.0,0.0,142
1,[],17,[],2019-02-22 11:54:52,22967.386363640002,0.00000088,0.000000000034781384,6758382,2019-02-22 11:54:52,btc,20.0699133484,0.0,0.00000088,btc,405.079105,0.0,0.0104613000000032,142
1,[],20,[],2019-02-22 11:54:54,133455.6001,0.000045043,0.0000000017802930449,6758383,2019-02-22 11:54:54,btc,0.4934565146914,40.1643,0.000045043,btc,3751.6313,0.00181140993,0.2398886620837,142
1,[],22,[],2019-02-22 11:55:28,1670.2794996606253,0.00004651,0.0000000018382751929999999,6758384,2019-02-22 11:55:28,BTC,3.00424677,0.0,0.00004651,BTC,896.9785515239478,0.0,0.00544952,142
0.0,[],25,[],2019-02-22 11:55:30,0.0,0,0,6758385,2019-02-22 11:55:30,,0.0,0.0,0.0,btc,0.0,0.0,0.0,142
1,[],28,[],2019-02-22 11:55:41,76883.0,0.00004500,0.0000000017785935,6758386,2019-02-22 11:55:41,btc,0.059933722,564.0,0.00004500,btc,406.4319,0.0,0.0388422,142
0,[],22,[],2019-02-22 11:56:10,0.0,0,0,6758387,2019-02-22 11:56:10,,61.2711456,0.0,0,,748034842.3,0.0,0.0,143
1,[],21,[],2019-02-22 11:56:11,52168648.2727314,0.00000024,0.000000000009485831999999999,6758388,2019-02-22 11:56:11,btc,40.91663625513763,7324004.190477,0.00000024,btc,84952065.84450062,1.81916546,3.6289281504161504,145
0,[],22,[],2019-02-22 09:53:15,0.0,0,0,6757872,2019-02-22 09:53:15,,4.24946284,0.0,0,,1812156.0,0.0,0.0,146
,[],22,[],2018-11-20 23:01:11,0.0,0,0,4862114,2018-11-20 23:01:11,,2.56807021,0.0,,,61828.4988236,0.0,0.0,147
1,[],12,[],2019-02-22 11:56:12,99304.11000625,0.00000251000000000000010876390933722834830632564262486994266510009765625,0.000000000099205993,6758389,2019-02-22 11:56:12,btc,16.28913708198008,0.0,0.00000251000000000000010876390933722834830632564262486994266510009765625,btc,116936.71783468,0.0002166233766176,0.0182653099999905,148
1,[],4,[],2019-02-22 11:56:13,240513.36796929,0.00000028,0.000000000011066804,6758390,2019-02-22 11:56:13,btc,219.94019623299317,0.0,0.00000028,btc,792818.66646363,0.000319,0.0564957890840236,152
0,[],22,[],2019-02-22 11:56:34,0.0,0,0,6758391,2019-02-22 11:56:34,,0.0,0.0,0,,0.0,0.0,0.0,152
1,[],5,[],2019-02-22 11:56:35,0.0,0,0,6758392,2019-02-22 11:56:35,btc,0.0,1e-06,0,btc,0.0,0.0,0.0,153
,[],16,[],2019-01-11 15:38:59,0.0,0,0,6366141,2019-01-11 15:38:59,btc,0.0,0.0,,btc,0.0,0.0,0.0,155
0,[],23,[],2019-01-20 23:24:29,0.0,0,0,6476932,2019-01-20 23:24:29,,0.0,0.0,0,,0.0,0.0,0.0,156
0,[],22,[],2019-02-22 11:56:54,0.0,0,0,6758393,2019-02-22 11:56:54,,6.74608761,0.0,0,,4644402.242592593,0.0,0.0,156
1,[],22,[],2019-02-22 11:57:28,7073.8,0.00005300,0.0000000020947879,6758394,2019-02-22 11:57:28,BTC,1.80343699,0.0,0.00005300,BTC,899.6422341958436,0.0,0.00104336,157
0,[],22,[],2019-02-22 11:57:48,0.0,0,0,6758395,2019-02-22 11:57:48,,50175.68008609,0.0,0,,54479136.04179466,0.0,0.0,158
,[],17,[],2018-11-20 22:56:10,0.0,0,0,4861976,2018-11-20 22:56:10,btc,1.1265625,0.0,,btc,1000.0,0.0,0.0,159
,[],20,[],2018-11-20 22:56:12,0.0,0,0,4861977,2018-11-20 22:56:12,btc,11912.7940471,0.0,,btc,34413894.3617,0.0,0.0,159
1,[],12,[],2019-02-22 11:57:50,183193.50753245,0.00000764999999999999960088349626463610775317647494375705718994140625,0.000000000302360895,6758396,2019-02-22 11:57:50,btc,6.659371888069906,0.0,0.00000764999999999999960088349626463610775317647494375705718994140625,btc,14711.99349902,0.0037007227106557,0.100821928231906,168
1,[],17,[],2019-02-22 11:57:51,29784.95,0.000001,0.0000000000395243,6758397,2019-02-22 11:57:51,btc,0.03026736251542,0.0,0.000001,btc,144.46171372,0.0,0.00716147,168
0,[],22,[],2019-02-22 11:58:15,0.0,0,0,6758398,2019-02-22 11:58:15,,1.14695792,0.0,0,,779972.8900917594,0.0,0.0,169
1,[],22,[],2019-02-22 11:58:57,166150.0,0.00000018,0.000000000007114374,6758399,2019-02-22 11:58:57,BTC,13.25792916,0.0,0.00000018,BTC,156449.17566629834,0.000668,0.020438,171
1,[],22,[],2019-02-22 11:59:37,152929.125,0.00000008,0.000000000003161944,6758400,2019-02-22 11:59:37,BTC,2.66658866,0.0,0.00000008,BTC,276056.09731670975,4.919e-05,0.0089885,173
1,[],5,[],2019-02-22 11:59:38,0.0,0,0,6758401,2019-02-22 11:59:38,btc,0.0,0.06933967,0,btc,0.0,0.0,0.0,175
1,[],22,[],2019-02-22 12:00:25,65284.0,0.00000035,0.000000000013833505,6758402,2019-02-22 12:00:25,BTC,0.5289391,0.0,0.00000035,BTC,142708.91384013777,0.0,0.0120266,176
1,[],7,[],2019-02-22 12:00:27,0.0,0,0,6758403,2019-02-22 12:00:27,btc,410932.427678026,0.0,0,btc,117633836.32502417,0.0,0.0,178
0,[],22,[],2019-02-22 12:01:21,0.0,0,0,6758404,2019-02-22 12:01:21,,1.00242428,0.0,0,,57512.0,0.0,0.0,178
0,[],2,[],2019-01-20 23:28:34,0.0,0,0,6477001,2019-01-20 23:28:34,,0.0,0.0,0,,0.0,0.0,0.0,178
1,[],5,[],2019-02-22 12:01:22,0.0,0,0,6758405,2019-02-22 12:01:22,btc,0.0,0.10504898,0,btc,0.0,0.0,0.0,179
1,[],22,[],2019-02-22 12:01:27,7050947.0,0.00000002,0.000000000000790486,6758406,2019-02-22 12:01:27,BTC,5.59188708,0.0,0.00000002,"BTC,LTC",18804935.468656633,0.0,0.37595966,179
0,[],23,[],2019-01-20 23:25:08,0.0,0,0,6476952,2019-01-20 23:25:08,,0.0,0.0,0,,0.0,0.0,0.0,179
1,[],17,[],2019-02-22 12:01:40,10504.725,0.0000001,0.0000000000039524299999999995,6758407,2019-02-22 12:01:40,btc,5.2010695838170005,0.0,0.0000001,btc,4994.45945,0.0,0.0010504725,180
0.0000000001241098,[],22,[],2019-02-22 12:01:43,128605.4,1.241098e-17,4.905352968140001e-22,6758408,2019-02-22 12:01:43,LTC,0.19391521,0.0,0.0000001,LTC,57443.36975556538,0.0,0.00130544,180
1,[],26,[],2019-02-22 12:01:43,0.0,0.00000100,0.0000000000395243,6758409,2019-02-22 12:01:43,btc,0.0,0.0,0.00000100,btc,0.0,0.0,0.0,180
,[],7,[],2018-11-20 22:58:01,562227.975654,0.00000085,0.000000000036176765,4862015,2018-11-20 22:58:01,btc,21836.6059674,2491.87645172,,btc,749999.041456,0.00211021,0.127565380455,183
1,[],24,[],2019-02-22 12:01:44,0.0,0.000000000001,3.95243e-17,6758410,2019-02-22 12:01:44,btc,0.0,0.0,0.000000000001,btc,0.0,0.0,0.0,187
,[],5,[],2019-01-10 08:11:41,0.0,0,0,6347036,2019-01-10 08:11:41,btc,82.15055501,0.00261,,btc,1.19002445,0.0,0.0,187
,[],17,[],2018-11-16 20:58:10,4062536.27273,0.00000001,0.000000000000550501,4708775,2018-11-16 20:58:10,btc,3.36492563466,0.195460381006,,"btc,eth",110697919.549,0.0,0.0157628953496,187
0,[],22,[],2019-02-22 12:01:47,0.0,0,0,6758411,2019-02-22 12:01:47,,1.19374396,0.0,0,,16308.869534405507,0.0,0.0,191
0,[],22,[],2019-02-22 12:01:59,0.0,0,0,6758412,2019-02-22 12:01:59,,0.0,0.0,0,,0.0,0.0,0.0,197
0,[],22,[],2019-02-22 12:02:03,0.0,0,0,6758413,2019-02-22 12:02:03,,5.17330081,0.0,0,,21824453.0,0.0,0.0,199
1,[],26,[],2019-02-22 12:02:03,0.0,0.00000000,0,6758414,2019-02-22 12:02:03,btc,0.0,0.0,0.00000000,btc,0.0,0.0,0.0,199
0,[],23,[],2019-01-20 23:31:41,0.0,0,0,6477079,2019-01-20 23:31:41,,0.0,0.0,0,,0.0,0.0,0.0,199
0,[],17,[],2019-01-30 16:32:01,0.0,0,0,6540827,2019-01-30 16:32:01,btc,6.802544163788159,0.0,0,btc,105897.55575295,0.0,0.0,200
0,[],2,[],2019-01-20 23:30:49,0.0,0,0,6477059,2019-01-20 23:30:49,,0.0,0.0,0,,0.0,0.0,0.0,201
1,[],4,[],2019-01-25 15:51:35,2084389.58565343,0.00000936,0.000000000333526752,6499557,2019-01-25 15:51:35,btc,2.0092503037378524,0.0,0.00000936,btc,160195.80207885,0.19272417,1.242687955921835,211
1,[],7,[],2019-02-22 12:02:06,4368231.70072856,0.000001439999999999999977188928391991229460700196796096861362457275390625,0.000000000056914992,6758415,2019-02-22 12:02:06,btc,15475877.184602039,1105156.0427,0.000001439999999999999977188928391991229460700196796096861362457275390625,btc,13552127.95126272,0.0,3.3730352619366104,212
1,[],5,[],2019-02-22 12:02:08,0.0,0,0,6758416,2019-02-22 12:02:08,btc,0.0,0.13216218,0,btc,0.0,0.0,0.0,213
1,[],24,[],2019-02-22 12:02:08,0.0,0.000000150000,0.000000000005928645,6758417,2019-02-22 12:02:08,btc,0.0,0.0,0.000000150000,btc,0.0,0.0,0.0,213
1,[],26,[],2019-02-22 12:02:08,0.0,0.00000009,0.000000000003557187,6758418,2019-02-22 12:02:08,btc,0.0,0.0,0.00000009,btc,0.0,0.0,0.0,213
1,[],12,[],2019-01-25 02:44:32,207462.42853209,0.000001080000000000000035831255497387193287295303889550268650054931640625,0.000000000038610756000000006,6493050,2019-01-25 02:44:32,btc,85023.03793723314,0.0,0.000001080000000000000035831255497387193287295303889550268650054931640625,btc,43675.73520027,0.000146250909087,0.0348620860622024,213
1,[],22,[],2019-02-22 12:02:13,119971.0,0.00000001,0.000000000000395243,6758419,2019-02-22 12:02:13,BTC,2.19671377,0.0,0.00000001,BTC,271112.59081706154,2.9e-07,0.00119971,216
1,[],27,[],2019-02-22 12:02:16,1271406.5615,0.00000009,0.000000000003557187,6758420,2019-02-22 12:02:16,btc,355.9340332129,41297.4,0.00000009,"btc,ltc",218416.501,0.00330379,0.03559372246006205,216
1,[],22,[],2019-02-22 12:02:27,299918.17209638556,0.00000250,0.00000000009881075,6758421,2019-02-22 12:02:27,BTC,12673.48901049,0.0,0.00000250,BTC,357431.3220963033,0.11541438,0.45803281,217
1,[],7,[],2019-02-22 12:02:28,0.0,0,0,6758422,2019-02-22 12:02:28,btc,77969.6155208115,0.0,0,btc,137043536.6050253,0.0,0.0,219
0,[],27,[],2019-02-22 12:02:30,0.0,0,0,6758423,2019-02-22 12:02:30,,0.0740438339680921,0.0,0,btc,1536429.20709513,0.0,0.0,219
0.0000000000000052,[],28,[],2019-02-22 12:02:42,168262604.092,4.31652e-18,1.70607431436e-22,6758424,2019-02-22 12:02:42,doge,83813.6478917675,14017.0,0.00083010,"btc,doge",4822399.34751,0.0,1.198831752510288e-11,219
1,[],22,[],2019-02-22 12:02:45,196135.6,0.00000012,0.000000000004742916,6758425,2019-02-22 12:02:45,BTC,3.00159283,0.0,0.00000012,BTC,106936.27041875875,0.01432235,0.02066356,221
1,[],24,[],2019-02-22 12:02:45,0.0,0.000000200000,0.000000000007904859999999999,6758426,2019-02-22 12:02:45,btc,0.0,0.0,0.000000200000,btc,0.0,0.0,0.0,221
1,[],20,[],2019-02-22 12:02:49,43228436.1239,0.000000001,0.0000000000000395243,6758427,2019-02-22 12:02:49,btc,47.9968636290187,1015745.7339,0.000000001,btc,11147457.9984,0.0010157457339,0.0432284361239,224
0,[],22,[],2019-02-22 12:02:58,0.0,0,0,6758428,2019-02-22 12:02:58,,0.0,0.0,0,,0.0,0.0,0.0,224
1,[],26,[],2019-02-22 12:02:58,0.0,0.00000036,0.000000000014228748,6758429,2019-02-22 12:02:58,btc,0.0,0.0,0.00000036,btc,0.0,0.0,0.0,231
1,[],26,[],2019-02-22 12:02:58,0.0,0.00000006,0.000000000002371458,6758430,2019-02-22 12:02:58,btc,0.0,0.0,0.00000006,btc,0.0,0.0,0.0,234
0.00000000037177010000000003,[],27,[],2019-02-22 12:03:02,2000.0,3.717701e-18,1.469395296343e-22,6758431,2019-02-22 12:03:02,eth,0.0113483662182,0.0,0.00000001,"btc,eth",11462.99618,0.0,7.435402e-15,234
0,[],22,[],2019-02-22 10:46:21,0.0,0,0,6758108,2019-02-22 10:46:21,,4.02258988,0.0,0,,106046393.81349206,0.0,0.0,235
1,[],4,[],2019-02-22 12:03:03,1081939.50930803,0.00000094,0.000000000037152842,6758432,2019-02-22 12:03:03,btc,4.53039873091118,0.0,0.00000094,btc,1029457.58991712,0.26629291,0.3478478838366169,236
1,[],24,[],2019-02-22 12:03:03,0.0,0.000000020010,0.000000000000790881243,6758433,2019-02-22 12:03:03,btc,0.0,0.0,0.000000020010,btc,0.0,0.0,0.0,236
1,[],20,[],2019-02-22 12:03:05,64734770.8805,0.000000065,0.0000000000025690795,6758434,2019-02-22 12:03:05,btc,8.9220962582172,24642341.0847,0.000000065,btc,44741299.3514,1.5774763156352,0.3189660399975,237
1,[],22,[],2019-02-22 12:03:10,116403.0,0.00000004,0.000000000001580972,6758435,2019-02-22 12:03:10,BTC,0.0405823,0.0,0.00000004,"BTC,LTC",3164.0,0.0,0.00482009,237
1,[],4,[],2019-02-22 12:03:10,7457881.12040788,0.00000032,0.000000000012647776,6758436,2019-02-22 12:03:10,btc,5.186251769871578,0.0,0.00000032,btc,8051611.68064619,0.58175769,1.5852955002535147,238
1,[],5,[],2019-02-22 12:03:11,0.0,0,0,6758437,2019-02-22 12:03:11,btc,0.0,0.01132939,0,btc,0.0,0.0,0.0,238
0,[],22,[],2019-02-22 12:03:14,0.0,0,0,6758438,2019-02-22 12:03:14,,27.41701007,0.0,0,,370860.0639027493,0.0,0.0,249
0.0000000001241098,[],22,[],2019-02-22 12:03:17,7121097.666666667,3.723294e-18,1.471605890442e-22,6758439,2019-02-22 12:03:17,LTC,0.54180351,0.0,0.00000003,LTC,14549981.09,2.966254006352e-12,0.21263595,252
1,[],28,[],2019-02-22 12:03:23,4765956.698,0.00000011,0.000000000004347673,6758440,2019-02-22 12:03:23,btc,164693.6977881204,311604.321,0.00000011,btc,1017157.2421,0.0,0.3074811375,256
1,[],22,[],2019-02-22 12:03:27,2448447.6666666665,0.00000003,0.000000000001185729,6758441,2019-02-22 12:03:27,BTC,31.42325404,0.0,0.00000003,BTC,516668.9505485993,0.0003,0.05230815,258
1,[],22,[],2019-02-22 12:03:31,48751.0,0.00000001,0.000000000000395243,6758442,2019-02-22 12:03:31,BTC,2.4175745,0.0,0.00000001,BTC,1762.0,0.0,0.00048751,259
1,[],22,[],2019-02-22 12:03:35,12307.934639788087,0.00001990,0.00000000078653357,6758443,2019-02-22 12:03:35,BTC,1398.82652496,0.0,0.00001990,"BTC,LTC",8926.703015845067,0.01122569,0.02957915,262
1,[],5,[],2019-02-22 12:03:38,0.0,0,0,6758444,2019-02-22 12:03:38,btc,0.0,0.13074606,0,btc,0.0,0.0,0.0,264
1,[],20,[],2019-02-22 12:03:39,1218808.4257,0.00000202,0.000000000079839086,6758445,2019-02-22 12:03:39,btc,7.6838665914988,67371.0077,0.00000202,btc,106405.0146,0.224130246221,0.025802209179,264
1,[],22,[],2019-02-22 12:03:43,31914.0,0.00000001,0.000000000000395243,6758446,2019-02-22 12:03:43,BTC,8.4442135,0.0,0.00000001,BTC,427909.69136002666,4.25e-05,0.00031914,271
0,[],22,[],2019-02-22 12:03:46,0.0,0,0,6758447,2019-02-22 12:03:46,,259.09983823,0.0,0,,14390728027.9,0.0,0.0,272
0.0000000000000052,[],28,[],2019-02-22 12:03:51,228465122601.571,4.16e-21,1.64421088e-25,6758448,2019-02-22 12:03:51,doge,5975229.119774982,15094199365.929,0.0000008,doge,208946562989.54153,0.0,6.037621290239327e-10,272
1,[],22,[],2019-02-22 12:03:56,26058.74,0.00000270,0.00000000010671560999999999,6758449,2019-02-22 12:03:56,BTC,74.30180155,0.0,0.00000270,"BTC,LTC",7862.487639773189,0.08092727,0.06963601,281
1,[],22,[],2019-02-22 12:04:00,56879.0,0.00000002,0.000000000000790486,6758450,2019-02-22 12:04:00,BTC,1.3322851,0.0,0.00000002,BTC,139503.04598459575,0.0001491,0.00092988,286
0,[],22,[],2019-02-22 12:04:03,0.0,0,0,6758451,2019-02-22 12:04:03,,43633.68112286,0.0,0,,335177129.0,0.0,0.0,294
