pairValue,buyBook,exchangeId,sellBook,updated,buyTotal,satoshiPrice,usdPrice,exchangeLogId,created,bestPair,sellTotalBtc,volume,pairPrice,activePairs,sellTotal,volumeBtc,buyTotalBtc,coinId
1,[],3,[],2019-06-22 14:57:50,32256.355670276316,0.010503379999999999661053351474038208834826946258544921875,0.000001117625803293999903253172634,7752964,2019-06-22 14:57:50,btc,11.110999562221805,59.49143027,0.010503379999999999661053351474038208834826946258544921875,btc,20.335222480573,0.0,0.42044023677015135,1
1,[],4,[],2019-06-22 14:57:51,353214.49948166,0.01063001,0.000001131100033062999938587656829,7752965,2019-06-22 14:57:51,btc,9.974688701271457,0.0,0.01063001,btc,508.07748038,1.5670992,0.793081556778447,1
1,[],5,[],2019-06-22 14:57:53,0.0,0,0,7752966,2019-06-22 14:57:53,btc,0.0,0.02143306,0,btc,0.0,0.0,0.0,1
1,[],10,[],2019-06-22 14:57:56,308504.09713025,0.00412819,0.000000439265423597,7752967,2019-06-22 14:57:56,btc,6512.644468004385,1495.16179773,0.00412819,btc,1404.64873845,0.0,1.7986493239046113,1
1,[],12,[],2019-06-22 14:57:59,88.40068579,0.01067000000000000066446848023815618944354355335235595703125,0.000001135355221000000009060256607,7752968,2019-06-22 14:57:59,btc,0.31550954183179997,0.0,0.01067000000000000066446848023815618944354355335235595703125,btc,28.23957722,2.223401124902,0.20648190317280002,1
1,[],20,[],2019-06-22 14:58:01,919.0329,0.01111001,0.000001182175057062999935814571505,7752969,2019-06-22 14:58:01,btc,0.1690001375784,0.6479,0.01111001,btc,12.4604,0.0073780448291,0.1342856396195,1
1,[],21,[],2019-06-22 14:58:02,1760.73421063,0.01065967999999999950289097939,0.000001134257107983999885520713913,7752970,2019-06-22 14:58:02,btc,11.564715668343307,4591.82567521,0.01065967999999999950289097938593840808607637882232666015625,"btc,eth",1413.93243792,42.733679095536,14.48392462007611,1
1,[],22,[],2019-06-22 14:58:06,0.0395979803020197,0.01000001,0.000001064064064062999942227331316,7752971,2019-06-22 14:58:06,BTC,0.01666796,0.0,0.01000001,BTC,0.25318100557485945,0.0,0.00021887,1
1,[],24,[],2019-06-22 14:58:06,0.0,0.000000000000,0,7752972,2019-06-22 14:58:06,btc,0.0,0.0,0.000000000000,btc,0.0,0.0,0.0,1
0.0,[],25,[],2019-06-22 14:58:07,0.0,0,0,7752973,2019-06-22 14:58:07,btc,13.799999999185085,14087.71011706,0.0,btc,1249.01176623,152.11,0.0,1
1,[],26,[],2019-06-22 14:58:12,0.0,0,0,7752974,2019-06-22 14:58:12,,0.0,0.0,0,,0.0,0.0,0.0,1
0,[],28,[],2019-06-22 14:58:14,0.0,0,0,7752975,2019-06-22 14:58:14,,0.0,0.0,0,,0.0,0.0,0.0,1
0,[],2,[],2019-01-20 23:28:45,0.0,0,0,6477011,2019-01-20 23:28:45,,0.0,0.0,0,,0.0,0.0,0.0,1
1,[],5,[],2019-06-17 14:29:02,0.0,0,0,7740076,2019-06-17 14:29:02,btc,0.0,2.72e-05,0,btc,0.0,0.0,0.0,2
1,[],22,[],2019-06-17 14:29:06,11550.3,0.0000002,0.0000000000185828,7740077,2019-06-17 14:29:06,BTC,21.00897301,0.0,0.0000002,"BTC,XMR",20678.87287795317,1.754e-05,0.00143681,2
1,[],5,[],2019-06-03 14:48:58,0.0,0,0,7731126,2019-06-03 14:48:58,btc,0.0,0.05905545,0,btc,0.0,0.0,0.0,3
1,[],12,[],2019-06-03 14:48:59,3468623.70302,0.000000116,0.000000000009823402000000002,7731127,2019-06-03 14:48:59,btc,169531.0336573751,0.0,0.000000116,btc,2361209.62379607,0.041350953071,0.33764769154428,3
0,[],28,[],2019-06-03 14:49:00,0.0,0,0,7731128,2019-06-03 14:49:00,,0.0,0.0,0,,0.0,0.0,0.0,3
0,[],2,[],2019-01-20 23:31:32,0.0,0,0,6477077,2019-01-20 23:31:32,,0.0,0.0,0,,0.0,0.0,0.0,4
1,[],4,[],2019-05-18 21:29:50,562734.9206932,0.00000010,0.000000000007298720000000001,7650946,2019-05-18 21:29:50,btc,41.9347137769675,0.0,0.00000010,btc,1123702.32192634,0.00052462,0.029254593370966,4
0,[],12,[],2019-06-02 05:03:43,0.0,0,0,7724919,2019-06-02 05:03:43,btc,625.901992874995,0.0,0,btc,1211362.4995005,0.0,0.0,5
1,[],11,[],2019-06-22 14:58:16,5365894.076736,0.00000002,0.000000000002128126,7752976,2019-06-22 14:58:16,btc,9583.528981907093,63333.333333,0.00000002,btc,73315312.62354945,0.0,0.06738688876736,6
0,[],2,[],2019-01-20 23:31:51,0.0,0,0,6477087,2019-01-20 23:31:51,,0.0,0.0,0,,0.0,0.0,0.0,6
1,[],3,[],2019-06-22 14:58:17,12630.359959120817,0.0000850100000000000009282852264647090123617090284824371337890625,0.000000009045599563,7752977,2019-06-22 14:58:17,btc,2027.8513798004299,515.769170628,0.0000850100000000000009282852264647090123617090284824371337890625,btc,400.465523645782,0.0,0.02430377461153617,7
1,[],4,[],2019-06-22 14:58:17,301145.86521584,0.00007816,0.000000008316716408,7752978,2019-06-22 14:58:17,btc,7.285676825222003,0.0,0.00007816,btc,54356.86852567,1.7838592,1.9965884278832675,7
1,[],5,[],2019-06-22 14:58:19,0.0,0,0,7752979,2019-06-22 14:58:19,btc,0.0,0.25272341,0,btc,0.0,0.0,0.0,7
1,[],20,[],2019-04-07 22:06:50,3201475.0482,0.000000001,0.000000000000051590000000000004,7213932,2019-04-07 22:06:50,btc,30.8005781811902,0.0,0.000000001,btc,23077405.3926,0.0,0.0032014750482,8
1,[],4,[],2019-06-22 14:58:22,1441906.13714366,0.00000051,0.000000000054267213,7752980,2019-06-22 14:58:22,btc,2.869562607357875,0.0,0.00000051,btc,2955677.72674348,0.84047821,0.2941477162489137,9
0,[],28,[],2019-06-22 14:58:24,0.0,0,0,7752981,2019-06-22 14:58:24,,0.0,0.0,0,,0.0,0.0,0.0,9
0,[],2,[],2019-01-20 23:22:42,0.0,0,0,6476876,2019-01-20 23:22:42,,0.0,0.0,0,,0.0,0.0,0.0,9
0,[],23,[],2019-01-20 23:22:48,0.0,0,0,6476878,2019-01-20 23:22:48,,0.0,0.0,0,,0.0,0.0,0.0,9
1,[],1,[],2019-02-17 23:31:42,1822507.21,0.00000181000000000000003456111265232042484285557293333113193511962890625,0.000000000066086901,6701244,2019-02-17 23:31:42,btc,3.6990969245,17153386.5,0.00000181000000000000003456111265232042484285557293333113193511962890625,btc,1997391.71,31.11772986,3.2610482446,9
1,[],4,[],2019-02-17 11:22:43,4341674.27126056,0.00000002,0.0000000000007272960000000001,6696112,2019-02-17 11:22:43,btc,0.1997230937751353,0.0,0.00000002,btc,4109766.79808031,0.00215132,0.0479381022052112,10
1,[],4,[],2019-06-22 14:58:25,44441439.58627618,0.00000025,0.000000000026601575,7752982,2019-06-22 14:58:25,btc,7.4182916463983375,0.0,0.00000025,btc,9433449.39317125,0.84833466,1.5925982939599914,12
1,[],5,[],2019-06-22 14:58:26,0.0,0,0,7752983,2019-06-22 14:58:26,btc,0.0,0.07298684,0,btc,0.0,0.0,0.0,12
0.0,[],25,[],2019-06-22 14:58:27,0.0,0,0,7752984,2019-06-22 14:58:27,,0.0,0.0,0.0,btc,0.0,0.0,0.0,12
0,[],2,[],2019-01-20 23:23:08,0.0,0,0,6476890,2019-01-20 23:23:08,,0.0,0.0,0,,0.0,0.0,0.0,12
1,[],4,[],2019-06-22 14:58:29,495475.66714965,0.00000337,0.000000000358589231,7752985,2019-06-22 14:58:29,btc,1.9531552912569914,0.0,0.00000337,btc,312888.56641398,0.55118513,0.3213928442586122,13
1,[],21,[],2019-06-22 14:58:32,4399881.31102488,0.000003440000000000000098443388857,0.000000000366037672,7752986,2019-06-22 14:58:32,btc,1.930791781770736,600638.93441006,0.0000034400000000000000984433888573388315990086994133889675140380859375,btc,434546.7666936,2.11521736,3.995442158030336,13
1,[],10,[],2019-06-22 14:43:06,608110.53305143,0.00000329,0.000000000349394381,7752925,2019-06-22 14:43:06,btc,666798.4151211227,35410.5670722,0.00000329,btc,881464.86729117,0.0,0.2981194214799889,13
1,[],4,[],2019-06-22 14:58:33,1290321.26730078,0.00000074,0.000000000078740662,7752987,2019-06-22 14:58:33,btc,3.2568584970727454,0.0,0.00000074,btc,733035.55245743,0.4706547,0.3033619976006966,14
1,[],12,[],2019-06-22 14:58:35,207077.99146441,0.0000006,0.00000000006384378,7752988,2019-06-22 14:58:35,btc,194.74462706946895,0.0,0.0000006,btc,26242.792536509998,0.000590814651,0.012192769999981699,14
1,[],26,[],2019-06-22 15:00:35,0.0,0.00000050,0.00000000005320315,7752989,2019-06-22 15:00:35,btc,0.0,0.0,0.00000050,btc,0.0,0.0,0.0,14
0,[],17,[],2019-05-03 00:53:32,0.0,0,0,7558876,2019-05-03 00:53:32,btc,0.0,0.0,0,btc,0.0,0.0,0.0,14
0,[],4,[],2019-06-22 15:00:36,0.0,0,0,7752990,2019-06-22 15:00:36,,0.0,0.0,0,,0.0,0.0,0.0,15
,[],12,[],2018-12-01 15:15:48,204241.84496,0.00000489,0.000000000202473384,5260204,2018-12-01 15:15:48,btc,49.5475654835,0.0,,btc,35763.2193806,0.0163153972027625,0.0203389899998,15
1,[],4,[],2019-06-22 15:00:38,35299.24271543,0.00000965,0.000000001026820795,7752991,2019-06-22 15:00:38,btc,2.456940760073204,0.0,0.00000965,btc,17125.89355663,0.03134976,0.0812479702392413,18
1,[],10,[],2019-06-22 15:00:40,391950.80638979,0.00000969,0.000000001031077047,7752992,2019-06-22 15:00:40,btc,14.872510114777139,3235.98154004,0.00000969,btc,9103.09459383,0.0,0.1828432184931374,18
1,[],12,[],2019-06-22 15:00:42,3075.04963965,0.000009500000000000000523019128007007338965195231139659881591796875,0.00000000101085985,7752993,2019-06-22 15:00:42,btc,0.5375959397298509,0.0,0.000009500000000000000523019128007007338965195231139659881591796875,btc,1963.34171369,0.000736563273,0.0083675213398641,18
0,[],2,[],2019-01-20 23:23:38,0.0,0,0,6476906,2019-01-20 23:23:38,,0.0,0.0,0,,0.0,0.0,0.0,18
0,[],17,[],2019-05-03 00:53:39,0.0,0,0,7558882,2019-05-03 00:53:39,btc,0.0,0.0,0,btc,0.0,0.0,0.0,18
1,[],3,[],2019-06-22 15:02:42,156028.54830786507,0.000008549999999999999454277678501146198186688707210123538970947265625,0.0000000009097738649999999,7752994,2019-06-22 15:02:42,btc,193.187263821702,14665.307159,0.000008549999999999999454277678501146198186688707210123538970947265625,btc,18848.564230408814,0.0,0.07608003170714658,19
1,[],4,[],2019-06-22 15:02:43,338408.69743202,0.00000865,0.000000000920414495,7752995,2019-06-22 15:02:43,btc,6.3232212380107615,0.0,0.00000865,btc,265075.92317314,0.62679142,1.444062305322539,19
1,[],5,[],2019-06-22 15:02:44,0.0,0,0,7752996,2019-06-22 15:02:44,btc,0.0,0.01848937,0,btc,0.0,0.0,0.0,19
1,[],12,[],2019-06-22 15:02:45,109031.68295775,0.0000070199999999999997035075686990790444497179123573005199432373046875,0.0000000007469722259999999,7752997,2019-06-22 15:02:45,btc,1.2052276869748026,0.0,0.0000070199999999999997035075686990790444497179123573005199432373046875,btc,2973.67008334,0.0,0.0198974313763404,19
0,[],27,[],2019-06-22 15:02:51,0.0,0,0,7752998,2019-06-22 15:02:51,,0.0,0.0,0,btc,0.0,0.0,0.0,19
0,[],2,[],2019-01-20 23:24:19,0.0,0,0,6476924,2019-01-20 23:24:19,,0.0,0.0,0,,0.0,0.0,0.0,19
1,[],4,[],2019-06-22 15:02:52,10087097.23656777,0.00000005,0.000000000005320315,7752999,2019-06-22 15:02:52,btc,6.358699008884453,0.0,0.00000005,btc,2305311.3564439,0.0,0.1176747238096551,20
0,[],4,[],2019-06-22 15:02:53,0.0,0,0,7753000,2019-06-22 15:02:53,,5783.63110842884,0.0,0,,83493767.94349498,0.0,0.0,21
0,[],12,[],2019-06-22 15:02:54,0.0,0,0,7753001,2019-06-22 15:02:54,btc,2603.602572064875,0.0,0,btc,7530331.28571426,2.5974e-07,0.0,21
0,[],17,[],2019-05-03 00:53:51,0.0,0,0,7558891,2019-05-03 00:53:51,btc,0.0,0.0,0,btc,0.0,0.0,0.0,21
1,[],12,[],2019-06-22 15:04:56,5955297190.277,0.0000000004,0.00000000000004256252,7753002,2019-06-22 15:04:56,btc,1428620268572.4465,0.0,0.0000000004,btc,2695167476.4395604,0.027944831933,1.4871002327108003,23
0.0000000002862644,[],27,[],2019-06-22 15:05:01,63257310.0,8.587932e-18,9.138100687716e-22,7753003,2019-06-22 15:05:01,eth,1045.9750928770804,5471.0,0.00000003,eth,6255122.24779221,4.6984575972e-14,2.59556223469688e-10,23
1,[],4,[],2019-06-22 05:45:29,6100414.07522138,0.00000017,0.00000000001823352,7751732,2019-06-22 05:45:29,btc,10.22685272773715,0.0,0.00000017,btc,1790815.48208265,0.0,0.1345450262400025,24
0,[],22,[],2019-06-22 05:45:31,0.0,0,0,7751733,2019-06-22 05:45:31,,6.22e-05,0.0,0,,517.4264705882352,0.0,0.0,24
0.0,[],25,[],2019-06-22 05:45:32,0.0,0,0,7751734,2019-06-22 05:45:32,,0.0,0.0,0.0,btc,0.0,0.0,0.0,24
1,[],4,[],2019-06-22 15:05:02,26942127.29883571,0.00000403,0.000000000428817389,7753004,2019-06-22 15:05:02,btc,7.527170242940984,0.0,0.00000403,btc,205947.04520437,0.14466082,0.463410392160747,26
1,[],10,[],2019-06-22 15:05:04,163844.03723133,0.00000401,0.00000000042668926299999994,7753005,2019-06-22 15:05:04,btc,25.271471930308508,6248.90430708,0.00000401,btc,20297.59142845,0.0,0.0517720507514826,26
0,[],2,[],2019-01-20 23:25:56,0.0,0,0,6476976,2019-01-20 23:25:56,,0.0,0.0,0,,0.0,0.0,0.0,26
1,[],5,[],2019-04-26 09:47:06,0.0,0,0,7465326,2019-04-26 09:47:06,btc,0.0,0.0,0,btc,0.0,0.0,0.0,27
1,[],3,[],2019-06-17 14:30:26,13571825.64059417,0.00000001,0.00000000000092914,7740112,2019-06-17 14:30:26,btc,3.485049956644059,4264730.43754,0.00000001,btc,23500048.28518193,0.0,0.1357182564059417,27
1,[],11,[],2019-06-17 14:30:28,2031833.58157834,0.00000001,0.00000000000092914,7740113,2019-06-17 14:30:28,btc,67502.92060589766,32677.9652116,0.00000001,btc,6487362.95640949,0.0,0.0203183358157834,27
1,[],4,[],2019-06-22 15:05:05,898280948.8660743,0.00000001,0.000000000001064063,7753006,2019-06-22 15:05:05,btc,6.406802502422038,0.0,0.00000001,"btc,ltc",432999558.9369845,0.36400806,5.767030469516236,29
1,[],7,[],2019-06-22 15:05:06,88245545.39145988,0.00000001,0.000000000001064063,7753007,2019-06-22 15:05:06,btc,46548272.19345903,0.0,0.00000001,btc,36547448.58617425,0.0,0.8824554539145988,29
1,[],4,[],2019-06-22 15:05:06,15522975.90064791,0.00000005,0.000000000005320315,7753008,2019-06-22 15:05:06,btc,2.5874549169331815,0.0,0.00000005,btc,2237643.51667946,0.0,0.1731523644110231,30
0,[],17,[],2019-05-03 01:11:25,0.0,0,0,7559066,2019-05-03 01:11:25,btc,0.0,0.0,0,btc,0.0,0.0,0.0,30
1,[],4,[],2019-06-22 15:07:07,212748.6607014,0.00003724,0.000000003962570611999999,7753009,2019-06-22 15:07:07,btc,4.055126440592064,0.0,0.00003724,btc,58378.82422107,0.67086829,0.6728668998145338,31
1,[],21,[],2019-06-22 15:07:08,841572.34761879,0.00003792000000000000285802631561,0.000000004034926896,7753010,2019-06-22 15:07:08,btc,4.198393019080484,174878.89839666,0.000037920000000000002858026315610828760327422060072422027587890625,btc,86274.36921761,7.26292713,4.178178963917597,31
0,[],2,[],2019-01-20 23:28:43,0.0,0,0,6477009,2019-01-20 23:28:43,,0.0,0.0,0,,0.0,0.0,0.0,32
0,[],4,[],2019-06-22 15:07:09,0.0,0,0,7753011,2019-06-22 15:07:09,,0.0,0.0,0,,0.0,0.0,0.0,33
1,[],12,[],2019-03-30 07:55:10,40641173.964,0.00000003,0.000000000001228359,7108785,2019-03-30 07:55:10,btc,4233210.82356125,0.0,0.00000003,btc,28378394.68333462,0.0126927883965248,0.90752895892,33
0.0000000001317815,[],4,[],2019-06-22 15:07:10,148049135.1149076,6.325512e-17,6.730743275256e-21,7753012,2019-06-22 15:07:10,ltc,4.305055561845305,0.0,0.00000048,ltc,162316872.5389289,0.00027889,8.319269061276944e-10,34
1,[],5,[],2019-06-22 15:07:11,0.0,0,0,7753013,2019-06-22 15:07:11,btc,0.0,0.06445338,0,btc,0.0,0.0,0.0,34
0.0000000002926451,[],17,[],2019-05-02 18:17:47,200000.0,2.9264510000000002e-18,1.596703856561e-22,7556430,2019-05-02 18:17:47,eth,0.20942468735267253,0.0,0.00000001,"btc,eth",1018272.20243647,0.0,5.852902e-13,36
0.0000000001311821,[],4,[],2019-05-31 13:28:19,2417517744.0607657,1.311821e-18,1.105058333085e-22,7717483,2019-05-31 13:28:19,ltc,5.019900492391546e-08,0.0,0.00000001,ltc,7102398142.262129,0.0,3.171350544531538e-09,36
1,[],5,[],2019-05-31 13:28:21,0.0,0,0,7717484,2019-05-31 13:28:21,btc,0.0,0.0,0,btc,0.0,0.0,0.0,36
0.0000000003108179,[],27,[],2019-05-31 13:30:34,10388811.226876,6.216358000000001e-18,5.236566733830001e-22,7717485,2019-05-31 13:30:34,eth,1569.8708019850988,761866.634299,0.00000002,"ltc,eth",5084024.2511555,4.736034912207001e-12,3.3251980286483705e-11,36
1,[],4,[],2019-06-22 15:07:12,10359701.28399283,0.00000013,0.000000000013832819,7753014,2019-06-22 15:07:12,btc,19773.054319304425,0.0,0.00000013,btc,673601.4541959,0.01242068,0.1427965310594336,37
1,[],12,[],2019-06-22 15:07:13,4254648.54435103,0.00000013,0.000000000013832819,7753015,2019-06-22 15:07:13,btc,7.389666034224045,0.0,0.00000013,btc,1733838.20160672,0.025455030898,0.16061016505563358,37
1,[],27,[],2019-06-22 15:09:19,11304.0,0.00000019,0.000000000020217197,7753016,2019-06-22 15:09:19,btc,22.62970013895233,0.0,0.00000019,btc,4298.824295,0.0,0.00168776,37
1,[],17,[],2019-05-03 01:11:36,211752.74075282,0.00000025,0.000000000013700074999999998,7559074,2019-05-03 01:11:36,btc,0.055484923955058496,0.0,0.00000025,"btc,eth",1387.19918473,0.0,0.0005381851887916605,37
1,[],5,[],2019-06-22 15:09:20,0.0,0,0,7753017,2019-06-22 15:09:20,btc,0.0,0.36424339,0,btc,0.0,0.0,0.0,42
1,[],12,[],2019-06-22 15:09:22,217191.64719457,0.000001870000000000000095373470405946125794116596807725727558135986328125,0.000000000198979781,7753018,2019-06-22 15:09:22,btc,477.1278874142278,0.0,0.000001870000000000000095373470405946125794116596807725727558135986328125,btc,126551.83819096,0.216724658694,0.0825120549666763,42
1,[],27,[],2019-06-22 15:09:28,1581.0,0.0000005,0.00000000005320315,7753019,2019-06-22 15:09:28,btc,0.07600425,0.0,0.0000005,"btc,eth",18.0,0.0,0.0005435000003007494,42
1,[],12,[],2019-03-13 09:13:29,1112112.0,0.00000001,0.000000000000386531,6919902,2019-03-13 09:13:29,btc,29058.00478931866,0.0,0.00000001,btc,5967681.93306694,9.99000999e-07,0.01112112,43
1,[],5,[],2019-04-26 22:38:52,0.0,0,0,7474154,2019-04-26 22:38:52,btc,0.0,0.02638891,0,btc,0.0,0.0,0.0,43
0,[],17,[],2019-04-26 22:38:53,0.0,0,0,7474155,2019-04-26 22:38:53,btc,0.0,0.0,0,btc,0.0,0.0,0.0,43
1,[],12,[],2019-03-05 01:54:08,639326.02,0.00000004,0.000000000001486676,6845775,2019-03-05 01:54:08,btc,11116042.728239931,0.0,0.00000004,btc,1103841.4595604,0.0003330765234764,0.014975410599999999,44
0.0000000001317815,[],4,[],2019-06-22 15:09:29,106891905.88565655,5.1394784999999997e-17,5.4687289111455e-21,7753020,2019-06-22 15:09:29,ltc,1601.907165057469,0.0,0.00000039,ltc,26095076.72896898,0.00299403,6.347064801307103e-10,49
0.0000000001317815,[],4,[],2019-06-22 15:09:29,319239170.3011559,2.7674115e-17,2.9447001829244998e-21,7753021,2019-06-22 15:09:29,ltc,27281.79134040881,0.0,0.00000021,ltc,181313718.30630267,0.0,2.574418923130321e-09,52
0,[],22,[],2019-06-22 15:09:32,0.0,0,0,7753022,2019-06-22 15:09:32,,10289.80784133,0.0,0,,287058287.4566013,0.0,0.0,57
0,[],27,[],2019-06-22 15:09:39,0.0,0,0,7753023,2019-06-22 15:09:39,,0.0,0.0,0,"btc,eth",0.0,0.0,0.0,57
0,[],4,[],2019-06-22 15:09:40,0.0,0,0,7753024,2019-06-22 15:09:40,,19.71697427389244,0.0,0,,5712657275.547043,0.0,0.0,58
1,[],12,[],2019-06-22 15:09:41,563904249.1,0.0000000001,0.00000000000001064063,7753025,2019-06-22 15:09:41,btc,34226087.5871988,0.0,0.0000000001,btc,2960479779.154802,0.025813013084,0.05639042491000001,58
0.00000000010519010000000001,[],22,[],2019-06-22 15:11:44,126877.0,1.051901e-18,1.119288933763e-22,7753026,2019-06-22 15:11:44,XMR,68.17454206,0.0,0.00000001,XMR,9626402.6,0.0,0.00126877,58
1,[],17,[],2019-05-03 01:12:09,1200000.0,0.0000000001,0.00000000000000548003,7559085,2019-05-03 01:12:09,btc,1e+24,0.0,0.0000000001,"btc,eth",39516342.31952568,0.0,0.00010000000058666061,58
1,[],5,[],2019-06-17 14:31:27,0.0,0,0,7740135,2019-06-17 14:31:27,btc,0.0,0.00079154,0,btc,0.0,0.0,0.0,61
1,[],22,[],2019-06-17 14:31:30,13612.833333333334,0.00000012,0.00000000001114968,7740136,2019-06-17 14:31:30,BTC,1002.29123003,0.0,0.00000012,BTC,15014.200177125656,0.0,0.00153257,61
1,[],26,[],2019-06-17 14:31:30,0.0,0.00000050,0.000000000046457,7740137,2019-06-17 14:31:30,btc,0.0,0.0,0.00000050,btc,0.0,0.0,0.0,61
1,[],27,[],2019-06-17 14:31:36,8400.0,0.00000018,0.00000000001672452,7740138,2019-06-17 14:31:36,btc,1.9742539297246655,0.0,0.00000018,"btc,eth",10953.51663696,0.0,0.001512,61
0,[],28,[],2019-06-17 14:31:38,0.0,0,0,7740139,2019-06-17 14:31:38,,0.0,0.0,0,,0.0,0.0,0.0,61
1,[],4,[],2019-06-22 15:11:45,684255.56099903,0.00000074,0.000000000078740662,7753027,2019-06-22 15:11:45,btc,3.679330419051785,0.0,0.00000074,btc,1303397.84563306,0.14797877,0.37485771927549,67
0.0,[],25,[],2019-06-22 15:11:47,0.0,0,0,7753028,2019-06-22 15:11:47,,0.0,0.0,0.0,btc,0.0,0.0,0.0,67
1,[],12,[],2019-06-02 06:23:14,910048.355,0.00000006,0.000000000005154929999999999,7725270,2019-06-02 06:23:14,btc,5.167005424215783,0.0,0.00000006,btc,738530.60239759,0.003159757462,0.0187188113,71
,[],5,[],2018-11-20 23:02:39,1.5e-07,0.00000005,0.000000000002128045,4862160,2018-11-20 23:02:39,btc,2.84511358,0.0,,btc,0.00036572,0.0,0.07381892,74
1,[],5,[],2019-06-22 15:11:48,0.0,0,0,7753029,2019-06-22 15:11:48,btc,0.0,0.00611546,0,btc,0.0,0.0,0.0,75
1,[],4,[],2019-06-04 03:25:15,715281.46076168,0.00000001,0.000000000000803619,7734085,2019-06-04 03:25:15,btc,581089.6218469425,0.0,0.00000001,btc,37692563.61091116,0.0,0.0071528146076168,81
0,[],20,[],2019-01-25 09:30:31,0.0,0,0,6495923,2019-01-25 09:30:31,btc,0.0,0.0,0,btc,0.0,0.0,0.0,81
1,[],4,[],2019-06-22 15:11:49,206879.60432322,0.00009004,0.000000009580823252,7753030,2019-06-22 15:11:49,btc,57.3561229954261,0.0,0.00009004,btc,115905.89370981,0.56891048,0.3140651684382669,82
1,[],21,[],2019-06-22 15:11:51,79097.71103649,0.00008524999999999999863043581572,0.000000009071137075,7753031,2019-06-22 15:11:51,btc,7.482122875882053,33331.91869714,0.000085249999999999998630435815716310798961785621941089630126953125,btc,67535.55847317,3.08717886,4.490976424522497,82
0,[],17,[],2019-03-25 22:42:34,0.0,0,0,7038780,2019-03-25 22:42:34,btc,0.0445064681804024,0.0,0,btc,995513.18476001,0.0,0.0,84
0.0000000001161485,[],4,[],2019-05-20 13:09:39,216715621.0206096,1.161485e-18,9.0533806701e-23,7657228,2019-05-20 13:09:39,ltc,1.6511566870244727,0.0,0.00000001,ltc,471032407.9048656,0.0,2.5171194308112273e-10,85
,[],22,[],2018-11-20 23:09:34,3408.1,0.0000001,0.0000000000041895,4862324,2018-11-20 23:09:34,BTC,0.04624735,0.0,,BTC,4990.0,0.0,0.00033081,86
1,[],22,[],2019-06-22 15:11:54,99694.0,0.00000005,0.000000000005320315,7753032,2019-06-22 15:11:54,BTC,1.80746553,0.0,0.00000005,BTC,178624.94736842104,0.00102638,0.00247846,87
1,[],27,[],2019-06-22 15:12:01,269536.0,0.00000003,0.0000000000031921889999999998,7753033,2019-06-22 15:12:01,btc,2.00927544326,0.0,0.00000003,btc,549681.402,0.0,0.00708608,87
,[],2,[],2018-11-20 23:10:47,0.0,0,0,4862359,2018-11-20 23:10:47,,0.0,0.0,,,0.0,0.0,0.0,88
1,[],11,[],2019-06-17 14:31:59,193715.3529613,0.000073310000000000001140094962881477158589405007660388946533203125,0.00000000681152534,7740147,2019-06-17 14:31:59,btc,168.35454702024953,5791.70569014,0.000073310000000000001140094962881477158589405007660388946533203125,btc,196971.41170107,0.0,1.1996165759440112,89
0,[],2,[],2019-01-20 23:31:45,0.0,0,0,6477083,2019-01-20 23:31:45,,0.0,0.0,0,,0.0,0.0,0.0,91
1,[],12,[],2019-06-18 02:35:48,427715.74,0.00000015,0.000000000013911045000000001,7746087,2019-06-18 02:35:48,btc,116.61022144471085,0.0,0.00000015,btc,193315.55943968,0.000180759303,0.0129558314,91
1,[],22,[],2019-06-20 20:27:07,75910.0,0.00000002,0.000000000001914908,7746207,2019-06-20 20:27:07,BTC,0.49565371,0.0,0.00000002,"BTC,LTC",6.384990670617935,0.0,0.0016592,91
0,[],17,[],2019-05-03 01:12:26,0.0,0,0,7559096,2019-05-03 01:12:26,btc,0.0,0.0,0,btc,0.0,0.0,0.0,91
1,[],22,[],2019-06-22 15:12:06,105655.66666666667,0.00000003,0.0000000000031921889999999998,7753034,2019-06-22 15:12:06,BTC,11.33876036,0.0,0.00000003,"BTC,LTC",298418.0280038263,3.162756e-13,0.06677967,95
0.0000000001317815,[],4,[],2019-06-22 15:12:07,540443690.5447621,2.63563e-17,2.80447636469e-21,7753035,2019-06-22 15:12:07,ltc,11.330212443053114,0.0,0.0000002,ltc,157061359.96749604,0.0,8.679999937848819e-10,96
0,[],12,[],2019-06-22 15:12:08,0.0,0,0,7753036,2019-06-22 15:12:08,btc,36.47442279859141,0.0,0,btc,9856633.85914086,0.0,0.0,96
0,[],17,[],2019-05-03 01:12:32,0.0,0,0,7559100,2019-05-03 01:12:32,btc,0.0,0.0,0,btc,0.0,0.0,0.0,96
1,[],4,[],2019-04-14 03:32:46,1039404.33283278,0.00000038,0.000000000019245518,7293458,2019-04-14 03:32:46,btc,4.170086055365747,0.0,0.00000038,btc,3097704.34561074,0.06260606,0.1859928211030784,99
1,[],4,[],2019-06-22 15:14:08,245165.44034996,0.00001250,0.0000000013300787499999998,7753037,2019-06-22 15:14:08,btc,7.028806644212987,0.0,0.00001250,btc,158268.32236405,0.47974876,0.1989717145421945,100
0,[],2,[],2019-01-20 23:23:55,0.0,0,0,6476914,2019-01-20 23:23:55,,0.0,0.0,0,,0.0,0.0,0.0,100
1,[],22,[],2019-06-05 06:30:35,150000.0,0.00000002,0.000000000001558192,7740007,2019-06-05 06:30:35,BTC,28.56386409,0.0,0.00000002,BTC,12787.719,0.0,0.0017,101
1,[],4,[],2019-06-22 15:14:09,439031.77546199,0.00000164,0.000000000174506332,7753038,2019-06-22 15:14:09,btc,633.6691578331354,0.0,0.00000164,btc,721244.23946881,0.09290573,0.0795275604005998,103
1,[],12,[],2019-06-17 14:32:14,179201505.10870332,0.000000005,0.00000000000046457,7740154,2019-06-17 14:32:14,btc,113577.79366343976,0.0,0.000000005,btc,79148141.67831126,0.019059029059,0.27280986350611003,105
1,[],27,[],2019-06-17 14:32:19,18306828.03496503,0.00000002,0.00000000000185828,7740155,2019-06-17 14:32:19,btc,180.7198218385489,1083.96503497,0.00000002,btc,276513.60142659,7.588e-05,0.3661365606993006,105
1,[],22,[],2019-04-21 00:17:26,21333.0,0.00000001,0.000000000000532493,7385819,2019-04-21 00:17:26,BTC,51.38182867,0.0,0.00000001,BTC,470435.0,0.0,0.00021333,107
1,[],26,[],2019-04-21 00:17:26,0.0,0.00000000,0,7385820,2019-04-21 00:17:26,btc,0.0,0.0,0.00000000,btc,0.0,0.0,0.0,107
1,[],5,[],2019-06-22 15:14:14,0.0,0,0,7753039,2019-06-22 15:14:14,btc,0.0,0.0,0,btc,0.0,0.0,0.0,112
0,[],22,[],2019-06-22 15:14:16,0.0,0,0,7753040,2019-06-22 15:14:16,,6.79500102,0.0,0,,3375892.0833333335,0.0,0.0,112
1,[],27,[],2019-06-22 15:14:26,1.0,0.00000001,0.000000000001064063,7753041,2019-06-22 15:14:26,btc,1.14885,0.0,0.00000001,"btc,eth",39.0,0.0,1e-08,112
1,[],4,[],2019-06-22 15:14:26,1026401.99118027,0.00000061,0.000000000064907843,7753042,2019-06-22 15:14:26,btc,4.725962534305739,0.0,0.00000061,btc,774156.00453654,0.0405204,0.2147914523772931,113
1,[],5,[],2019-06-22 15:14:27,0.0,0,0,7753043,2019-06-22 15:14:27,btc,0.0,0.0,0,btc,0.0,0.0,0.0,113
1,[],17,[],2019-04-26 02:17:47,162738.278,0.00000004,0.0000000000021069000000000002,7461287,2019-04-26 02:17:47,btc,1.3331140273775473,0.0,0.00000004,btc,51796.221,0.0,0.00230953112,116
1,[],27,[],2019-05-22 05:13:01,210000.0,0.00000001,0.00000000000079145,7666372,2019-05-22 05:13:01,btc,3919.0005001478,0.0,0.00000001,btc,128660.871,0.0,0.0021,116
1,[],4,[],2019-05-21 22:31:11,138169.03963019,0.00000701,0.000000000558364025,7664793,2019-05-21 22:31:11,btc,150.95388250938234,0.0,0.00000701,btc,344631.17141974,0.07552974,0.4288357684941946,120
1,[],7,[],2019-05-21 22:31:12,3901.07750076,0.000010679999999999999389654892212320191902108490467071533203125,0.0000000008506887,7664794,2019-05-21 22:31:12,btc,231188.94669936574,0.0,0.000010679999999999999389654892212320191902108490467071533203125,btc,4133.83151364,0.0,0.0113888422364489,120
1,[],20,[],2019-04-07 18:42:29,1914137.0852,0.000000035,0.0000000000017871910000000002,7211992,2019-04-07 18:42:29,btc,32.2497668025648,25528.85,0.000000035,btc,1001975.4986,0.00089350975,0.0152723574729,125
1,[],22,[],2019-06-17 14:32:38,10000.0,0.00000001,0.00000000000092914,7740161,2019-06-17 14:32:38,BTC,0.032061,0.0,0.00000001,BTC,299316.7611111111,0.0,0.0001,126
1,[],4,[],2019-06-22 15:14:28,2941625.08444673,0.00000340,0.00000000036178142,7753044,2019-06-22 15:14:28,btc,2.3854823598479,0.0,0.00000340,btc,180188.48803078,0.16808207,0.4519944659400833,131
0,[],2,[],2019-01-20 23:25:46,0.0,0,0,6476969,2019-01-20 23:25:46,,0.0,0.0,0,,0.0,0.0,0.0,131
1,[],17,[],2019-05-03 01:13:10,10000.0,0.00000001,0.000000000000548003,7559115,2019-05-03 01:13:10,btc,0.0953976503951408,0.0,0.00000001,btc,5037.62507334,0.0,0.0001,131
1,[],4,[],2019-06-17 14:32:42,4848.49465417,0.00007919,0.00000000735785966,7740163,2019-06-17 14:32:42,btc,0.9905723729472744,0.0,0.00007919,btc,202.13055914,0.0,0.0061509344290166,135
1,[],3,[],2019-06-05 06:33:11,40600.27748212,0.00000001,0.000000000000779096,7740019,2019-06-05 06:33:11,btc,0.2308097808993716,2146378.52189,0.00000001,btc,2477992.76904676,0.0,0.0004060027748212,136
1,[],4,[],2019-06-22 15:16:29,401295.75504626,0.00000170,0.00000000018089071,7753045,2019-06-22 15:16:29,btc,110.29911856264125,0.0,0.00000170,btc,583585.85824819,0.01618957,0.4630063439532142,137
1,[],12,[],2019-06-22 15:16:30,66502.59895524,0.00000154999999999999998279913253351747215447176131419837474822998046875,0.00000000016492976499999998,7753046,2019-06-22 15:16:30,btc,79.71323161507856,0.0,0.00000154999999999999998279913253351747215447176131419837474822998046875,btc,81717.92097078,0.00239637,0.0144724499999657,137
1,[],4,[],2019-06-22 15:16:31,278603.32188495,0.00001418,0.0000000015088413339999998,7753047,2019-06-22 15:16:31,btc,6.615750261260532,0.0,0.00001418,btc,162226.08891411,0.39939109,0.3887875793112695,142
1,[],5,[],2019-06-22 15:16:32,0.0,0,0,7753048,2019-06-22 15:16:32,btc,0.0,0.01962532,0,btc,0.0,0.0,0.0,142
1,[],22,[],2019-06-22 15:20:36,10715.0,0.00001299,0.0000000013822178369999999,7753049,2019-06-22 15:20:36,BTC,2.99759384,0.0,0.00001299,BTC,835.7198755539798,0.0,0.00540125,142
0.0,[],25,[],2019-06-22 15:20:37,0.0,0,0,7753050,2019-06-22 15:20:37,,0.0,0.0,0.0,btc,0.0,0.0,0.0,142
0,[],28,[],2019-06-22 15:20:39,0.0,0,0,7753051,2019-06-22 15:20:39,,0.0,0.0,0,,0.0,0.0,0.0,142
1,[],20,[],2019-06-22 14:04:56,267697.0703,0.0000161,0.0000000017830428,7752866,2019-06-22 14:04:56,btc,1.6059467263571,49.8243,0.0000161,btc,9785.9727,0.000802304178,0.0187514622698,142
1,[],17,[],2019-05-03 01:13:16,32967.38636364,0.00000088,0.000000000048224264,7559122,2019-05-03 01:13:16,btc,20.06976206696776,0.0,0.00000088,btc,2746.079105,0.0,0.0105613000000032,142
0,[],22,[],2019-06-22 15:20:41,0.0,0,0,7753052,2019-06-22 15:20:41,,1635.98618676,0.0,0,,788450755.3,0.0,0.0,143
0,[],22,[],2019-02-25 15:42:22,0.0,0,0,6783783,2019-02-25 15:42:22,,4.2131946,0.0,0,,2322156.0,0.0,0.0,146
,[],22,[],2018-11-20 23:01:11,0.0,0,0,4862114,2018-11-20 23:01:11,,2.56807021,0.0,,,61828.4988236,0.0,0.0,147
1,[],12,[],2019-04-21 06:38:04,193091.5971266,0.00000071,0.000000000037635183,7388679,2019-04-21 06:38:04,btc,2.301232411611175,0.0,0.00000071,btc,9957.48302385,0.00023528,0.0313308199999888,148
1,[],4,[],2019-03-19 21:31:25,255810.0415942,0.00000029,0.000000000011615747,6982695,2019-03-19 21:31:25,btc,218.94922712414143,0.0,0.00000029,btc,793529.37642722,0.00117,0.0608347789473395,152
0,[],22,[],2019-03-19 21:31:27,0.0,0,0,6982696,2019-03-19 21:31:27,,0.0,0.0,0,,0.0,0.0,0.0,152
1,[],5,[],2019-04-26 09:36:59,0.0,0,0,7465040,2019-04-26 09:36:59,btc,0.0,0.0,0,btc,0.0,0.0,0.0,153
,[],16,[],2019-01-11 15:38:59,0.0,0,0,6366141,2019-01-11 15:38:59,btc,0.0,0.0,,btc,0.0,0.0,0.0,155
0,[],23,[],2019-01-20 23:24:29,0.0,0,0,6476932,2019-01-20 23:24:29,,0.0,0.0,0,,0.0,0.0,0.0,156
0,[],22,[],2019-06-04 06:02:09,0.0,0,0,7734688,2019-06-04 06:02:09,,7.43375324,0.0,0,,5955762.942592593,0.0,0.0,156
1,[],22,[],2019-06-22 15:20:45,6996.0,0.00000001,0.000000000001064063,7753053,2019-06-22 15:20:45,BTC,1.7543039,0.0,0.00000001,BTC,57.0,0.0,6.996e-05,157
0,[],22,[],2019-05-21 23:40:32,0.0,0,0,7665049,2019-05-21 23:40:32,,50234.60468402,0.0,0,,54786159.03179465,0.0,0.0,158
,[],17,[],2018-11-20 22:56:10,0.0,0,0,4861976,2018-11-20 22:56:10,btc,1.1265625,0.0,,btc,1000.0,0.0,0.0,159
,[],20,[],2018-11-20 22:56:12,0.0,0,0,4861977,2018-11-20 22:56:12,btc,11912.7940471,0.0,,btc,34413894.3617,0.0,0.0,159
1,[],12,[],2019-05-24 02:51:20,9178.522006449999,0.00000191999999999999982841307998027158276954651228152215480804443359375,0.000000000151222656,7676256,2019-05-24 02:51:20,btc,149.80414728631675,0.0,0.00000191999999999999982841307998027158276954651228152215480804443359375,btc,1115.7451448499999,0.01783167678326,0.0120075778999181,168
1,[],17,[],2019-05-03 01:13:36,42852.0,0.00000002,0.000000000001096006,7559132,2019-05-03 01:13:36,btc,0.04279856251542,0.0,0.00000002,btc,274.46171372,0.0,0.00052852,168
1,[],22,[],2019-05-17 03:01:52,10.0,0.00000001,0.000000000000778341,7642059,2019-05-17 03:01:52,BTC,41.95893009,0.0,0.00000001,BTC,1753972.7737547632,0.0,1e-07,169
1,[],22,[],2019-05-30 08:38:18,202834.0,0.00000002,0.0000000000017416160000000001,7711049,2019-05-30 08:38:18,BTC,27.87002826,0.0,0.00000002,BTC,462189.5410507793,0.0,0.00211768,171
1,[],22,[],2019-05-29 08:05:18,349870.0,0.00000002,0.000000000001705894,7705265,2019-05-29 08:05:18,BTC,24.05907723,0.0,0.00000002,"BTC,LTC",1224285.4355616204,0.0,0.0039847,173
1,[],5,[],2019-06-22 15:20:47,0.0,0,0,7753054,2019-06-22 15:20:47,btc,0.0,0.05793647,0,btc,0.0,0.0,0.0,175
1,[],22,[],2019-06-17 14:33:12,90671.0,0.00000001,0.00000000000092914,7740175,2019-06-17 14:33:12,BTC,394.35459412,0.0,0.00000001,BTC,136275.61833431243,0.0,0.00090671,176
1,[],7,[],2019-06-22 15:20:48,0.0,0,0,7753055,2019-06-22 15:20:48,btc,522272.59332550765,0.0,0,btc,27797161.52350164,0.0,0.0,178
0,[],22,[],2019-06-22 15:20:50,0.0,0,0,7753056,2019-06-22 15:20:50,,1.00242428,0.0,0,,57512.0,0.0,0.0,178
0,[],2,[],2019-01-20 23:28:34,0.0,0,0,6477001,2019-01-20 23:28:34,,0.0,0.0,0,,0.0,0.0,0.0,178
1,[],5,[],2019-06-22 15:20:51,0.0,0,0,7753057,2019-06-22 15:20:51,btc,0.0,0.00580668,0,btc,0.0,0.0,0.0,179
0,[],22,[],2019-06-22 15:20:53,0.0,0,0,7753058,2019-06-22 15:20:53,,5.17403917,0.0,0,,13450788.311946675,0.0,0.0,179
0,[],23,[],2019-01-20 23:25:08,0.0,0,0,6476952,2019-01-20 23:25:08,,0.0,0.0,0,,0.0,0.0,0.0,179
1,[],22,[],2019-06-22 15:22:57,715616.7070953437,0.00000041,0.000000000043626583,7753059,2019-06-22 15:22:57,BTC,40.58883085,0.0,0.00000041,"BTC,LTC",149972.62502857723,0.00900532,0.56395477,180
1,[],26,[],2019-06-22 15:22:57,0.0,0.00000010,0.00000000001064063,7753060,2019-06-22 15:22:57,btc,0.0,0.0,0.00000010,btc,0.0,0.0,0.0,180
1,[],17,[],2019-05-03 01:13:56,20504.725000000002,0.0000001,0.00000000000548003,7559141,2019-05-03 01:13:56,btc,5.2010695838400265,0.0,0.0000001,btc,5033.45945,0.0,0.0011504725,180
,[],7,[],2018-11-20 22:58:01,562227.975654,0.00000085,0.000000000036176765,4862015,2018-11-20 22:58:01,btc,21836.6059674,2491.87645172,,btc,749999.041456,0.00211021,0.127565380455,183
,[],5,[],2019-01-10 08:11:41,0.0,0,0,6347036,2019-01-10 08:11:41,btc,82.15055501,0.00261,,btc,1.19002445,0.0,0.0,187
,[],17,[],2018-11-16 20:58:10,4062536.27273,0.00000001,0.000000000000550501,4708775,2018-11-16 20:58:10,btc,3.36492563466,0.195460381006,,"btc,eth",110697919.549,0.0,0.0157628953496,187
1,[],24,[],2019-05-22 21:04:52,0.0,0.000000000014,0.0000000000000010960978,7670219,2019-05-22 21:04:52,btc,0.0,0.0,0.000000000014,btc,0.0,0.0,0.0,187
0,[],22,[],2019-04-25 02:54:07,0.0,0,0,7447896,2019-04-25 02:54:07,,7.54794454,0.0,0,,76361.7243344055,0.0,0.0,191
0,[],22,[],2019-06-17 14:33:34,0.0,0,0,7740182,2019-06-17 14:33:34,,0.0,0.0,0,,0.0,0.0,0.0,197
0,[],23,[],2019-01-20 23:31:41,0.0,0,0,6477079,2019-01-20 23:31:41,,0.0,0.0,0,,0.0,0.0,0.0,199
0,[],22,[],2019-06-22 15:23:00,0.0,0,0,7753061,2019-06-22 15:23:00,,10.58263174,0.0,0,,84280969.0,0.0,0.0,199
1,[],26,[],2019-06-22 15:23:00,0.0,0.00000000,0,7753062,2019-06-22 15:23:00,btc,0.0,0.0,0.00000000,btc,0.0,0.0,0.0,199
0,[],2,[],2019-01-20 23:30:49,0.0,0,0,6477059,2019-01-20 23:30:49,,0.0,0.0,0,,0.0,0.0,0.0,201
1,[],4,[],2019-01-25 15:51:35,2084389.58565343,0.00000936,0.000000000333526752,6499557,2019-01-25 15:51:35,btc,2.0092503037378524,0.0,0.00000936,btc,160195.80207885,0.19272417,1.242687955921835,211
1,[],7,[],2019-06-22 15:23:03,1170054124.6898527,0.00000018,0.000000000019153134,7753063,2019-06-22 15:23:03,btc,1346838.7838339163,0.0,0.00000018,btc,5759479.26464841,0.0,11.954344045954047,212
1,[],12,[],2019-01-25 02:44:32,207462.42853209,0.000001080000000000000035831255497387193287295303889550268650054931640625,0.000000000038610756000000006,6493050,2019-01-25 02:44:32,btc,85023.03793723314,0.0,0.000001080000000000000035831255497387193287295303889550268650054931640625,btc,43675.73520027,0.000146250909087,0.0348620860622024,213
1,[],5,[],2019-05-30 00:07:46,0.0,0,0,7709357,2019-05-30 00:07:46,btc,0.0,0.06425239,0,btc,0.0,0.0,0.0,213
1,[],24,[],2019-05-30 00:07:46,0.0,0.000000399202,0.0000000000344859829346,7709358,2019-05-30 00:07:46,btc,0.0,0.0,0.000000399202,btc,0.0,0.0,0.0,213
1,[],26,[],2019-05-30 00:07:47,0.0,0.00000040,0.000000000034554919999999996,7709359,2019-05-30 00:07:47,btc,0.0,0.0,0.00000040,btc,0.0,0.0,0.0,213
0,[],22,[],2019-06-22 15:23:06,0.0,0,0,7753064,2019-06-22 15:23:06,,9.56923849,0.0,0,,3661587.2040649247,0.0,0.0,216
0,[],27,[],2019-06-22 15:23:13,0.0,0,0,7753065,2019-06-22 15:23:13,,95.7702712515382,0.0,0,"btc,ltc",591812.12538,0.0,0.0,216
1,[],22,[],2019-06-22 15:23:16,470369.3852813853,0.00000028,0.000000000029793763999999996,7753066,2019-06-22 15:23:16,BTC,12055.91850075,0.0,0.00000028,BTC,505153.4678921843,0.00331983,0.02821042,217
1,[],7,[],2019-06-22 15:23:17,0.0,0,0,7753067,2019-06-22 15:23:17,btc,1234862.069144521,0.0,0,btc,89337195.01569474,0.0,0.0,219
0,[],27,[],2019-06-22 15:23:23,0.0,0,0,7753068,2019-06-22 15:23:23,,250.34372354432625,0.0,0,btc,5709879.26511325,0.0,0.0,219
0,[],28,[],2019-06-22 15:25:24,0.0,0,0,7753069,2019-06-22 15:25:24,,0.0,0.0,0,,0.0,0.0,0.0,219
1,[],22,[],2019-05-23 16:41:05,172069.0,0.00000004,0.0000000000031167080000000004,7674065,2019-05-23 16:41:05,BTC,56.76466137,0.0,0.00000004,BTC,127061.6482738741,0.0,0.00393676,221
1,[],24,[],2019-05-23 16:41:05,0.0,0.000000010000,0.0000000000007791770000000001,7674066,2019-05-23 16:41:05,btc,0.0,0.0,0.000000010000,btc,0.0,0.0,0.0,221
1,[],20,[],2019-06-17 14:34:11,26882155.8301,0.000000003,0.000000000000278742,7740192,2019-06-17 14:34:11,btc,100050.81956632523,233521.3529,0.000000003,btc,38769742.8604,0.0007925640587,0.0306863532672,224
0,[],22,[],2019-06-17 14:34:13,0.0,0,0,7740193,2019-06-17 14:34:13,,0.0,0.0,0,,0.0,0.0,0.0,224
1,[],26,[],2019-06-22 15:25:24,0.0,0.00000022,0.000000000023409385999999998,7753070,2019-06-22 15:25:24,btc,0.0,0.0,0.00000022,btc,0.0,0.0,0.0,231
1,[],26,[],2019-06-22 15:25:25,0.0,0.00000005,0.000000000005320315,7753071,2019-06-22 15:25:25,btc,0.0,0.0,0.00000005,btc,0.0,0.0,0.0,234
0.0000000002862644,[],27,[],2019-06-22 15:25:31,100.0,2.862644e-18,3.0460335625719997e-22,7753072,2019-06-22 15:25:31,eth,0.0,0.0,0.00000001,"btc,eth",0.0,0.0,2.862644e-16,234
1,[],4,[],2019-05-22 17:06:12,91780.56053785,0.00000078,0.000000000061977552,7669277,2019-05-22 17:06:12,btc,5.573372450018177,0.0,0.00000078,btc,729173.93529783,0.0,0.0307060663355679,236
1,[],24,[],2019-05-22 17:06:12,0.0,0.000000010000,0.000000000000794584,7669278,2019-05-22 17:06:12,btc,0.0,0.0,0.000000010000,btc,0.0,0.0,0.0,236
1,[],5,[],2019-06-22 15:25:33,0.0,0,0,7753073,2019-06-22 15:25:33,btc,0.0,3.9271831,0,btc,0.0,0.0,0.0,237
1,[],20,[],2019-06-22 15:25:34,49271515.1166,0.000000086,0.0000000000091509418,7753074,2019-06-22 15:25:34,btc,8172549.519569134,33405205.2289,0.000000086,btc,40566101.1793,3.3536775025784,1.0755319494354,237
1,[],22,[],2019-06-22 15:25:38,2084614.0,0.00000004,0.000000000004256252,7753075,2019-06-22 15:25:38,BTC,1.20112207,0.0,0.00000004,"BTC,LTC",14507.148717948718,0.0,0.02587451,237
1,[],4,[],2019-06-22 15:25:39,42072488.51387001,0.00000007,0.000000000007448440999999999,7753076,2019-06-22 15:25:39,btc,2.582186040742413,0.0,0.00000007,btc,11798574.26768783,0.06871,0.8809206399068991,238
1,[],5,[],2019-06-22 15:25:40,0.0,0,0,7753077,2019-06-22 15:25:40,btc,0.0,0.0003047,0,btc,0.0,0.0,0.0,238
0,[],22,[],2019-03-12 16:49:32,0.0,0,0,6914458,2019-03-12 16:49:32,,0.40415746,0.0,0,,526736.5639027493,0.0,0.0,249
0,[],22,[],2019-05-28 23:53:45,0.0,0,0,7703643,2019-05-28 23:53:45,,13.44714864,0.0,0,,43777534.3426455,0.0,0.0,252
0,[],28,[],2019-06-22 15:25:43,0.0,0,0,7753078,2019-06-22 15:25:43,,0.0,0.0,0,,0.0,0.0,0.0,256
1,[],22,[],2019-06-22 15:25:47,569233.0,0.00000001,0.000000000001064063,7753079,2019-06-22 15:25:47,BTC,31464.57209997,0.0,0.00000001,BTC,1031955.2230878276,3.836e-05,0.00569233,258
1,[],22,[],2019-05-19 18:12:02,400.0,0.00000001,0.0000000000007957800000000001,7653905,2019-05-19 18:12:02,BTC,2.415167,0.0,0.00000001,BTC,157.0,0.0,4e-06,259
1,[],5,[],2019-06-22 15:25:48,0.0,0,0,7753080,2019-06-22 15:25:48,btc,0.0,0.04402129,0,btc,0.0,0.0,0.0,264
1,[],20,[],2019-06-22 15:25:50,911099.5057,0.000000422,0.000000000044903458599999995,7753081,2019-06-22 15:25:50,btc,1.0312197555547,0.0,0.000000422,btc,62959.9021,0.0,0.0075282604538,264
0,[],22,[],2019-04-12 17:57:27,0.0,0,0,7278186,2019-04-12 17:57:27,,66.37522201,0.0,0,,677842.4169881374,0.0,0.0,271
0,[],22,[],2019-06-22 15:25:52,0.0,0,0,7753082,2019-06-22 15:25:52,,33050469.74148113,0.0,0,,14261527780.7,0.0,0.0,272
0,[],28,[],2019-06-22 15:25:53,0.0,0,0,7753083,2019-06-22 15:25:53,,0.0,0.0,0,,0.0,0.0,0.0,272
1,[],22,[],2019-05-23 07:12:29,219930.0,0.00000004,0.000000000003048688,7671985,2019-05-23 07:12:29,BTC,426.77835217,0.0,0.00000004,BTC,248664.3325962929,0.0,0.00739728,281
0.0000000001317815,[],22,[],2019-06-22 15:25:57,4541.1,1.317815e-16,1.402238182345e-20,7753084,2019-06-22 15:25:57,LTC,2.67528104,0.0,0.00000100,LTC,1047157.7426726611,0.0,0.0045411,286
0,[],22,[],2019-06-17 14:34:53,0.0,0,0,7740207,2019-06-17 14:34:53,,7337915.80475575,0.0,0,,2078527309.6797826,0.0,0.0,294
