pairValue,buyBook,exchangeId,sellBook,updated,buyTotal,satoshiPrice,usdPrice,exchangeLogId,created,bestPair,sellTotalBtc,volume,pairPrice,activePairs,sellTotal,volumeBtc,buyTotalBtc,coinId
0,[],2,[],2019-01-20 23:28:45,0.0,0,0,6477011,2019-01-20 23:28:45,,0.0,0.0,0,,0.0,0.0,0.0,1
1,[],3,[],2019-03-10 13:18:10,30539.08837376165,0.012535839999999999483382140397225157357752323150634765625,0.000000488971721456,6895068,2019-03-10 13:18:10,btc,61.13936759243394,0.0,0.012535839999999999483382140397225157357752323150634765625,btc,27.374702483815,0.0,0.2351451270009859,1
1,[],4,[],2019-03-10 13:18:11,207745.14400135,0.01280003,0.000000499276690177,6895069,2019-03-10 13:18:11,btc,10.140940140613178,0.0,0.01280003,btc,340.5225885,0.84242985,1.017306427545484,1
1,[],5,[],2019-03-10 13:18:14,0.0,0,0,6895070,2019-03-10 13:18:14,btc,0.0,0.01783633,0,btc,0.0,0.0,0.0,1
1,[],10,[],2019-03-10 13:18:16,413920.07729721,0.01051976,0.000000410332706584,6895071,2019-03-10 13:18:16,btc,6521.962658331486,1323.42281676,0.01051976,btc,1078.66100593,0.0,5.016837388489525,1
1,[],12,[],2019-03-10 13:18:18,94.8989524,0.012510000000000000286437540353290387429296970367431640625,0.000000487963809,6895072,2019-03-10 13:18:18,btc,0.3003461915868,0.0,0.012510000000000000286437540353290387429296970367431640625,btc,22.57538522,0.0477443449183,0.2033419524632,1
1,[],20,[],2019-03-10 13:18:20,1152.4739,0.010500222,0.00000040957060930980004,6895073,2019-03-10 13:18:20,btc,0.0554564832443,0.0,0.010500222,btc,2.4799,0.0,0.0959464103311,1
1,[],21,[],2019-03-10 13:18:21,2140.61626403,0.01256133000000000075890849160,0.000000489965981847,6895074,2019-03-10 13:18:21,btc,26.646901485794842,5220.7603682399995,0.01256133000000000075890849160487050539813935756683349609375,"btc,eth",2827.46051064,58.520658650383794,17.28535646458208,1
1,[],22,[],2019-03-10 13:18:27,0.0059712,0.01250000,0.0000004875737500000001,6895075,2019-03-10 13:18:27,BTC,0.31439419,0.0,0.01250000,BTC,0.12751438772928525,0.0,7.464e-05,1
1,[],24,[],2019-03-10 13:18:27,0.0,0.000000000000,0,6895076,2019-03-10 13:18:27,btc,0.0,0.0,0.000000000000,btc,0.0,0.0,0.0,1
0.0,[],25,[],2019-03-10 13:18:28,0.0,0,0,6895077,2019-03-10 13:18:28,btc,15.454699998856276,36.87862258,0.0,btc,1192.20499582,0.4725,0.0,1
1,[],26,[],2019-03-10 13:18:38,0.0,0,0,6895078,2019-03-10 13:18:38,,0.0,0.0,0,,0.0,0.0,0.0,1
1,[],28,[],2019-03-10 13:18:39,993.142,0.01323000,0.0000005160480570000001,6895079,2019-03-10 13:18:39,btc,0.147901439075,17569.55,0.01323000,btc,7.9421,0.0,0.089302756,1
1,[],5,[],2019-03-10 13:18:41,0.0,0,0,6895080,2019-03-10 13:18:41,btc,0.0,0.00521906,0,btc,0.0,0.0,0.0,2
0,[],22,[],2019-03-10 13:18:44,0.0,0,0,6895081,2019-03-10 13:18:44,,0.0,0.0,0,,0.0,0.0,0.0,2
1,[],5,[],2019-03-10 04:07:52,0.0,0,0,6892279,2019-03-10 04:07:52,btc,0.0,1.45026677,0,btc,0.0,0.0,0.0,3
1,[],12,[],2019-03-10 04:07:54,1905698.94485,0.000000177,0.0000000000069428781000000005,6892280,2019-03-10 04:07:54,btc,22810.248596901045,0.0,0.000000177,btc,949405.88852,0.05158974707818944,0.27589331233845,3
0,[],28,[],2019-03-10 04:07:56,0.0,0,0,6892281,2019-03-10 04:07:56,,0.0,0.0,0,,0.0,0.0,0.0,3
0,[],2,[],2019-01-20 23:31:32,0.0,0,0,6477077,2019-01-20 23:31:32,,0.0,0.0,0,,0.0,0.0,0.0,4
1,[],4,[],2019-03-09 19:03:36,394362.28616607,0.00000032,0.000000000012569280000000001,6889097,2019-03-09 19:03:36,btc,32.15548375957025,0.0,0.00000032,btc,707361.31512647,0.00109114,0.0476374485302292,4
1,[],12,[],2019-03-10 13:18:46,363807.0,0.00000002,0.0000000000007801180000000001,6895082,2019-03-10 13:18:46,btc,1111742.13265925,0.0,0.00000002,btc,566537.0,0.0,0.0047358800000000005,5
0,[],2,[],2019-01-20 23:31:51,0.0,0,0,6477087,2019-01-20 23:31:51,,0.0,0.0,0,,0.0,0.0,0.0,6
1,[],11,[],2019-03-10 13:18:48,4641654.6305,0.00000002,0.0000000000007801180000000001,6895083,2019-03-10 13:18:48,btc,9568.121145321884,110324.0,0.00000002,btc,42498537.853213936,0.0,0.06030792761,6
1,[],3,[],2019-03-10 13:18:49,1088.749121055546,0.0001548400000000000015058787550259467025171034038066864013671875,0.000000006039673556,6895084,2019-03-10 13:18:49,btc,29.634085403952064,0.0,0.0001548400000000000015058787550259467025171034038066864013671875,btc,239.122414578101,0.0,0.03449776794370639,7
1,[],4,[],2019-03-10 13:18:50,100006.60035995,0.00024851,0.000000009693356209,6895085,2019-03-10 13:18:50,btc,9.735092890206078,0.0,0.00024851,btc,30750.33415049,2.89213279,6.92214191737412,7
1,[],5,[],2019-03-10 13:18:52,0.0,0,0,6895086,2019-03-10 13:18:52,btc,0.0,0.43931134,0,btc,0.0,0.0,0.0,7
1,[],20,[],2019-02-20 02:16:17,39399275.8418,0.000000001,0.0000000000000390183,6728586,2019-02-20 02:16:17,btc,116.9737569154545,525.0,0.000000001,btc,56932965.8895,5.25e-07,0.0393992758418,8
0,[],2,[],2019-01-20 23:22:42,0.0,0,0,6476876,2019-01-20 23:22:42,,0.0,0.0,0,,0.0,0.0,0.0,9
0,[],23,[],2019-01-20 23:22:48,0.0,0,0,6476878,2019-01-20 23:22:48,,0.0,0.0,0,,0.0,0.0,0.0,9
1,[],1,[],2019-02-17 23:31:42,1822507.21,0.00000181000000000000003456111265232042484285557293333113193511962890625,0.000000000066086901,6701244,2019-02-17 23:31:42,btc,3.6990969245,17153386.5,0.00000181000000000000003456111265232042484285557293333113193511962890625,btc,1997391.71,31.11772986,3.2610482446,9
1,[],4,[],2019-03-10 13:18:54,1051163.8804238,0.00000146,0.000000000056948614,6895087,2019-03-10 13:18:54,btc,5.629030239401287,0.0,0.00000146,btc,3032378.1326098,1.14443164,0.7046878035701059,9
1,[],28,[],2019-03-10 13:18:56,37353.0,0.00000165,0.00000000006435973500000001,6895088,2019-03-10 13:18:56,btc,2708.782203270583,3580785.85,0.00000165,btc,24261.1497,0.0,0.0328195,9
1,[],4,[],2019-02-17 11:22:43,4341674.27126056,0.00000002,0.0000000000007272960000000001,6696112,2019-02-17 11:22:43,btc,0.1997230937751353,0.0,0.00000002,btc,4109766.79808031,0.00215132,0.0479381022052112,10
0,[],2,[],2019-01-20 23:23:08,0.0,0,0,6476890,2019-01-20 23:23:08,,0.0,0.0,0,,0.0,0.0,0.0,12
1,[],4,[],2019-03-10 13:18:57,5915694.9416083,0.00000120,0.000000000046807080000000005,6895089,2019-03-10 13:18:57,btc,8.630527513389044,0.0,0.00000120,btc,4875813.72477376,0.80548765,3.4399111702266794,12
1,[],5,[],2019-03-10 13:18:58,0.0,0,0,6895090,2019-03-10 13:18:58,btc,0.0,0.12756885,0,btc,0.0,0.0,0.0,12
0.0,[],25,[],2019-03-10 13:18:59,0.0,0,0,6895091,2019-03-10 13:18:59,,0.0,0.0,0.0,btc,0.0,0.0,0.0,12
1,[],4,[],2019-03-10 13:19:00,32038194.76782257,0.00000592,0.000000000230914928,6895092,2019-03-10 13:19:00,btc,2.7914791575455995,0.0,0.00000592,btc,378731.23025297,0.29051082,1.332067529254424,13
1,[],10,[],2019-03-10 13:19:02,398615.35396506,0.0000058,0.00000000022623422000000004,6895093,2019-03-10 13:19:02,btc,666801.3254129416,12653.320611,0.0000058,btc,717739.60693237,0.0,0.2692288468795177,13
1,[],21,[],2019-03-10 13:19:03,680721.13447118,0.000006070000000000000328832013702,0.00000000023676581300000003,6895094,2019-03-10 13:19:03,btc,5.215204211317748,947016.80157113,0.0000060700000000000003288320137018185818078563897870481014251708984375,btc,754237.72371551,5.6106783,3.700089296406344,13
1,[],4,[],2019-03-10 13:09:33,735237.90206572,0.00000130,0.00000000005075239,6894903,2019-03-10 13:09:33,btc,5.949386053893103,0.0,0.00000130,btc,863523.88532799,0.00602759,0.1550785552048912,14
1,[],12,[],2019-03-10 13:09:34,274991.0,0.0000015000000000000000380012861456169304119612206704914569854736328125,0.00000000005856045,6894904,2019-03-10 13:09:34,btc,0.1049920913689674,0.0,0.0000015000000000000000380012861456169304119612206704914569854736328125,btc,8874.83920718,7.84215784215e-05,0.0340163,14
0,[],17,[],2019-03-10 13:09:36,0.0,0,0,6894905,2019-03-10 13:09:36,btc,0.0,0.0,0,btc,0.0,0.0,0.0,14
1,[],26,[],2019-03-10 13:09:36,0.0,0.00000050,0.00000000001952015,6894906,2019-03-10 13:09:36,btc,0.0,0.0,0.00000050,btc,0.0,0.0,0.0,14
,[],12,[],2018-12-01 15:15:48,204241.84496,0.00000489,0.000000000202473384,5260204,2018-12-01 15:15:48,btc,49.5475654835,0.0,,btc,35763.2193806,0.0163153972027625,0.0203389899998,15
0,[],4,[],2019-03-10 13:19:04,0.0,0,0,6895095,2019-03-10 13:19:04,,0.0,0.0,0,,0.0,0.0,0.0,15
0,[],17,[],2019-03-10 13:09:43,0.0,0,0,6894911,2019-03-10 13:09:43,btc,0.0,0.0,0,btc,0.0,0.0,0.0,18
0,[],2,[],2019-01-20 23:23:38,0.0,0,0,6476906,2019-01-20 23:23:38,,0.0,0.0,0,,0.0,0.0,0.0,18
1,[],4,[],2019-03-10 13:19:05,34892.36196734,0.00001637,0.0000000006385265830000001,6895096,2019-03-10 13:19:05,btc,4.182047594490917,0.0,0.00001637,btc,18261.66726089,0.02854861,0.1177762814035573,18
1,[],10,[],2019-03-10 13:19:07,791981.74375449,0.00001712,0.000000000667781008,6895097,2019-03-10 13:19:07,btc,15.320573594762386,1705.29790717,0.00001712,btc,9816.77448165,0.0,0.2667023096064312,18
1,[],12,[],2019-03-10 13:19:08,363497.21104443,0.00001673000000000000075700730406413896389494766481220722198486328125,0.0000000006525687070000001,6895098,2019-03-10 13:19:08,btc,33008.93342726602,0.0,0.00001673000000000000075700730406413896389494766481220722198486328125,btc,570.37141909,0.004453985658083,0.025810204905593298,18
0,[],2,[],2019-01-20 23:24:19,0.0,0,0,6476924,2019-01-20 23:24:19,,0.0,0.0,0,,0.0,0.0,0.0,19
1,[],3,[],2019-03-10 13:19:20,117240.70553762079,0.0000183600000000000003973731066420072011169395409524440765380859375,0.0000000007161483240000001,6895099,2019-03-10 13:19:20,btc,0.5176006915835822,10.8220858896,0.0000183600000000000003973731066420072011169395409524440765380859375,btc,9394.208834904759,0.0,0.015157977808474476,19
1,[],4,[],2019-03-10 13:19:20,241359.44503694,0.00002050,0.0000000007996209500000001,6895100,2019-03-10 13:19:20,btc,3.046683390941158,0.0,0.00002050,btc,89665.92869131,0.69591104,2.5920381262864742,19
1,[],5,[],2019-03-10 13:19:22,0.0,0,0,6895101,2019-03-10 13:19:22,btc,0.0,0.01227275,0,btc,0.0,0.0,0.0,19
1,[],12,[],2019-03-10 13:19:23,171001.96864528,0.000016149999999999999533879802005031933731515891849994659423828125,0.0000000006299452850000001,6895102,2019-03-10 13:19:23,btc,0.2086312973711666,0.0,0.000016149999999999999533879802005031933731515891849994659423828125,btc,362.56500624,6.35364636e-05,0.029276489999872,19
0,[],27,[],2019-03-10 13:19:25,0.0,0,0,6895103,2019-03-10 13:19:25,,0.0,0.0,0,btc,0.0,0.0,0.0,19
1,[],4,[],2019-03-10 13:19:26,2769884.31543344,0.00000012,0.000000000004680708,6895104,2019-03-10 13:19:26,btc,7.383042289760813,0.0,0.00000012,btc,2876583.25385408,0.00023941,0.0767587845231281,20
1,[],4,[],2019-03-10 13:19:26,103815793.72147027,0.00000002,0.0000000000007801180000000001,6895105,2019-03-10 13:19:26,btc,1852.945155259571,0.0,0.00000002,btc,54305021.8278267,0.0,1.1630563175500457,21
1,[],12,[],2019-03-10 13:19:27,1309508.0,0.00000001,0.00000000000039005900000000003,6895106,2019-03-10 13:19:27,btc,1247.5070061495405,0.0,0.00000001,btc,2425596.97702298,0.0004995,0.01309508,21
0,[],17,[],2019-03-10 11:08:35,0.0,0,0,6894543,2019-03-10 11:08:35,btc,0.0,0.0,0,btc,0.0,0.0,0.0,21
1,[],12,[],2019-03-10 13:19:40,2383281480.0,0.0000000001,0.0000000000000039005900000000005,6895107,2019-03-10 13:19:40,btc,1122581.7914465975,0.0,0.0000000001,btc,1631675035.7506385,0.043931277164535466,0.23832814800000002,23
0,[],27,[],2019-03-10 13:19:41,0.0,0,0,6895108,2019-03-10 13:19:41,,13.821146136593411,0.0,0,eth,4599354.35514486,0.0,0.0,23
1,[],4,[],2019-03-10 13:19:42,581379.92457841,0.00000046,0.000000000017942714,6895109,2019-03-10 13:19:42,btc,9.673527453478782,0.0,0.00000046,btc,1618880.11113667,0.01003871,0.1529705802843075,24
1,[],22,[],2019-03-10 13:19:46,11.76,0.00000100,0.0000000000390059,6895110,2019-03-10 13:19:46,BTC,7.415e-05,0.0,0.00000100,BTC,23.919354838709676,0.0,1.176e-05,24
0.0,[],25,[],2019-03-10 13:19:47,0.0,0,0,6895111,2019-03-10 13:19:47,,0.0,0.0,0.0,btc,0.0,0.0,0.0,24
1,[],4,[],2019-03-10 13:19:48,26582073.46830311,0.00000639,0.00000000024924770100000003,6895112,2019-03-10 13:19:48,btc,135.96236856847392,0.0,0.00000639,btc,255198.01244057,0.17232005,0.4678167694292216,26
1,[],10,[],2019-03-10 13:19:51,686097.89861326,0.00000601,0.00000000023442545900000003,6895113,2019-03-10 13:19:51,btc,26.127614653089452,4568.2628341,0.00000601,btc,14082.23878667,0.0,0.2137617411445378,26
0,[],2,[],2019-01-20 23:25:56,0.0,0,0,6476976,2019-01-20 23:25:56,,0.0,0.0,0,,0.0,0.0,0.0,26
1,[],3,[],2019-03-10 13:19:52,8416759.19501412,0.00000001,0.00000000000039005900000000003,6895114,2019-03-10 13:19:52,btc,2.2746846243272705,20372.5,0.00000001,btc,17866078.11152067,0.0,0.08416759195014119,27
1,[],5,[],2019-03-10 13:19:54,0.0,0,0,6895115,2019-03-10 13:19:54,btc,0.0,0.00013829,0,btc,0.0,0.0,0.0,27
1,[],11,[],2019-03-10 13:19:55,9461840.38103613,0.00000005,0.0000000000019502950000000002,6895116,2019-03-10 13:19:55,btc,67506.32843704063,170.63047893,0.00000005,btc,7972152.75036371,0.0,0.44099231334143857,27
1,[],4,[],2019-03-10 13:19:56,2206004003.4816337,0.00000001,0.00000000000039005900000000003,6895117,2019-03-10 13:19:56,btc,3.2423665657761043,0.0,0.00000001,"btc,ltc",221568154.02668,0.26182184,9.96733323212907,29
1,[],7,[],2019-03-10 13:19:57,35581800.51580551,0.00000001,0.00000000000039005900000000003,6895118,2019-03-10 13:19:57,btc,44461616.56457234,0.0,0.00000001,btc,46779319.45179288,0.0,0.3558180051580551,29
1,[],4,[],2019-03-10 13:19:58,2360390.84802715,0.00000024,0.000000000009361416,6895119,2019-03-10 13:19:58,btc,2.643992834371312,0.0,0.00000024,btc,1982218.23494468,0.01593373,0.1082949231618824,30
0,[],17,[],2019-03-10 11:09:05,0.0,0,0,6894557,2019-03-10 11:09:05,btc,0.0,0.0,0,btc,0.0,0.0,0.0,30
1,[],4,[],2019-03-10 13:20:00,195982.61199814,0.00005615,0.0000000021901812850000002,6895120,2019-03-10 13:20:00,btc,10.32687519630939,0.0,0.00005615,btc,131226.555175,1.30563131,1.8272155316836796,31
1,[],21,[],2019-03-10 13:20:01,92044.16062074,0.00005656000000000000057457510971,0.000000002206173704,6895121,2019-03-10 13:20:01,btc,5.108047559793818,222689.51527653,0.000056560000000000000574575109713038045811117626726627349853515625,btc,80558.69829954,12.59032444,4.9381078478419695,31
0,[],2,[],2019-01-20 23:28:43,0.0,0,0,6477009,2019-01-20 23:28:43,,0.0,0.0,0,,0.0,0.0,0.0,32
1,[],4,[],2019-03-10 13:20:02,424515146.3248058,0.00000004,0.0000000000015602360000000001,6895122,2019-03-10 13:20:02,btc,9.626419822341933,0.0,0.00000004,"btc,ltc",184940577.5236592,0.09944979,10.17489483233755,33
1,[],12,[],2019-03-10 13:20:03,25731631.961,0.00000004,0.0000000000015602360000000001,6895123,2019-03-10 13:20:03,btc,1321816.650533658,0.0,0.00000004,btc,15740195.9580419,0.027137438301699,0.5963086388,33
1,[],4,[],2019-03-10 13:20:03,110926740.19242524,0.00000001,0.00000000000039005900000000003,6895124,2019-03-10 13:20:03,btc,3.3992241650178108,0.0,0.00000001,btc,97986451.14861183,0.04962414,1.1092674019242523,34
1,[],5,[],2019-03-10 13:20:05,0.0,0,0,6895125,2019-03-10 13:20:05,btc,0.0,0.06170411,0,btc,0.0,0.0,0.0,34
0.0000000001445914,[],4,[],2019-03-10 13:20:06,3507601551.0370126,1.445914e-18,5.63991768926e-23,6895126,2019-03-10 13:20:06,ltc,4.18893291946e-08,0.0,0.00000001,ltc,6342619096.469583,0.0,5.071690189066132e-09,36
1,[],5,[],2019-03-10 13:20:08,0.0,0,0,6895127,2019-03-10 13:20:08,btc,0.0,0.0,0,btc,0.0,0.0,0.0,36
0.0000000003467346,[],27,[],2019-03-10 13:20:11,1088163.16325,3.4673460000000003e-18,1.3524695134140002e-22,6895128,2019-03-10 13:20:11,eth,222.55781431551742,1836.83675,0.00000001,"ltc,eth",11163573.47351039,6.369514602000001e-15,1.7038524354422346e-12,36
0,[],17,[],2019-03-10 13:10:46,0.0,0,0,6894941,2019-03-10 13:10:46,btc,0.0746458232965017,0.0,0,btc,4103573.70243647,0.0,0.0,36
1,[],4,[],2019-03-10 13:10:50,254297.20239536,0.00000059,0.000000000023033777000000003,6894943,2019-03-10 13:10:50,btc,19772.483074390395,0.0,0.00000059,btc,567648.85593249,0.00010993,0.1108160104421616,37
1,[],12,[],2019-03-10 13:10:51,474035.36601273,0.0000006,0.00000000002342418,6894944,2019-03-10 13:10:51,btc,9.731000182116643,0.0,0.0000006,btc,291918.79994409,0.085064243027757,0.1177799399999951,37
1,[],17,[],2019-03-10 13:10:53,1752.74075282,0.00000025,0.000000000009760075,6894945,2019-03-10 13:10:53,btc,0.05548492398744499,0.0,0.00000025,btc,1387.19918473,0.0,0.00043818518820499993,37
1,[],27,[],2019-03-10 13:10:55,14685.567,0.00000045,0.000000000017568135,6894946,2019-03-10 13:10:55,btc,24.25536383611233,0.0,0.00000045,btc,6518.38138508,0.0,0.00480032515,37
1,[],5,[],2019-03-10 13:20:13,0.0,0,0,6895129,2019-03-10 13:20:13,btc,0.0,0.04295477,0,btc,0.0,0.0,0.0,42
1,[],12,[],2019-03-10 13:20:14,255494.01251675,0.0000009,0.00000000003510531,6895130,2019-03-10 13:20:14,btc,0.2913993243661315,0.0,0.0000009,btc,32422.84991145,0.0381800745964781,0.019428999999943,42
0.0000000003467346,[],27,[],2019-03-10 13:20:17,2000.0,3.4673460000000003e-18,1.3524695134140002e-22,6895131,2019-03-10 13:20:17,eth,0.00315028,0.0,0.00000001,"btc,eth",11.007,0.0,6.934692000000001e-15,42
1,[],5,[],2019-03-10 13:20:19,0.0,0,0,6895132,2019-03-10 13:20:19,btc,0.0,0.01156911,0,btc,0.0,0.0,0.0,43
1,[],12,[],2019-03-10 13:20:20,1221333.0,0.00000001,0.00000000000039005900000000003,6895133,2019-03-10 13:20:20,btc,1.8600863194405597,0.0,0.00000001,btc,4484175.97202798,9e-08,0.01221333,43
0,[],17,[],2019-03-10 10:07:24,0.0,0,0,6894208,2019-03-10 10:07:24,btc,0.0,0.0,0,btc,0.0,0.0,0.0,43
1,[],12,[],2019-03-05 01:54:08,639326.02,0.00000004,0.000000000001486676,6845775,2019-03-05 01:54:08,btc,11116042.728239931,0.0,0.00000004,btc,1103841.4595604,0.0003330765234764,0.014975410599999999,44
1,[],4,[],2019-03-10 13:20:31,298375443.61382043,0.00000004,0.0000000000015602360000000001,6895134,2019-03-10 13:20:31,btc,473.75157050665905,0.0,0.00000004,"btc,ltc",11599451.106429,0.05258466,0.2855678883520232,49
0.0000000001445914,[],4,[],2019-03-10 13:20:32,711180856.852098,1.445914e-18,5.63991768926e-23,6895135,2019-03-10 13:20:32,ltc,25.93605946696832,0.0,0.00000001,ltc,10702171841.490736,0.0,1.0283063574544444e-09,52
0.0000000001230779,[],22,[],2019-03-10 13:20:36,80666418.0,9.846232e-18,3.8406114076880007e-22,6895136,2019-03-10 13:20:36,XMR,4367.46465967,0.0,0.00000008,XMR,262338734.67882353,2.60250681108e-13,0.8080541,57
0.0000000003467346,[],27,[],2019-03-10 13:20:39,2000.0,3.4673460000000003e-18,1.3524695134140002e-22,6895137,2019-03-10 13:20:39,eth,0.0,0.0,0.00000001,"btc,eth",0.0,0.0,6.934692000000001e-15,57
0.0000000001445914,[],4,[],2019-03-10 13:20:41,453105442.15896165,2.891828e-18,1.127983537852e-22,6895138,2019-03-10 13:20:41,ltc,18.80718914434199,0.0,0.00000002,ltc,4765480284.961357,0.0,8.677356763427562e-10,58
1,[],12,[],2019-03-10 13:20:42,1064810942.0,0.0000000003,0.00000000000001170177,6895139,2019-03-10 13:20:42,btc,2911896.6294989553,0.0,0.0000000003,btc,1699765821.7392607,0.005585606739860156,0.2681644115,58
0.0000000001230779,[],22,[],2019-03-10 13:20:46,137438.0,1.230779e-18,4.800764259610001e-23,6895140,2019-03-10 13:20:46,XMR,69.8835922,0.0,0.00000001,XMR,9887963.0,0.0,0.00137438,58
0,[],17,[],2019-03-10 11:18:49,0.0,0,0,6894772,2019-03-10 11:18:49,btc,1e+24,0.0,0,btc,49306342.21952568,0.0,0.0,58
1,[],5,[],2019-03-10 13:20:48,0.0,0,0,6895141,2019-03-10 13:20:48,btc,0.0,0.00022657,0,btc,0.0,0.0,0.0,61
1,[],22,[],2019-03-10 13:20:52,13757.0,0.00000012,0.000000000004680708,6895142,2019-03-10 13:20:52,BTC,1002.2960049,0.0,0.00000012,BTC,14976.68361146909,0.0,0.00154987,61
1,[],26,[],2019-03-10 13:20:52,0.0,0.00000800,0.0000000003120472,6895143,2019-03-10 13:20:52,btc,0.0,0.0,0.00000800,btc,0.0,0.0,0.0,61
1,[],27,[],2019-03-10 13:20:54,4411.22008,0.00000047,0.000000000018332773,6895144,2019-03-10 13:20:54,btc,2.8990263703141324,0.0,0.00000047,"btc,eth",19485.01257617,0.0,0.0012437599595164482,61
1,[],28,[],2019-03-10 13:20:56,13880.304,0.0000005,0.00000000001950295,6895145,2019-03-10 13:20:56,btc,2.056312978300105,2343.2744,0.0000005,btc,9730.59500005,0.0,0.00566391304,61
1,[],4,[],2019-03-10 13:20:57,1320053.19954492,0.00000213,0.000000000083082567,6895146,2019-03-10 13:20:57,btc,9.093663234066856,0.0,0.00000213,btc,769398.07652663,0.21567251,1.0349503572068517,67
0.0,[],25,[],2019-03-10 13:20:58,0.0,0,0,6895147,2019-03-10 13:20:58,,0.0,0.0,0.0,btc,0.0,0.0,0.0,67
1,[],12,[],2019-03-10 13:11:49,282850.04214564,0.00000027,0.000000000010540881000000001,6894966,2019-03-10 13:11:49,btc,1111115.6509930147,0.0,0.00000027,btc,1108656.63976992,0.0059035383420428,0.0576755127613994,71
,[],5,[],2018-11-20 23:02:39,1.5e-07,0.00000005,0.000000000002128045,4862160,2018-11-20 23:02:39,btc,2.84511358,0.0,,btc,0.00036572,0.0,0.07381892,74
1,[],5,[],2019-03-10 13:21:00,0.0,0,0,6895148,2019-03-10 13:21:00,btc,0.0,0.0,0,btc,0.0,0.0,0.0,75
1,[],4,[],2019-03-10 13:21:01,13147768.81424166,0.00000001,0.00000000000039005900000000003,6895149,2019-03-10 13:21:01,btc,11388.985544584346,0.0,0.00000001,btc,40019471.49932191,0.0,0.1314776881424166,81
0,[],20,[],2019-01-25 09:30:31,0.0,0,0,6495923,2019-01-25 09:30:31,btc,0.0,0.0,0,btc,0.0,0.0,0.0,81
1,[],4,[],2019-03-10 13:21:02,24077.17959097,0.00007721,0.0000000030116455390000003,6895150,2019-03-10 13:21:02,btc,18.124256872998973,0.0,0.00007721,btc,12354.10265487,0.01524211,0.1085637988560316,82
1,[],21,[],2019-03-10 13:21:04,763013.6142358601,0.00007449999999999999482878931811,0.00000000290593955,6895151,2019-03-10 13:21:04,btc,3.7802307769703014,2579.67844376,0.00007449999999999999482878931811313805155805312097072601318359375,btc,45578.22675449,0.19232456,2.7427426289475547,82
0,[],17,[],2019-03-10 11:19:23,0.0,0,0,6894786,2019-03-10 11:19:23,btc,0.0447233088476774,0.0,0,btc,999127.19588126,0.0,0.0,84
0.0000000001445914,[],4,[],2019-03-10 13:21:06,211834614.46412548,4.337742e-18,1.6919753067780002e-22,6895152,2019-03-10 13:21:06,ltc,1.6956429379032847,0.0,0.00000003,ltc,386776695.8715192,0.0,4.783123988585773e-10,85
,[],22,[],2018-11-20 23:09:34,3408.1,0.0000001,0.0000000000041895,4862324,2018-11-20 23:09:34,BTC,0.04624735,0.0,,BTC,4990.0,0.0,0.00033081,86
1,[],22,[],2019-03-10 13:21:11,123370.0,0.00000005,0.0000000000019502950000000002,6895153,2019-03-10 13:21:11,BTC,2.07772327,0.0,0.00000005,BTC,161407.94736842104,0.00045053,0.0019285,87
0,[],27,[],2019-03-10 13:21:13,0.0,0,0,6895154,2019-03-10 13:21:13,,0.0,0.0,0,btc,0.0,0.0,0.0,87
,[],2,[],2018-11-20 23:10:47,0.0,0,0,4862359,2018-11-20 23:10:47,,0.0,0.0,,,0.0,0.0,0.0,88
1,[],11,[],2019-03-10 13:21:15,97035.35153688,0.000150010000000000008786582572639645150047726929187774658203125,0.000000005851275059000001,6895155,2019-03-10 13:21:15,btc,610.976775345559,678.50120606,0.000150010000000000008786582572639645150047726929187774658203125,btc,95951.78995526,0.0,6.871537029073933,89
0,[],2,[],2019-01-20 23:31:45,0.0,0,0,6477083,2019-01-20 23:31:45,,0.0,0.0,0,,0.0,0.0,0.0,91
1,[],12,[],2019-03-10 13:21:16,247680.65810654,0.00000098,0.000000000038225782,6895156,2019-03-10 13:21:16,btc,61.09521079988348,0.0,0.00000098,btc,117739.29363931,0.0080381704802289,0.0335863864999649,91
0,[],17,[],2019-03-10 13:21:18,0.0,0,0,6895157,2019-03-10 13:21:18,btc,0.0,0.0,0,btc,0.0,0.0,0.0,91
1,[],22,[],2019-03-10 13:21:21,65900.0,0.00000001,0.00000000000039005900000000003,6895158,2019-03-10 13:21:21,BTC,3e-06,0.0,0.00000001,BTC,1.0,0.0,0.000659,91
0,[],22,[],2019-03-10 13:21:24,0.0,0,0,6895159,2019-03-10 13:21:24,,7.50307462,0.0,0,,70597140.95714286,0.0,0.0,95
0.0000000001445914,[],4,[],2019-03-10 13:21:25,646849596.8276336,7.518752800000001e-17,2.9327571984152003e-21,6895160,2019-03-10 13:21:25,ltc,11.894759071144628,0.0,0.00000052,ltc,136343495.56165135,0.0,1.8099041408109474e-09,96
0,[],12,[],2019-03-10 13:21:26,0.0,0,0,6895161,2019-03-10 13:21:26,btc,10.18951399,0.0,0,btc,3026255.0,0.00069933,0.0,96
0,[],17,[],2019-03-10 11:19:56,0.0,0,0,6894796,2019-03-10 11:19:56,btc,0.0,0.0,0,btc,0.0,0.0,0.0,96
1,[],4,[],2019-03-10 13:21:38,1614748.52567957,0.00000021,0.000000000008191239,6895162,2019-03-10 13:21:38,btc,2.511160055891623,0.0,0.00000021,btc,2560394.05153073,0.00562591,0.1306629308673008,99
1,[],4,[],2019-03-10 13:21:38,284116.13096624,0.00003860,0.0000000015056277400000002,6895163,2019-03-10 13:21:38,btc,11.397400039298681,0.0,0.00003860,btc,162117.77855882,1.80437808,1.5153754768284398,100
0,[],2,[],2019-01-20 23:23:55,0.0,0,0,6476914,2019-01-20 23:23:55,,0.0,0.0,0,,0.0,0.0,0.0,100
1,[],22,[],2019-03-10 13:21:43,50000.0,0.00000001,0.00000000000039005900000000003,6895164,2019-03-10 13:21:43,BTC,23.49896609,0.0,0.00000001,BTC,10277.22,0.0,0.0005,101
1,[],4,[],2019-03-10 13:21:44,368637.62913843,0.00000085,0.000000000033155015,6895165,2019-03-10 13:21:44,btc,308.03747957414237,0.0,0.00000085,btc,493790.66868847,0.00790072,0.1977938121355182,103
1,[],12,[],2019-03-10 13:21:45,20996026.68274734,0.000000009,0.00000000000035105310000000003,6895166,2019-03-10 13:21:45,btc,3859729.5490849246,0.0,0.000000009,btc,72435853.59145144,0.01209502599811434,0.04256477614472606,105
1,[],27,[],2019-03-10 13:21:47,223920.39,0.00000001,0.00000000000039005900000000003,6895167,2019-03-10 13:21:47,btc,36.60591030491341,0.0,0.00000001,btc,1301440.23571724,0.0,0.0022392039,105
1,[],22,[],2019-03-10 13:21:51,9328.0,0.00000001,0.00000000000039005900000000003,6895168,2019-03-10 13:21:51,BTC,51.10837004,0.0,0.00000001,BTC,470435.0,0.0,9.328e-05,107
1,[],26,[],2019-03-10 13:21:51,0.0,0.00000000,0,6895169,2019-03-10 13:21:51,btc,0.0,91290.0,0.00000000,btc,0.0,0.0,0.0,107
1,[],5,[],2019-03-10 13:21:54,0.0,0,0,6895170,2019-03-10 13:21:54,btc,0.0,0.07580276,0,btc,0.0,0.0,0.0,112
1,[],22,[],2019-03-10 13:21:58,1966.0,0.00000001,0.00000000000039005900000000003,6895171,2019-03-10 13:21:58,BTC,2.7975128,0.0,0.00000001,BTC,826524.0833333334,0.0,1.966e-05,112
0.0000000003467346,[],27,[],2019-03-10 13:22:00,2000.0,3.4673460000000003e-18,1.3524695134140002e-22,6895172,2019-03-10 13:22:00,eth,1.24996908,0.0,0.00000001,"btc,eth",1289.0,0.0,6.934692000000001e-15,112
1,[],4,[],2019-03-10 13:22:01,1271848.8738934,0.00000194,0.000000000075671446,6895173,2019-03-10 13:22:01,btc,71.63715933699847,0.0,0.00000194,btc,329849.71518636,0.04372083,0.9598698794605466,113
1,[],5,[],2019-03-10 13:22:04,0.0,0,0,6895174,2019-03-10 13:22:04,btc,0.0,0.0,0,btc,0.0,0.0,0.0,113
0,[],27,[],2019-03-10 01:00:49,0.0,0,0,6891072,2019-03-10 01:00:49,,0.0,0.0,0,btc,0.0,0.0,0.0,116
1,[],17,[],2019-03-09 23:08:14,152738.278,0.00000004,0.0000000000015702200000000001,6890671,2019-03-09 23:08:14,btc,1.3368030274857574,0.0,0.00000004,btc,51896.221,0.0,0.0022095311199999998,116
1,[],4,[],2019-03-10 13:22:05,73033.07130842,0.00002487,0.000000000970076733,6895175,2019-03-10 13:22:05,btc,93.79872743357083,0.0,0.00002487,btc,84445.60377915,1.0305827,1.0158494572006962,120
1,[],7,[],2019-03-10 13:22:07,20839.31454476,0.0000212500000000000015265566588595902430824935436248779296875,0.0000000008288753750000001,6895176,2019-03-10 13:22:07,btc,115648.89480684382,0.0,0.0000212500000000000015265566588595902430824935436248779296875,btc,36709.119221220004,0.0,0.052072519313842706,120
1,[],20,[],2019-03-10 13:22:09,2949707.1019,0.000000034,0.0000000000013262006,6895177,2019-03-10 13:22:09,btc,33.6158386038068,141.8,0.000000034,btc,1013047.029,4.8237e-06,0.0388156832796,125
1,[],22,[],2019-03-10 13:22:14,3053.0,0.00000001,0.00000000000039005900000000003,6895178,2019-03-10 13:22:14,BTC,0.01444887,0.0,0.00000001,BTC,296263.5111111111,0.0,3.053e-05,126
0,[],17,[],2019-03-10 11:12:00,0.0,0,0,6894621,2019-03-10 11:12:00,btc,0.0009561751951600001,0.0,0,btc,35.42829368,0.0,0.0,131
1,[],4,[],2019-03-10 13:13:06,135962.82261718,0.00001299,0.000000000507133497,6894998,2019-03-10 13:13:06,btc,3.5669003735819564,0.0,0.00001299,btc,121480.34766969,0.10066557,0.525967189003977,131
0,[],2,[],2019-01-20 23:25:46,0.0,0,0,6476969,2019-01-20 23:25:46,,0.0,0.0,0,,0.0,0.0,0.0,131
1,[],4,[],2019-03-10 13:22:15,4547.65509281,0.00016000,0.000000006240944000000001,6895179,2019-03-10 13:22:15,btc,1.6191149139877945,0.0,0.00016000,btc,239.25503526,0.0,0.0068661669213833,135
1,[],3,[],2019-03-07 00:20:44,877702.73244099,0.00000004,0.00000000000154846,6863392,2019-03-07 00:20:44,btc,0.119366241821405,0.0,0.00000004,btc,760637.99421222,0.0,0.023771231960604298,136
1,[],4,[],2019-03-10 13:22:16,264117.57821681,0.00000155,0.00000000006045914500000001,6895180,2019-03-10 13:22:16,btc,38.68391169189329,0.0,0.00000155,btc,522998.45124395,0.00205899,0.0500654578621955,137
1,[],12,[],2019-03-10 13:22:17,179206.78787878001,0.00000145000000000000009320343975771638866945068002678453922271728515625,0.00000000005655855500000001,6895181,2019-03-10 13:22:17,btc,5.061268560540516,0.0,0.00000145000000000000009320343975771638866945068002678453922271728515625,btc,4353.15830328,0.00056228998838,0.0069188899999896,137
1,[],4,[],2019-03-10 13:22:18,10477.57672258,0.00003780,0.0000000014744230200000002,6895182,2019-03-10 13:22:18,btc,28.492893589874843,0.0,0.00003780,btc,47589.0716245,0.33621709,0.2126357980994224,142
1,[],5,[],2019-03-10 13:22:19,0.0,0,0,6895183,2019-03-10 13:22:19,btc,0.0,0.34245624,0,btc,0.0,0.0,0.0,142
1,[],17,[],2019-03-10 13:22:31,22967.386363640002,0.00000088,0.000000000034325192,6895184,2019-03-10 13:22:31,btc,20.0699133484,0.0,0.00000088,btc,405.079105,0.0,0.0104613000000032,142
1,[],20,[],2019-03-10 13:22:33,139651.9675,0.0000331,0.0000000012910952900000001,6895185,2019-03-10 13:22:33,btc,0.3385275771142,4.8589,0.0000331,btc,2290.4355,0.000193989988,0.3071944085989,142
1,[],22,[],2019-03-10 13:22:36,1470.8988921568628,0.00004000,0.0000000015602360000000002,6895186,2019-03-10 13:22:36,BTC,3.00385504,0.0,0.00004000,BTC,891.218,0.0,0.0012358,142
0.0,[],25,[],2019-03-10 13:22:38,0.0,0,0,6895187,2019-03-10 13:22:38,,0.0,0.0,0.0,btc,0.0,0.0,0.0,142
1,[],28,[],2019-03-10 13:22:39,76202.688,0.00002500,0.0000000009751475000000001,6895188,2019-03-10 13:22:39,btc,0.067100461059305,1650.0,0.00002500,btc,552.61077999,0.0,0.00549456,142
0,[],22,[],2019-03-10 13:22:43,0.0,0,0,6895189,2019-03-10 13:22:43,,65.61831169,0.0,0,,1037691921.3,0.0,0.0,143
0,[],22,[],2019-02-25 15:42:22,0.0,0,0,6783783,2019-02-25 15:42:22,,4.2131946,0.0,0,,2322156.0,0.0,0.0,146
,[],22,[],2018-11-20 23:01:11,0.0,0,0,4862114,2018-11-20 23:01:11,,2.56807021,0.0,,,61828.4988236,0.0,0.0,147
1,[],12,[],2019-03-10 13:22:44,337210.9014333,0.00000225000000000000005700192921842539561794183100573718547821044921875,0.00000000008776327500000001,6895190,2019-03-10 13:22:44,btc,1.7297460343090616,0.0,0.00000225000000000000005700192921842539561794183100573718547821044921875,btc,28334.32942272,5.63436564e-06,0.0280655999999592,148
1,[],4,[],2019-03-10 13:22:45,251402.44962211,0.00000029,0.000000000011311711000000001,6895191,2019-03-10 13:22:45,btc,219.99891564754464,0.0,0.00000029,btc,841119.99512658,0.0,0.0597502236448945,152
0,[],22,[],2019-03-10 13:22:48,0.0,0,0,6895192,2019-03-10 13:22:48,,0.0,0.0,0,,0.0,0.0,0.0,152
1,[],5,[],2019-03-10 13:22:50,0.0,0,0,6895193,2019-03-10 13:22:50,btc,0.0,0.0,0,btc,0.0,0.0,0.0,153
,[],16,[],2019-01-11 15:38:59,0.0,0,0,6366141,2019-01-11 15:38:59,btc,0.0,0.0,,btc,0.0,0.0,0.0,155
0,[],22,[],2019-03-10 13:22:53,0.0,0,0,6895194,2019-03-10 13:22:53,,6.7463781,0.0,0,,4673397.242592593,0.0,0.0,156
0,[],23,[],2019-01-20 23:24:29,0.0,0,0,6476932,2019-01-20 23:24:29,,0.0,0.0,0,,0.0,0.0,0.0,156
1,[],22,[],2019-03-10 13:23:11,7073.8,0.00005300,0.0000000020673127,6895195,2019-03-10 13:23:11,BTC,1.79802465,0.0,0.00005300,BTC,802.6461988741639,0.00541234,0.00104336,157
0,[],22,[],2019-03-10 13:23:14,0.0,0,0,6895196,2019-03-10 13:23:14,,50175.67608608,0.0,0,,54079135.04179466,0.0,0.0,158
,[],17,[],2018-11-20 22:56:10,0.0,0,0,4861976,2018-11-20 22:56:10,btc,1.1265625,0.0,,btc,1000.0,0.0,0.0,159
,[],20,[],2018-11-20 22:56:12,0.0,0,0,4861977,2018-11-20 22:56:12,btc,11912.7940471,0.0,,btc,34413894.3617,0.0,0.0,159
1,[],12,[],2019-03-10 13:23:15,220335.31049544,0.0000068399999999999997328287322517770263630154659040272235870361328125,0.000000000266800356,6895197,2019-03-10 13:23:15,btc,0.7784606653368001,0.0,0.0000068399999999999997328287322517770263630154659040272235870361328125,btc,8636.12642149,0.0022806023831213,0.09360516829986269,168
1,[],17,[],2019-03-10 13:23:27,29784.95,0.000001,0.0000000000390059,6895198,2019-03-10 13:23:27,btc,0.03026736251542,0.0,0.000001,btc,144.46171372,0.0,0.00716147,168
0,[],22,[],2019-03-07 13:06:36,0.0,0,0,6867364,2019-03-07 13:06:36,,1.1339604,0.0,0,,520283.17470714403,0.0,0.0,169
1,[],22,[],2019-03-10 13:23:31,222628.08333333334,0.00000012,0.000000000004680708,6895199,2019-03-10 13:23:31,BTC,14.35053156,0.0,0.00000012,BTC,156356.96746351355,0.00013086,0.00300837,171
1,[],22,[],2019-03-10 13:23:59,929614.6916666667,0.00000012,0.000000000004680708,6895200,2019-03-10 13:23:59,BTC,2.25440285,0.0,0.00000012,"BTC,LTC",286132.93262021587,0.00012628,0.03145914,173
1,[],5,[],2019-03-05 01:59:40,0.0,0,0,6845846,2019-03-05 01:59:40,btc,0.0,0.00384852,0,btc,0.0,0.0,0.0,175
1,[],22,[],2019-03-10 13:24:04,35500.0,0.00000012,0.000000000004680708,6895201,2019-03-10 13:24:04,BTC,0.54559973,0.0,0.00000012,BTC,137776.41444619838,0.0,0.00206,176
1,[],7,[],2019-03-10 13:24:06,0.0,0,0,6895202,2019-03-10 13:24:06,btc,408082.77918085374,17509.4905095,0,btc,115663731.27961002,0.00017509,0.0,178
0,[],22,[],2019-03-10 13:24:09,0.0,0,0,6895203,2019-03-10 13:24:09,,1.00242438,0.0,0,,57522.0,0.0,0.0,178
0,[],2,[],2019-01-20 23:28:34,0.0,0,0,6477001,2019-01-20 23:28:34,,0.0,0.0,0,,0.0,0.0,0.0,178
1,[],5,[],2019-03-10 13:24:12,0.0,0,0,6895204,2019-03-10 13:24:12,btc,0.0,0.02616115,0,btc,0.0,0.0,0.0,179
1,[],22,[],2019-03-10 13:24:17,6868442.5,0.00000002,0.0000000000007801180000000001,6895205,2019-03-10 13:24:17,BTC,5.65174896,0.0,0.00000002,"BTC,LTC",17774331.756535422,0.00014766,0.37230957,179
0,[],23,[],2019-01-20 23:25:08,0.0,0,0,6476952,2019-01-20 23:25:08,,0.0,0.0,0,,0.0,0.0,0.0,179
1,[],17,[],2019-03-10 13:24:19,10504.725,0.0000001,0.0000000000039005900000000004,6895206,2019-03-10 13:24:19,btc,5.201069583844219,0.0,0.0000001,btc,5033.45945,0.0,0.0010504725,180
1,[],22,[],2019-03-10 13:24:24,667666.7090909091,0.00000178,0.000000000069430502,6895207,2019-03-10 13:24:24,BTC,0.20952313,0.0,0.00000178,"BTC,LTC",59060.756131308655,0.01743884,0.57462798,180
1,[],26,[],2019-03-10 13:24:24,0.0,0.00000125,0.000000000048757375000000005,6895208,2019-03-10 13:24:24,btc,0.0,194.0,0.00000125,btc,0.0,0.0,0.0,180
,[],7,[],2018-11-20 22:58:01,562227.975654,0.00000085,0.000000000036176765,4862015,2018-11-20 22:58:01,btc,21836.6059674,2491.87645172,,btc,749999.041456,0.00211021,0.127565380455,183
,[],5,[],2019-01-10 08:11:41,0.0,0,0,6347036,2019-01-10 08:11:41,btc,82.15055501,0.00261,,btc,1.19002445,0.0,0.0,187
1,[],24,[],2019-03-10 13:24:24,0.0,0.000000000001,3.90059e-17,6895209,2019-03-10 13:24:24,btc,0.0,0.0,0.000000000001,btc,0.0,0.0,0.0,187
,[],17,[],2018-11-16 20:58:10,4062536.27273,0.00000001,0.000000000000550501,4708775,2018-11-16 20:58:10,btc,3.36492563466,0.195460381006,,"btc,eth",110697919.549,0.0,0.0157628953496,187
0,[],22,[],2019-03-10 13:24:27,0.0,0,0,6895210,2019-03-10 13:24:27,,7.54797454,0.0,0,,79361.7243344055,0.0,0.0,191
0,[],22,[],2019-03-10 13:24:33,0.0,0,0,6895211,2019-03-10 13:24:33,,0.0,0.0,0,,0.0,0.0,0.0,197
0,[],23,[],2019-01-20 23:31:41,0.0,0,0,6477079,2019-01-20 23:31:41,,0.0,0.0,0,,0.0,0.0,0.0,199
0,[],22,[],2019-03-10 13:24:36,0.0,0,0,6895212,2019-03-10 13:24:36,,5.19076992,0.0,0,,21057923.0,0.0,0.0,199
1,[],26,[],2019-03-10 13:24:36,0.0,0.00000000,0,6895213,2019-03-10 13:24:36,btc,0.0,129441.0,0.00000000,btc,0.0,0.0,0.0,199
0,[],17,[],2019-01-30 16:32:01,0.0,0,0,6540827,2019-01-30 16:32:01,btc,6.802544163788159,0.0,0,btc,105897.55575295,0.0,0.0,200
0,[],2,[],2019-01-20 23:30:49,0.0,0,0,6477059,2019-01-20 23:30:49,,0.0,0.0,0,,0.0,0.0,0.0,201
1,[],4,[],2019-01-25 15:51:35,2084389.58565343,0.00000936,0.000000000333526752,6499557,2019-01-25 15:51:35,btc,2.0092503037378524,0.0,0.00000936,btc,160195.80207885,0.19272417,1.242687955921835,211
1,[],7,[],2019-03-10 13:24:40,2576331.40890894,0.0000010600000000000000155604695795119596368749625980854034423828125,0.000000000041346254,6895214,2019-03-10 13:24:40,btc,15476653.305019472,528385.745697,0.0000010600000000000000155604695795119596368749625980854034423828125,btc,13327545.62508465,0.0,1.135965277059563,212
1,[],5,[],2019-03-10 13:24:41,0.0,0,0,6895215,2019-03-10 13:24:41,btc,0.0,0.30089831,0,btc,0.0,0.0,0.0,213
1,[],24,[],2019-03-10 13:24:41,0.0,0.000000120000,0.000000000004680708,6895216,2019-03-10 13:24:41,btc,0.0,0.0,0.000000120000,btc,0.0,0.0,0.0,213
1,[],26,[],2019-03-10 13:24:41,0.0,0.00000010,0.0000000000039005900000000004,6895217,2019-03-10 13:24:41,btc,0.0,0.0,0.00000010,btc,0.0,0.0,0.0,213
1,[],12,[],2019-01-25 02:44:32,207462.42853209,0.000001080000000000000035831255497387193287295303889550268650054931640625,0.000000000038610756000000006,6493050,2019-01-25 02:44:32,btc,85023.03793723314,0.0,0.000001080000000000000035831255497387193287295303889550268650054931640625,btc,43675.73520027,0.000146250909087,0.0348620860622024,213
1,[],22,[],2019-03-10 13:15:26,65000.0,0.00000002,0.0000000000007808060000000001,6895036,2019-03-10 13:15:26,BTC,2.28062382,0.0,0.00000002,BTC,675757.3963726171,0.0,0.00105,216
1,[],27,[],2019-03-10 13:15:29,1298122.0,0.00000003,0.000000000001171209,6895037,2019-03-10 13:15:29,btc,317.9840526547724,490.0,0.00000003,"btc,ltc",240753.990324,3.92e-05,0.03375764000025982,216
1,[],22,[],2019-03-10 13:24:45,155457.52409638555,0.00000166,0.000000000064749794,6895218,2019-03-10 13:24:45,BTC,12673.62824578,0.0,0.00000166,BTC,432751.7848329881,0.01626319,0.15691261,217
1,[],7,[],2019-03-10 13:24:48,0.0,0,0,6895219,2019-03-10 13:24:48,btc,77969.38822110009,1000.0,0,btc,135864036.11822966,1e-05,0.0,219
0,[],27,[],2019-03-10 13:24:49,0.0,0,0,6895220,2019-03-10 13:24:49,,0.0404796,0.0,0,btc,2057905.0,0.0,0.0,219
0.000000000000005,[],28,[],2019-03-10 13:24:53,168602693.387,7.5e-18,2.9254425e-22,6895221,2019-03-10 13:24:53,doge,85152.2106148375,14672.962,0.00150000,"btc,doge",3763918.34751,0.0,1.43534945916935e-11,219
1,[],22,[],2019-03-10 13:15:50,348339.0,0.00000006,0.000000000002342418,6895042,2019-03-10 13:15:50,BTC,2.76235014,0.0,0.00000006,BTC,86245.24541875876,0.0,0.01427961,221
1,[],24,[],2019-03-10 13:15:51,0.0,0.000000200000,0.000000000007808060000000001,6895043,2019-03-10 13:15:51,btc,0.0,0.0,0.000000200000,btc,0.0,0.0,0.0,221
1,[],20,[],2019-03-10 13:15:52,40734944.429,0.000000002,0.0000000000000780806,6895044,2019-03-10 13:15:52,btc,48.4442602981303,876385.0963,0.000000002,btc,16017729.9079,0.0017527701926,0.0423645593327,224
0,[],22,[],2019-03-10 13:16:30,0.0,0,0,6895045,2019-03-10 13:16:30,,0.0,0.0,0,,0.0,0.0,0.0,224
1,[],26,[],2019-03-10 13:24:53,0.0,0.00000035,0.000000000013652065,6895222,2019-03-10 13:24:53,btc,0.0,0.0,0.00000035,btc,0.0,0.0,0.0,231
1,[],26,[],2019-03-10 13:24:53,0.0,0.00000005,0.0000000000019502950000000002,6895223,2019-03-10 13:24:53,btc,0.0,100.0,0.00000005,btc,0.0,0.0,0.0,234
0.0000000003467346,[],27,[],2019-03-10 13:24:55,2000.0,3.4673460000000003e-18,1.3524695134140002e-22,6895224,2019-03-10 13:24:55,eth,0.01134836604,0.0,0.00000001,"btc,eth",11462.996,0.0,6.934692000000001e-15,234
1,[],4,[],2019-03-10 13:16:35,770053.85601674,0.00000072,0.000000000028109016,6895049,2019-03-10 13:16:35,btc,4.226728244254254,0.0,0.00000072,btc,1225575.37203978,0.01442264,0.1911789444467197,236
1,[],24,[],2019-03-10 13:16:35,0.0,0.000000500000,0.00000000001952015,6895050,2019-03-10 13:16:35,btc,0.0,0.0,0.000000500000,btc,0.0,0.0,0.0,236
1,[],20,[],2019-03-10 13:16:37,199020455.2538,0.000000055,0.0000000000021472165000000002,6895051,2019-03-10 13:16:37,btc,13.4752759196239,24631776.6833,0.000000055,btc,37082770.5856,1.3618424432353,0.3200342759905,237
0.0000000001443448,[],22,[],2019-03-10 13:16:41,751594.9,2.4538616e-17,9.579949302248e-22,6895052,2019-03-10 13:16:41,LTC,0.0405823,0.0,0.00000017,LTC,3164.0,0.0,0.12541949,237
1,[],4,[],2019-03-10 13:24:57,8990627.38700093,0.00000035,0.000000000013652065,6895225,2019-03-10 13:24:57,btc,10.072884735270662,0.0,0.00000035,btc,12393831.40555268,0.62811408,2.2990670369589417,238
1,[],5,[],2019-03-10 13:24:58,0.0,0,0,6895226,2019-03-10 13:24:58,btc,0.0,0.03318327,0,btc,0.0,0.0,0.0,238
0,[],22,[],2019-03-10 13:25:05,0.0,0,0,6895227,2019-03-10 13:25:05,,0.40415746,0.0,0,,526736.5639027493,0.0,0.0,249
0.0000000001445914,[],22,[],2019-03-10 13:25:09,49087200.666666664,5.783656e-18,2.255967075704e-22,6895228,2019-03-10 13:25:09,LTC,0.90188236,0.0,0.00000004,LTC,17061399.253636364,0.0,1.18162413,252
1,[],28,[],2019-03-10 13:25:12,2789461.713,0.00000037,0.000000000014432183,6895229,2019-03-10 13:25:12,btc,164793.12589615578,17673.3,0.00000037,btc,3219214.1177,0.0,0.57356634182,256
1,[],22,[],2019-03-10 13:17:01,1370473.8333333333,0.00000004,0.0000000000015616120000000002,6895058,2019-03-10 13:17:01,BTC,31.45910885,0.0,0.00000004,BTC,705204.3235644724,0.0002403,0.02036077,258
1,[],22,[],2019-03-10 13:25:17,47146.0,0.00000001,0.00000000000039005900000000003,6895230,2019-03-10 13:25:17,BTC,2.415167,0.0,0.00000001,BTC,157.0,1.605e-05,0.00047146,259
1,[],5,[],2019-03-10 13:17:08,0.0,0,0,6895060,2019-03-10 13:17:08,btc,0.0,0.02410821,0,btc,0.0,0.0,0.0,264
1,[],20,[],2019-03-10 13:17:09,1216531.4345,0.00000171,0.00000000006675891300000001,6895061,2019-03-10 13:17:09,btc,7.4574323024672,48520.2484,0.00000171,btc,101736.531,0.1349144181156,0.0171940529288,264
0,[],22,[],2019-03-10 13:17:12,0.0,0,0,6895062,2019-03-10 13:17:12,,8.75643939,0.0,0,,466495.2241309945,0.0,0.0,271
0,[],22,[],2019-03-10 13:25:19,0.0,0,0,6895231,2019-03-10 13:25:19,,266.36893303,0.0,0,,13949488766.692,0.0,0.0,272
0.000000000000005,[],28,[],2019-03-10 13:25:21,219865356712.905,5.05e-21,1.96979795e-25,6895232,2019-03-10 13:25:21,doge,39489288.1760922,13489823065.8214,0.00000101,doge,208999619697.1199,0.0,6.040132249454133e-10,272
1,[],22,[],2019-03-10 13:25:27,179098.74,0.0000007,0.00000000002730413,6895233,2019-03-10 13:25:27,BTC,177.40763731,0.0,0.0000007,"BTC,LTC",30499.421119091923,0.0,0.06950825,281
1,[],22,[],2019-03-10 13:25:32,863197.0,0.00000003,0.000000000001170177,6895234,2019-03-10 13:25:32,BTC,1.34768412,0.0,0.00000003,BTC,318159.680176204,0.00027398,0.02563187,286
0,[],22,[],2019-03-10 13:25:55,0.0,0,0,6895235,2019-03-10 13:25:55,,43638.82491513,0.0,0,,700126356.0,0.0,0.0,294
