pairValue,buyBook,exchangeId,sellBook,updated,buyTotal,satoshiPrice,usdPrice,exchangeLogId,created,bestPair,sellTotalBtc,volume,pairPrice,activePairs,sellTotal,volumeBtc,buyTotalBtc,coinId
1,[],3,[],2019-02-10 23:37:22,124.378397911721,0.013273449999999999138200479364968487061560153961181640625,0.00000048730286047,6629011,2019-02-10 23:37:22,btc,107.07431523363849,0.06923177,0.013273449999999999138200479364968487061560153961181640625,btc,21.789644489300002,0.0,0.20670336063655748,1
1,[],4,[],2019-02-10 23:37:23,954.53110679,0.01331914,0.000000488980259164,6629012,2019-02-10 23:37:23,btc,1.1612251604878778,0.0,0.01331914,btc,84.02430832,0.89924203,1.452453827684763,1
1,[],5,[],2019-02-10 23:37:26,0.319778,0.01300001,0.0000004772641671260001,6629013,2019-02-10 23:37:26,btc,14577.92937752,0.26277817,0.01300001,btc,35555556.08854137,0.0,2.61447977,1
1,[],10,[],2019-02-10 23:37:28,414774.78262686,0.0115685,0.00000042470971310000004,6629014,2019-02-10 23:37:28,btc,6531.2739996183855,1525.48178906,0.0115685,btc,880.04815226,0.0,4.74531867961408,1
1,[],12,[],2019-02-10 23:37:31,10443.50797736,0.01331000000000000065003558091802915441803634166717529296875,0.000000488644706,6629015,2019-02-10 23:37:31,btc,0.2787453404665,0.0,0.01331000000000000065003558091802915441803634166717529296875,btc,14.111908360000001,0.1791932227574,0.4568196242195,1
1,[],20,[],2019-02-10 23:37:33,1149.1164,0.010400104,0.00000038181485811040005,6629016,2019-02-10 23:37:33,btc,0.0573537536243,0.218,0.010400104,btc,2.5253,0.0025453551741,0.0832233683099,1
1,[],21,[],2019-02-10 23:37:34,3065.85593038,0.01346544000000000039507508376,0.0000004943513125440001,6629017,2019-02-10 23:37:34,btc,13.894358973097967,2001.9287582299999,0.01346544000000000039507508375891120522283017635345458984375,"btc,eth",1487.44944057,20.979890488072545,26.416467699558083,1
1,[],22,[],2019-02-10 23:37:39,0.0280576,0.01350000,0.0000004956201,6629018,2019-02-10 23:37:39,BTC,0.3139634,0.0,0.01350000,BTC,0.10070366666666666,1.62e-05,0.00036518,1
1,[],24,[],2019-02-10 23:37:39,0.0,0.000000000000,0,6629019,2019-02-10 23:37:39,btc,0.0,0.0,0.000000000000,btc,0.0,0.0,0.0,1
0.0,[],25,[],2019-02-10 23:37:40,0.0,0,0,6629020,2019-02-10 23:37:40,btc,11.293199998752973,543.99273062,0.0,btc,821.31474749,7.2004,0.0,1
1,[],26,[],2019-02-10 23:37:50,0.0,0,0,6629021,2019-02-10 23:37:50,,0.0,0.0,0,,0.0,0.0,0.0,1
1,[],28,[],2019-02-10 23:37:52,992.968,0.01231000,0.000000451932106,6629022,2019-02-10 23:37:52,btc,0.163517306,12055.15,0.01231000,btc,8.95,0.0,0.086870176,1
0,[],2,[],2019-01-20 23:28:45,0.0,0,0,6477011,2019-01-20 23:28:45,,0.0,0.0,0,,0.0,0.0,0.0,1
1,[],5,[],2019-02-10 23:37:53,7.84e-06,0.00000051,0.000000000018723426,6629023,2019-02-10 23:37:53,btc,0.13536665,0.06647192,0.00000051,btc,6.446e-05,0.0,0.1570912,2
0,[],22,[],2019-02-10 23:37:55,0.0,0,0,6629024,2019-02-10 23:37:55,,0.0,0.0,0,,0.0,0.0,0.0,2
1,[],5,[],2019-02-10 23:37:57,1.25e-06,0.00000016,0.0000000000058740160000000006,6629025,2019-02-10 23:37:57,btc,4.33418155,0.33751158,0.00000016,btc,2.278e-05,0.0,2.90021986,3
1,[],12,[],2019-02-10 23:37:58,12474169.81228769,0.000000171,0.0000000000062778546000000006,6629026,2019-02-10 23:37:58,btc,923317.5212106245,0.0,0.000000171,btc,8592863.17695925,0.10829667612585167,0.5440485449885795,3
0,[],28,[],2019-02-10 23:38:00,0.0,0,0,6629027,2019-02-10 23:38:00,,0.0,0.0,0,,0.0,0.0,0.0,3
0,[],2,[],2019-01-20 23:31:32,0.0,0,0,6477077,2019-01-20 23:31:32,,0.0,0.0,0,,0.0,0.0,0.0,4
1,[],4,[],2019-02-10 23:38:01,427731.57432247,0.00000034,0.000000000012482284,6629028,2019-02-10 23:38:01,btc,0.3845914472186136,0.0,0.00000034,btc,336207.64460672,0.01478547,0.0631973190049245,4
1,[],12,[],2019-02-10 23:38:02,1590035.5219999999,0.00000004,0.0000000000014685040000000001,6629029,2019-02-10 23:38:02,btc,11113878.38005924,0.0,0.00000004,btc,991283.44426598,0.000665661658342,0.02748425044,5
0,[],2,[],2019-01-20 23:31:51,0.0,0,0,6477087,2019-01-20 23:31:51,,0.0,0.0,0,,0.0,0.0,0.0,6
1,[],11,[],2019-02-10 23:38:04,1662188.4999525,0.00000002,0.0000000000007342520000000001,6629030,2019-02-10 23:38:04,btc,9433.338976981096,110000.0,0.00000002,btc,40296754.09502706,0.0,0.02455346499905,6
1,[],3,[],2019-02-10 23:38:05,1074.273146428111,0.00014521000000000000053346216333238771767355501651763916015625,0.000000005331036646,6629031,2019-02-10 23:38:05,btc,28.399990609446498,0.0,0.00014521000000000000053346216333238771767355501651763916015625,btc,235.145665820227,0.0,0.031531977816658056,7
1,[],4,[],2019-02-10 23:38:07,25560.09894447,0.00019149,0.000000007030095774000001,6629032,2019-02-10 23:38:07,btc,1.6228478360809138,0.0,0.00019149,btc,7464.02212463,2.58095801,4.156051385396756,7
1,[],5,[],2019-02-10 23:38:08,0.00605668,0.00018550,0.0000000068101873000000004,6629033,2019-02-10 23:38:08,btc,1.46033953,0.27449795,0.00018550,btc,0.01213842,0.0,1.71943515,7
1,[],20,[],2019-02-10 23:38:10,59395762.1499,0.000000001,0.0000000000000367126,6629034,2019-02-10 23:38:10,btc,116.5916532606651,1743206.7423,0.000000001,btc,33312875.6586,0.0017432067423,0.0593957621499,8
0,[],2,[],2019-01-20 23:22:42,0.0,0,0,6476876,2019-01-20 23:22:42,,0.0,0.0,0,,0.0,0.0,0.0,9
0,[],23,[],2019-01-20 23:22:48,0.0,0,0,6476878,2019-01-20 23:22:48,,0.0,0.0,0,,0.0,0.0,0.0,9
1,[],1,[],2019-02-10 23:38:11,899972.59,0.00000199000000000000000523994909962244292955801938660442829132080078125,0.000000000073058074,6629035,2019-02-10 23:38:11,btc,8.0596778725,9591638.86,0.00000199000000000000000523994909962244292955801938660442829132080078125,btc,3980111.52,18.98778283,1.7547778283,9
1,[],4,[],2019-02-10 23:38:12,361948.64427512,0.00000196,0.00000000007195669600000001,6629036,2019-02-10 23:38:12,btc,0.8284414668748278,0.0,0.00000196,btc,413677.73611386,1.46004694,0.6731898151652834,9
1,[],28,[],2019-02-10 23:38:13,34500.0,0.00000165,0.00000000006057579,6629037,2019-02-10 23:38:13,btc,2708.76119522,2387191.12,0.00000165,btc,11732.68,0.0,0.02854,9
1,[],4,[],2019-02-10 09:54:02,5828483.02026053,0.00000002,0.000000000000726692,6623074,2019-02-10 09:54:02,btc,0.2014004865591215,0.0,0.00000002,btc,4198675.28035349,0.00021932,0.0653957035452106,10
0,[],2,[],2019-01-20 23:23:08,0.0,0,0,6476890,2019-01-20 23:23:08,,0.0,0.0,0,,0.0,0.0,0.0,12
1,[],4,[],2019-02-10 23:38:14,2245015.78701205,0.00000144,0.000000000052866144000000004,6629038,2019-02-10 23:38:14,btc,1.437847759505478,0.0,0.00000144,btc,937542.35686214,0.84712261,3.0601578497458974,12
1,[],5,[],2019-02-10 23:38:15,1.8e-05,0.00000139,0.000000000051030514,6629039,2019-02-10 23:38:15,btc,0.49601252,0.2381178,0.00000139,btc,0.00011057,0.0,0.10065364,12
0.0,[],25,[],2019-02-10 23:38:17,0.0,0,0,6629040,2019-02-10 23:38:17,,0.0,0.0,0.0,btc,0.0,0.0,0.0,12
1,[],4,[],2019-02-10 23:38:18,1303505.75922569,0.00000632,0.00000000023202363200000002,6629041,2019-02-10 23:38:18,btc,0.7805115958315566,0.0,0.00000632,btc,110031.94765383,0.5119483,1.252637174902714,13
1,[],21,[],2019-02-10 23:38:21,738590.30720646,0.000006299999999999999820792222910,0.00000000023128938000000001,6629042,2019-02-10 23:38:21,btc,2.7035062284507445,1104184.62451064,0.0000062999999999999998207922229098709721029081265442073345184326171875,btc,382836.47392561,7.12885,4.235808835099351,13
1,[],10,[],2019-02-10 22:30:27,423690.93558035,0.0000053,0.00000000019317440000000002,6628313,2019-02-10 22:30:27,btc,666806.5088491889,4897.66584554,0.0000053,btc,758544.02352562,0.0,0.246698555256983,13
1,[],4,[],2019-02-10 23:38:21,1073080.0223128,0.00000137,0.000000000050296262000000004,6629043,2019-02-10 23:38:21,btc,0.1513183890136459,0.0,0.00000137,btc,86116.95036199,0.00231175,0.4680216752840815,14
1,[],12,[],2019-02-10 23:38:22,87562.90082645,0.000001300000000000000047051663780439678674838432925753295421600341796875,0.000000000047726380000000004,6629044,2019-02-10 23:38:22,btc,1.7677581806991556,0.0,0.000001300000000000000047051663780439678674838432925753295421600341796875,btc,29145.33636749,6.48351649e-06,0.0090562000000045,14
0,[],17,[],2019-02-10 23:38:25,0.0,0,0,6629045,2019-02-10 23:38:25,btc,0.0,0.0,0,btc,0.0,0.0,0.0,14
1,[],26,[],2019-02-10 23:38:25,0.0,0.00000049,0.000000000017989174000000002,6629046,2019-02-10 23:38:25,btc,0.0,0.0,0.00000049,btc,0.0,0.0,0.0,14
,[],12,[],2018-12-01 15:15:48,204241.84496,0.00000489,0.000000000202473384,5260204,2018-12-01 15:15:48,btc,49.5475654835,0.0,,btc,35763.2193806,0.0163153972027625,0.0203389899998,15
0,[],4,[],2019-02-10 23:38:26,0.0,0,0,6629047,2019-02-10 23:38:26,,0.0,0.0,0,,0.0,0.0,0.0,15
0,[],2,[],2019-01-20 23:23:38,0.0,0,0,6476906,2019-01-20 23:23:38,,0.0,0.0,0,,0.0,0.0,0.0,18
1,[],4,[],2019-02-10 23:38:28,23502.30519538,0.00001833,0.000000000672941958,6629048,2019-02-10 23:38:28,btc,2.2820070230080276,0.0,0.00001833,btc,10797.93670533,0.00655213,0.0394607612903895,18
1,[],10,[],2019-02-10 23:38:30,789787.61605933,0.00001841,0.0000000006758789660000001,6629049,2019-02-10 23:38:30,btc,15.543213218735819,131.3,0.00001841,btc,10730.36055816,0.0,0.3103002725213097,18
1,[],12,[],2019-02-10 23:38:31,204524.70452927,0.000017669999999999998533360690000648673958494327962398529052734375,0.000000000648711642,6629050,2019-02-10 23:38:31,btc,2.992494472806129,0.0,0.000017669999999999998533360690000648673958494327962398529052734375,btc,1819.01973457,4.91853119268e-05,0.0383856783488835,18
0,[],17,[],2019-02-10 23:38:33,0.0,0,0,6629051,2019-02-10 23:38:33,btc,0.0,0.0,0,btc,0.0,0.0,0.0,18
0,[],2,[],2019-01-20 23:24:19,0.0,0,0,6476924,2019-01-20 23:24:19,,0.0,0.0,0,,0.0,0.0,0.0,19
1,[],3,[],2019-02-10 23:38:34,129582.10860259978,0.0000220500000000000006433222010659989109626621939241886138916015625,0.0000000008095128300000001,6629052,2019-02-10 23:38:34,btc,0.4672449630434957,1.085,0.0000220500000000000006433222010659989109626621939241886138916015625,btc,5018.393100515442,0.0,0.09801622493169124,19
1,[],4,[],2019-02-10 23:38:34,232179.27270463,0.00002880,0.00000000105732288,6629053,2019-02-10 23:38:34,btc,0.2906145642219576,0.0,0.00002880,btc,8736.64317169,0.57122924,2.8620010975514116,19
1,[],5,[],2019-02-10 23:38:35,0.00023047,0.00002513,0.0000000009225876380000001,6629054,2019-02-10 23:38:35,btc,0.2714879,0.00534173,0.00002513,btc,0.00304101,0.0,0.07687659,19
1,[],12,[],2019-02-10 23:38:37,134818.32066935,0.00002392999999999999958416076195621968736304552294313907623291015625,0.000000000878532518,6629055,2019-02-10 23:38:37,btc,0.0323002025971326,0.0,0.00002392999999999999958416076195621968736304552294313907623291015625,btc,359.50017125,0.0013643499999996,0.0318143254402945,19
0,[],27,[],2019-02-10 23:38:38,0.0,0,0,6629056,2019-02-10 23:38:38,,0.0,0.0,0,btc,0.0,0.0,0.0,19
1,[],4,[],2019-02-10 23:38:39,8068648.06114371,0.00000015,0.00000000000550689,6629057,2019-02-10 23:38:39,btc,0.7749587295496513,0.0,0.00000015,btc,1546467.69472606,0.0055978,0.2587079998655905,20
1,[],4,[],2019-02-10 23:38:40,112935810.78755699,0.00000002,0.0000000000007342520000000001,6629058,2019-02-10 23:38:40,btc,0.5826846093093433,0.0,0.00000002,btc,15737629.87292108,0.00618449,1.3268834199609802,21
1,[],12,[],2019-02-10 23:38:42,18999837.0,0.00000002,0.0000000000007342520000000001,6629059,2019-02-10 23:38:42,btc,669.7258355491022,0.0,0.00000002,btc,8580204.84915351,0.0,0.25303702,21
0,[],17,[],2019-02-10 23:38:43,0.0,0,0,6629060,2019-02-10 23:38:43,btc,0.0,0.0,0,btc,0.0,0.0,0.0,21
1,[],12,[],2019-02-10 23:38:44,2734878923.043896,0.0000000002,0.000000000000007342520000000001,6629061,2019-02-10 23:38:44,btc,825864718656.4639,0.0,0.0000000002,btc,4276374007.2169857,0.006819551449351381,0.2996630721555898,23
0,[],27,[],2019-02-10 23:38:46,0.0,0,0,6629062,2019-02-10 23:38:46,,0.426429,0.0,0,eth,426429.0,0.0,0.0,23
1,[],4,[],2019-02-10 23:38:47,379336.78352809,0.00000067,0.000000000024597442,6629063,2019-02-10 23:38:47,btc,0.1218562954554883,0.0,0.00000067,btc,111942.35076619,0.0,0.1911883748051708,24
1,[],22,[],2019-02-10 23:38:51,11.76,0.00000100,0.000000000036712600000000003,6629064,2019-02-10 23:38:51,BTC,7.415e-05,0.0,0.00000100,BTC,23.919354838709676,0.0,1.176e-05,24
0.0,[],25,[],2019-02-10 23:38:52,0.0,0,0,6629065,2019-02-10 23:38:52,,0.0,0.0,0.0,btc,0.0,0.0,0.0,24
0,[],2,[],2019-01-20 23:25:56,0.0,0,0,6476976,2019-01-20 23:25:56,,0.0,0.0,0,,0.0,0.0,0.0,26
1,[],4,[],2019-02-10 23:38:53,27835448.94049563,0.00000614,0.00000000022541536400000002,6629066,2019-02-10 23:38:53,btc,0.4109101694148771,0.0,0.00000614,btc,34326.14573253,0.05542112,0.4200378688593281,26
1,[],10,[],2019-02-10 23:38:55,725894.80417281,0.00000601,0.000000000220642726,6629067,2019-02-10 23:38:55,btc,25.915473600891936,0.0,0.00000601,btc,13160.96477388,0.0,0.2082263667259784,26
1,[],3,[],2019-02-10 23:38:56,6073886.94941962,0.00000001,0.00000000000036712600000000004,6629068,2019-02-10 23:38:56,btc,2.510428969376103,5042.08943181,0.00000001,btc,16082144.50261569,0.0,0.060738869494196206,27
1,[],5,[],2019-02-10 23:38:57,1e-08,0.00000001,0.00000000000036712600000000004,6629069,2019-02-10 23:38:57,btc,1.55088787,0.0,0.00000001,btc,4.577e-05,0.0,0.10808531,27
1,[],11,[],2019-02-10 23:38:59,10064996.7912115,0.00000005,0.00000000000183563,6629070,2019-02-10 23:38:59,btc,370.63310344475406,219.9,0.00000005,btc,8170877.7193934005,0.0,0.4661206184459823,27
1,[],4,[],2019-02-10 23:39:00,554670913.5063262,0.00000002,0.0000000000007342520000000001,6629071,2019-02-10 23:39:00,btc,0.3230922180305311,0.0,0.00000002,"btc,ltc",84042124.3861838,0.11263158,7.06353170390535,29
1,[],7,[],2019-02-10 23:39:01,29031916.775896247,0.00000002,0.0000000000007342520000000001,6629072,2019-02-10 23:39:01,btc,44465206.22744077,21766.4056943,0.00000002,btc,52537926.44092949,0.00064561,0.42584037210866027,29
1,[],4,[],2019-02-10 23:32:17,1513681.50412711,0.00000028,0.000000000010270288,6628870,2019-02-10 23:32:17,btc,0.2234436062938017,0.0,0.00000028,btc,441474.4409266,0.01689931,0.1175583103611456,30
0,[],17,[],2019-02-10 23:32:19,0.0,0,0,6628871,2019-02-10 23:32:19,btc,0.0,0.0,0,btc,0.0,0.0,0.0,30
1,[],4,[],2019-02-10 23:39:02,1758751.14937588,0.00006301,0.0000000023132609260000004,6629073,2019-02-10 23:39:02,btc,0.9929889213277482,0.0,0.00006301,btc,13454.62704224,0.55024609,2.3688952716314176,31
1,[],21,[],2019-02-10 23:39:03,74143.23390675,0.00006344000000000000246552778194,0.0000000023290473440000003,6629074,2019-02-10 23:39:03,btc,2.2092303960888424,61435.8078797,0.000063440000000000002465527781936316387145780026912689208984375,btc,31974.07291855,3.8976643,4.366985433915942,31
0,[],2,[],2019-01-20 23:28:43,0.0,0,0,6477009,2019-01-20 23:28:43,,0.0,0.0,0,,0.0,0.0,0.0,32
1,[],4,[],2019-02-10 23:32:22,133309251.18803632,0.00000004,0.0000000000014671840000000001,6628874,2019-02-10 23:32:22,btc,2.180436574329534,0.0,0.00000004,"btc,ltc",48083978.28421684,0.59896741,1.845407275551899,33
1,[],12,[],2019-02-10 23:32:23,13363569.0,0.00000005,0.00000000000183398,6628875,2019-02-10 23:32:23,btc,34509089.51299728,0.0,0.00000005,btc,89194652.82117864,0.0129754639360644,0.43209312,33
1,[],4,[],2019-02-10 23:39:04,124415611.18515792,0.00000002,0.0000000000007342520000000001,6629075,2019-02-10 23:39:04,btc,0.7472727285911442,0.0,0.00000002,btc,24909090.95303814,0.11349231,1.3163953081115793,34
1,[],5,[],2019-02-10 23:39:06,3e-08,0.00000002,0.0000000000007342520000000001,6629076,2019-02-10 23:39:06,btc,4.21372572,0.03634895,0.00000002,btc,1.394e-05,0.0,0.79313406,34
0.0000000001276165,[],4,[],2019-02-10 23:39:06,774472131.1461179,3.828495e-18,1.4055400553700002e-22,6629077,2019-02-10 23:39:06,ltc,1.1304002806722132e-08,0.0,0.00000003,ltc,1873812775.5147543,0.0,1.6579187026115101e-09,36
1,[],5,[],2019-02-10 23:39:07,0.0,0,0,6629078,2019-02-10 23:39:07,btc,197.40695608,0.0,0,btc,1.325e-05,0.0,0.0,36
0,[],17,[],2019-02-10 23:39:09,0.0,0,0,6629079,2019-02-10 23:39:09,btc,0.07464582800439984,0.0,0,btc,4105386.20243647,0.0,0.0,36
0.0000000001276165,[],27,[],2019-02-10 23:39:11,1000000.0,2.55233e-18,9.3702670358e-23,6629080,2019-02-10 23:39:11,ltc,252.8263276744,0.0,0.00000002,"ltc,eth",3711879.06,0.0,2.55233e-12,36
1,[],4,[],2019-02-10 23:39:12,316306.95705519,0.00000137,0.000000000050296262000000004,6629081,2019-02-10 23:39:12,btc,0.4962515104237116,0.0,0.00000137,btc,285755.12517012,0.03116176,0.2340728199224753,37
1,[],12,[],2019-02-10 23:39:13,420040.73078751,0.000001349999999999999991849510168340220417348973569460213184356689453125,0.000000000049562010000000005,6629082,2019-02-10 23:39:13,btc,1341.2495040426893,0.0,0.000001349999999999999991849510168340220417348973569460213184356689453125,btc,740203.78571359,0.1289521014086036,0.2139019000000139,37
1,[],17,[],2019-02-10 23:39:15,1752.74075282,0.00000025,0.000000000009178150000000001,6629083,2019-02-10 23:39:15,btc,0.05548492398317036,0.0,0.00000025,btc,1387.19918473,0.0,0.00043818518820499993,37
1,[],27,[],2019-02-10 23:39:17,16422.0,0.00000052,0.000000000019090552,6629084,2019-02-10 23:39:17,btc,51.75602025030353,0.0,0.00000052,btc,29579.81438508,0.0,0.00569662,37
1,[],5,[],2019-02-10 23:32:33,1.611e-05,0.00000097,0.000000000035579212,6628882,2019-02-10 23:32:33,btc,0.09027199,0.06166125,0.00000097,btc,8.408e-05,0.0,0.04116748,42
1,[],12,[],2019-02-10 23:32:34,128351.34169279,0.00000101000000000000007076262319161141789436442195437848567962646484375,0.000000000037046396000000004,6628883,2019-02-10 23:32:34,btc,96.1902813580521,0.0,0.00000101000000000000007076262319161141789436442195437848567962646484375,btc,100431.50827537,0.004116208281707,0.04702443,42
0,[],27,[],2019-02-10 23:32:36,0.0,0,0,6628884,2019-02-10 23:32:36,,0.00315028,0.0,0,"btc,eth",11.007,0.0,0.0,42
1,[],5,[],2019-02-10 23:39:18,6e-08,0.00000003,0.0000000000011013780000000002,6629085,2019-02-10 23:39:18,btc,6.25851383,3.948e-05,0.00000003,btc,1.425e-05,0.0,0.55218916,43
1,[],12,[],2019-02-10 23:39:20,3951770.0,0.00000002,0.0000000000007342520000000001,6629086,2019-02-10 23:39:20,btc,20007456.474078905,0.0,0.00000002,btc,38925609.19920079,0.0011514066733267,0.03951777,43
0,[],17,[],2019-02-10 23:39:21,0.0,0,0,6629087,2019-02-10 23:39:21,btc,0.0,0.0,0,btc,0.0,0.0,0.0,43
1,[],12,[],2019-02-10 23:39:23,760174.0,0.00000005,0.00000000000183563,6629088,2019-02-10 23:39:23,btc,11115166.9153617,0.0,0.00000005,btc,982038.14385612,0.00294792,0.0212655,44
1,[],4,[],2019-02-10 23:39:24,225481600.9444724,0.00000002,0.0000000000007342520000000001,6629089,2019-02-10 23:39:24,btc,0.18421501674388233,0.0,0.00000002,"btc,ltc",4376427.20334147,0.00267006,0.43168716594420037,49
0.0000000001276165,[],4,[],2019-02-10 23:39:24,2668057194.464469,1.276165e-18,4.6851335179e-23,6629090,2019-02-10 23:39:24,ltc,4.6451735079543885,0.0,0.00000001,ltc,3079478023.7118206,0.0,3.4048812095737486e-09,52
0,[],22,[],2019-02-10 23:39:27,0.0,0,0,6629091,2019-02-10 23:39:27,,3933.30196955,0.0,0,,263411682.90882352,0.0,0.0,57
0,[],27,[],2019-02-10 23:39:29,0.0,0,0,6629092,2019-02-10 23:39:29,,0.0,0.0,0,"btc,eth",0.0,0.0,0.0,57
0.0000000001276165,[],4,[],2019-02-10 23:39:30,1189509457.6073616,6.380825e-18,2.3425667589500003e-22,6629093,2019-02-10 23:39:30,ltc,3.2794086080101414,0.0,0.00000005,ltc,920251476.0064552,0.00023558,3.995092625654136e-09,58
1,[],12,[],2019-02-10 23:39:32,1948101759.843957,0.0000000005,0.000000000000018356300000000004,6629094,2019-02-10 23:39:32,btc,224005489681.71744,0.0,0.0000000005,btc,3366874267.4848204,0.002466188966533454,0.6891035005011392,58
0,[],17,[],2019-02-10 23:39:33,0.0,0,0,6629095,2019-02-10 23:39:33,btc,1e+24,0.0,0,btc,41481695.95832568,0.0,0.0,58
0.0000000001326955,[],22,[],2019-02-10 23:39:36,137438.0,1.326955e-18,4.8715968133e-23,6629096,2019-02-10 23:39:36,XMR,69.8835922,0.0,0.00000001,XMR,9887963.0,0.0,0.00137438,58
1,[],5,[],2019-02-10 23:32:57,1.266e-05,0.00000081,0.000000000029710476000000003,6628897,2019-02-10 23:32:57,btc,0.28843386,0.01051471,0.00000081,btc,0.00017444,0.0,0.07350097,61
1,[],22,[],2019-02-10 23:33:01,5111.5,0.00000011,0.000000000004034756,6628898,2019-02-10 23:33:01,BTC,1002.29598212,0.0,0.00000011,BTC,14957.700278135757,0.0,0.00051178,61
1,[],26,[],2019-02-10 23:33:01,0.0,0.00000800,0.0000000002934368,6628899,2019-02-10 23:33:01,btc,0.0,0.0,0.00000800,btc,0.0,0.0,0.0,61
1,[],27,[],2019-02-10 23:33:03,5333.3559,0.00000059,0.000000000021640964,6628900,2019-02-10 23:33:03,btc,10.765113998344424,471.78870423,0.00000059,"btc,eth",15579.90688085,0.00094358,0.0013141799827711851,61
1,[],28,[],2019-02-10 23:33:05,19904.304,0.00000101,0.000000000037046396000000004,6628901,2019-02-10 23:33:05,btc,2.056400593700105,589.0,0.00000101,btc,9787.52450005,0.0,0.00994531304,61
1,[],4,[],2019-02-10 23:33:05,510641.6117041,0.00000253,0.000000000092799388,6628902,2019-02-10 23:33:05,btc,1.29860204878036,0.0,0.00000253,btc,313052.74137081,0.16534053,0.814418441401798,67
0.0,[],25,[],2019-02-10 23:33:07,0.0,0,0,6628903,2019-02-10 23:33:07,,0.0,0.0,0.0,btc,0.0,0.0,0.0,67
1,[],12,[],2019-02-10 23:39:38,2851509.55547398,0.00000026,0.000000000009545276,6629097,2019-02-10 23:39:38,btc,11115896.580776215,0.0,0.00000026,btc,2115817.797995,0.0216143835602067,0.1252494555320199,71
,[],5,[],2018-11-20 23:02:39,1.5e-07,0.00000005,0.000000000002128045,4862160,2018-11-20 23:02:39,btc,2.84511358,0.0,,btc,0.00036572,0.0,0.07381892,74
1,[],5,[],2019-01-25 15:53:51,3.303e-05,0.00000156,0.000000000055588884,6499610,2019-01-25 15:53:51,btc,1.42844212,0.0,0.00000156,btc,0.00015937,0.0,0.49487621,75
0,[],20,[],2019-01-25 09:30:31,0.0,0,0,6495923,2019-01-25 09:30:31,btc,0.0,0.0,0,btc,0.0,0.0,0.0,81
1,[],4,[],2019-02-10 23:39:39,52395090.43692337,0.00000001,0.00000000000036712600000000004,6629098,2019-02-10 23:39:39,btc,0.7681855482047844,0.0,0.00000001,btc,14661592.68425178,0.0,0.5239509043692337,81
1,[],4,[],2019-02-10 23:33:11,23853.70554884,0.00007411,0.0000000027183251560000002,6628906,2019-02-10 23:33:11,btc,0.9716280916921146,0.0,0.00007411,btc,8643.85735886,0.0173594,0.091452267547752,82
1,[],21,[],2019-02-10 23:33:12,68608.48202979,0.00007522000000000000148776824194,0.000000002759039512,6628907,2019-02-10 23:33:12,btc,3.5183743622182693,2151.48607404,0.00007522000000000000148776824193674883645144291222095489501953125,btc,40512.14470649,0.16396053,3.230823358599522,82
0,[],17,[],2019-02-07 10:02:39,0.0,0,0,6611495,2019-02-07 10:02:39,btc,0.0447233088476774,0.0,0,btc,999127.19588126,0.0,0.0,84
0.0000000001276165,[],4,[],2019-02-10 23:39:41,158196076.63663256,1.276165e-17,4.685133517900001e-22,6629099,2019-02-10 23:39:41,ltc,0.1956906325451702,0.0,0.0000001,ltc,76011544.29017736,0.0,8.479691479535904e-10,85
,[],22,[],2018-11-20 23:09:34,3408.1,0.0000001,0.0000000000041895,4862324,2018-11-20 23:09:34,BTC,0.04624735,0.0,,BTC,4990.0,0.0,0.00033081,86
0,[],22,[],2019-02-10 23:39:44,0.0,0,0,6629100,2019-02-10 23:39:44,,2.0760781,0.0,0,,140622.94736842104,0.0,0.0,87
0,[],27,[],2019-02-10 23:39:46,0.0,0,0,6629101,2019-02-10 23:39:46,,0.0,0.0,0,btc,0.0,0.0,0.0,87
,[],2,[],2018-11-20 23:10:47,0.0,0,0,4862359,2018-11-20 23:10:47,,0.0,0.0,,,0.0,0.0,0.0,88
1,[],11,[],2019-02-10 23:39:48,95837.29714632,0.0001550400000000000063672678241033509038970805704593658447265625,0.000000005691921504000001,6629102,2019-02-10 23:39:48,btc,702.2588364986902,302.84082736,0.0001550400000000000063672678241033509038970805704593658447265625,btc,187338.97800998,0.0,6.461348937482356,89
0,[],2,[],2019-01-20 23:31:45,0.0,0,0,6477083,2019-01-20 23:31:45,,0.0,0.0,0,,0.0,0.0,0.0,91
1,[],12,[],2019-02-10 23:39:49,445513.55224965,0.000003019999999999999884515121395534009707262157462537288665771484375,0.00000000011087205200000001,6629103,2019-02-10 23:39:49,btc,1115.1176874901187,0.0,0.000003019999999999999884515121395534009707262157462537288665771484375,btc,40878.17755152,0.00043913822678,0.0842060410000014,91
0,[],17,[],2019-02-10 23:39:51,0.0,0,0,6629104,2019-02-10 23:39:51,btc,0.0,0.0,0,btc,0.0,0.0,0.0,91
0.0000000001276165,[],22,[],2019-02-10 23:39:54,23303133.4,6.380825e-18,2.3425667589500003e-22,6629105,2019-02-10 23:39:54,LTC,8.17576354,0.0,0.00000005,LTC,67492261.1,5.7466781928599996e-12,0.89647531,95
1,[],4,[],2019-02-10 23:39:55,133539413.44215848,0.00000001,0.00000000000036712600000000004,6629106,2019-02-10 23:39:55,btc,0.9543207815514314,0.0,0.00000001,"btc,ltc",48261017.0398403,0.0047474,0.0185765183014546,96
1,[],12,[],2019-02-10 23:39:56,790539.0,0.00000001,0.00000000000036712600000000004,6629107,2019-02-10 23:39:56,btc,255063.4736351099,0.0,0.00000001,btc,8812348.54676297,0.00101354992008,0.00790539,96
0,[],17,[],2019-02-10 23:39:57,0.0,0,0,6629108,2019-02-10 23:39:57,btc,0.0,0.0,0,btc,0.0,0.0,0.0,96
1,[],4,[],2019-02-10 23:39:58,1869084.87103399,0.00000032,0.000000000011748032000000001,6629109,2019-02-10 23:39:58,btc,0.118787685914211,0.0,0.00000032,btc,266550.94706217,0.00616539,0.2413481043236247,99
0,[],2,[],2019-01-20 23:23:55,0.0,0,0,6476914,2019-01-20 23:23:55,,0.0,0.0,0,,0.0,0.0,0.0,100
1,[],4,[],2019-02-10 23:39:59,215242.3255676,0.00004015,0.0000000014740108900000002,6629110,2019-02-10 23:39:59,btc,1.2788872698493936,0.0,0.00004015,btc,28479.1621125,1.16902237,1.4107922595452842,100
1,[],22,[],2019-02-10 23:40:05,50000.0,0.00000001,0.00000000000036712600000000004,6629111,2019-02-10 23:40:05,BTC,23.50383609,0.0,0.00000001,BTC,11277.22,0.0,0.0005,101
1,[],4,[],2019-02-10 23:40:05,119340.93143668,0.00000102,0.000000000037446852,6629112,2019-02-10 23:40:05,btc,0.4162194715127049,0.0,0.00000102,btc,153958.06069326,0.01793312,0.0695161453126039,103
1,[],12,[],2019-02-10 23:40:08,54752797.4663887,0.000000016,0.0000000000005874016000000001,6629113,2019-02-10 23:40:08,btc,137278792.15130708,0.0,0.000000016,btc,131755120.71836428,0.03645354696330908,0.3449325474622192,105
1,[],27,[],2019-02-10 23:40:10,4209342.89,0.00000001,0.00000000000036712600000000004,6629114,2019-02-10 23:40:10,btc,1.62008275136923,0.0,0.00000001,btc,575169.42860553,0.0,0.0420934289,105
0,[],22,[],2019-02-10 23:40:14,0.0,0,0,6629115,2019-02-10 23:40:14,,1.07253299,0.0,0,,94300.0,0.0,0.0,107
1,[],26,[],2019-02-10 23:40:14,0.0,0.00000000,0,6629116,2019-02-10 23:40:14,btc,0.0,0.0,0.00000000,btc,0.0,0.0,0.0,107
1,[],5,[],2019-02-10 23:40:16,1e-08,0.00000001,0.00000000000036712600000000004,6629117,2019-02-10 23:40:16,btc,2.89608421,0.01699541,0.00000001,btc,1.571e-05,0.0,0.08617442,112
1,[],22,[],2019-02-10 23:40:31,189099.0,0.00000002,0.0000000000007342520000000001,6629118,2019-02-10 23:40:31,BTC,2.81183288,0.0,0.00000002,BTC,808524.0833333334,0.0,0.00189105,112
0.000000000339666,[],27,[],2019-02-10 23:40:34,500000.0,3.39666e-18,1.24700219916e-22,6629119,2019-02-10 23:40:34,eth,1.35132491849924,0.0,0.00000001,"btc,eth",1328.641654,0.0,1.69833e-12,112
1,[],4,[],2019-02-10 23:40:34,461191.00815322,0.00000339,0.00000000012445571400000002,6629120,2019-02-10 23:40:34,btc,0.2553057909593875,0.0,0.00000339,btc,57414.18365716,0.07624676,0.2462800851325467,113
1,[],5,[],2019-02-10 23:40:36,1.117e-05,0.00000310,0.00000000011380906,6629121,2019-02-10 23:40:36,btc,0.88267836,0.0,0.00000310,btc,0.00160639,0.0,0.22597173,113
1,[],17,[],2019-02-10 23:40:38,172038.724,0.00000004,0.0000000000014685040000000001,6629122,2019-02-10 23:40:38,btc,1.3373630274674568,0.0001,0.00000004,btc,60896.221,0.0,0.0029815489599999997,116
0,[],27,[],2019-02-10 23:40:40,0.0,0,0,6629123,2019-02-10 23:40:40,,0.0,0.0,0,btc,0.0,0.0,0.0,116
1,[],4,[],2019-02-10 23:40:41,37347.46808632,0.00002602,0.0000000009552618520000001,6629124,2019-02-10 23:40:41,btc,0.5403574664038179,0.0,0.00002602,btc,17234.28733712,10.09052711,0.7030555119162691,120
1,[],7,[],2019-02-10 23:40:42,6385.35129295,0.0000289099999999999993376305351677757471406948752701282501220703125,0.000000001061361266,6629125,2019-02-10 23:40:42,btc,115647.27432982464,371.77206022,0.0000289099999999999993376305351677757471406948752701282501220703125,btc,29091.617236730002,0.01249657,0.057052634288568,120
1,[],20,[],2019-02-10 23:40:44,1539391.8094,0.000000014,0.0000000000005139764,6629126,2019-02-10 23:40:44,btc,33.8688103501599,0.0,0.000000014,btc,1140882.3764,0.0,0.0079606482167,125
1,[],22,[],2019-02-10 23:40:48,3053.0,0.00000001,0.00000000000036712600000000004,6629127,2019-02-10 23:40:48,BTC,0.01444889,0.0,0.00000001,BTC,296264.5111111111,0.0,3.053e-05,126
1,[],4,[],2019-02-10 23:40:50,148294.80903703,0.00001450,0.0000000005323327,6629128,2019-02-10 23:40:50,btc,0.6693151472090898,0.0,0.00001450,btc,36173.46946177,0.21349934,0.7115775212669538,131
0,[],17,[],2019-02-10 23:40:52,0.0,0,0,6629129,2019-02-10 23:40:52,btc,0.0009561751951600001,0.0,0,btc,35.42829368,0.0,0.0,131
0,[],2,[],2019-01-20 23:25:46,0.0,0,0,6476969,2019-01-20 23:25:46,,0.0,0.0,0,,0.0,0.0,0.0,131
1,[],4,[],2019-02-10 23:40:53,4637.34407689,0.00016596,0.0000000060928230960000005,6629130,2019-02-10 23:40:53,btc,1.6397450704738545,0.0,0.00016596,btc,295.92689166,0.0,0.0113827788878568,135
1,[],3,[],2019-02-10 23:40:54,1920941.19227397,0.00000006,0.000000000002202756,6629131,2019-02-10 23:40:54,btc,0.1224068728888415,17230.0,0.00000006,btc,405121.48228202,0.0,0.0718900394414789,136
1,[],4,[],2019-02-10 23:40:55,51488.40685086,0.00000173,0.00000000006351279800000001,6629132,2019-02-10 23:40:55,btc,0.0607095467759767,0.0,0.00000173,btc,28911.24062025,0.07082529,0.0598577017962691,137
1,[],12,[],2019-02-10 23:40:56,296080.31584233,0.000001790000000000000014290326734445191192435231641866266727447509765625,0.00000000006571555400000001,6629133,2019-02-10 23:40:56,btc,11982.94665284994,0.0,0.000001790000000000000014290326734445191192435231641866266727447509765625,btc,158168.90843158,0.0574075450861954,0.0263849798533404,137
1,[],4,[],2019-02-10 23:40:57,9551.80203234,0.00005504,0.000000002020661504,6629134,2019-02-10 23:40:57,btc,1.254644702823567,0.0,0.00005504,btc,16857.76342525,1.11544245,0.457565770573039,142
1,[],5,[],2019-02-10 23:40:58,0.00185138,0.00006512,0.000000002390724512,6629135,2019-02-10 23:40:58,btc,3.44023954,3.21902034,0.00006512,btc,0.00401743,0.0,1.21476529,142
1,[],17,[],2019-02-10 23:41:00,22967.386363640002,0.00000088,0.000000000032307088,6629136,2019-02-10 23:41:00,btc,20.069913352641343,0.0,0.00000088,btc,2746.079105,0.0,0.0104613000000032,142
1,[],20,[],2019-02-10 23:41:01,138414.4412,0.00003,0.0000000011013780000000002,6629137,2019-02-10 23:41:01,btc,0.3789561255856,1000.0,0.00003,btc,3009.7438,0.025255633087,0.2529618403877,142
1,[],22,[],2019-02-10 23:41:05,1116.4,0.00001020,0.00000000037446852,6629138,2019-02-10 23:41:05,BTC,3.0087007,0.0,0.00001020,BTC,897.0985020382753,0.0,0.00092537,142
0.0,[],25,[],2019-02-10 23:41:06,0.0,0,0,6629139,2019-02-10 23:41:06,,0.0,0.0,0.0,btc,0.0,0.0,0.0,142
1,[],28,[],2019-02-10 23:41:08,78956.0,0.00004500,0.0000000016520670000000001,6629140,2019-02-10 23:41:08,btc,0.040983914489,92.79939,0.00004500,btc,168.785,0.0,0.0535187,142
0,[],22,[],2019-02-10 23:41:10,0.0,0,0,6629141,2019-02-10 23:41:10,,68.47300197,0.0,0,,888991225.8,0.0,0.0,143
1,[],21,[],2019-02-10 23:41:11,43955582.44360391,0.00000029,0.000000000010646654,6629142,2019-02-10 23:41:11,btc,39.877396029711356,7476054.19382123,0.00000029,btc,76874083.12279654,2.18746189,8.014679808539512,145
0,[],22,[],2019-02-10 17:04:30,0.0,0,0,6625727,2019-02-10 17:04:30,,4.25427726,0.0,0,,2259598.0,0.0,0.0,146
,[],22,[],2018-11-20 23:01:11,0.0,0,0,4862114,2018-11-20 23:01:11,,2.56807021,0.0,,,61828.4988236,0.0,0.0,147
1,[],12,[],2019-02-10 23:41:12,8685729.4230408,0.000003340000000000000208847696081537748113987618125975131988525390625,0.000000000122620084,6629143,2019-02-10 23:41:12,btc,16.545730161211296,0.0,0.000003340000000000000208847696081537748113987618125975131988525390625,btc,118555.82679514,0.0005241924875503,0.1294325664900112,148
1,[],4,[],2019-02-10 23:41:13,439441.16007069,0.00000045,0.00000000001652067,6629144,2019-02-10 23:41:13,btc,0.7860633616975748,0.0,0.00000045,btc,583372.11464063,0.00156587,0.1253542112184488,152
0,[],22,[],2019-02-10 23:41:16,0.0,0,0,6629145,2019-02-10 23:41:16,,0.0,0.0,0,,0.0,0.0,0.0,152
1,[],5,[],2019-02-10 23:41:17,0.0,0,0,6629146,2019-02-10 23:41:17,btc,4.35601725,0.0,0,btc,0.0021126,0.0,0.0,153
,[],16,[],2019-01-11 15:38:59,0.0,0,0,6366141,2019-01-11 15:38:59,btc,0.0,0.0,,btc,0.0,0.0,0.0,155
0,[],22,[],2019-02-10 23:41:20,0.0,0,0,6629147,2019-02-10 23:41:20,,6.74578916,0.0,0,,4614557.242592593,0.0,0.0,156
0,[],23,[],2019-01-20 23:24:29,0.0,0,0,6476932,2019-01-20 23:24:29,,0.0,0.0,0,,0.0,0.0,0.0,156
1,[],22,[],2019-02-10 23:41:24,7906.0,0.00000801,0.000000000294067926,6629148,2019-02-10 23:41:24,BTC,43.78801181,0.0,0.00000801,BTC,1067.5805334758436,0.0,0.00743836,157
0,[],22,[],2019-02-10 23:41:26,0.0,0,0,6629149,2019-02-10 23:41:26,,50175.67558609,0.0,0,,54029136.04179466,0.0,0.0,158
,[],17,[],2018-11-20 22:56:10,0.0,0,0,4861976,2018-11-20 22:56:10,btc,1.1265625,0.0,,btc,1000.0,0.0,0.0,159
,[],20,[],2018-11-20 22:56:12,0.0,0,0,4861977,2018-11-20 22:56:12,btc,11912.7940471,0.0,,btc,34413894.3617,0.0,0.0,159
1,[],12,[],2019-02-10 23:41:27,184154.38204234,0.0000073300000000000001235838688329327084147735149599611759185791015625,0.000000000269103358,6629150,2019-02-10 23:41:27,btc,6.663086961832538,0.0,0.0000073300000000000001235838688329327084147735149599611759185791015625,btc,14881.55016046,0.0014697934,0.0843825594000524,168
1,[],17,[],2019-02-10 23:41:29,29784.95,0.000001,0.000000000036712600000000003,6629151,2019-02-10 23:41:29,btc,0.03026736251542,0.0,0.000001,btc,144.46171372,0.0,0.00716147,168
0,[],22,[],2019-02-10 23:41:32,0.0,0,0,6629152,2019-02-10 23:41:32,,1.14776715,0.0,0,,721548.0900917595,0.0,0.0,169
1,[],22,[],2019-02-10 23:41:45,224971.05555555556,0.00000018,0.0000000000066082680000000005,6629153,2019-02-10 23:41:45,BTC,11.33139556,0.0,0.00000018,BTC,130310.77145587197,5.21e-06,0.02159479,171
1,[],22,[],2019-02-10 23:41:49,230377.04554865425,0.00000023,0.000000000008443898,6629154,2019-02-10 23:41:49,BTC,2.65328659,0.0,0.00000023,BTC,232477.99513371603,0.00234255,0.01861125,173
1,[],5,[],2019-02-10 23:35:08,2.054e-05,0.00000327,0.000000000119942292,6628963,2019-02-10 23:35:08,btc,0.3234568,0.00783513,0.00000327,btc,0.00028382,0.0,0.70790429,175
1,[],22,[],2019-02-10 23:41:53,56573.32380952381,0.00000062,0.000000000022761812000000003,6629155,2019-02-10 23:41:53,BTC,0.50040603,0.0,0.00000062,BTC,127676.46882822087,0.0,0.02080614,176
1,[],7,[],2019-02-10 23:41:54,0.0,0,0,6629156,2019-02-10 23:41:54,btc,410973.9169089935,0.0,0,btc,115465110.28145695,0.0,0.0,178
0,[],22,[],2019-02-10 23:41:56,0.0,0,0,6629157,2019-02-10 23:41:56,,1.00242428,0.0,0,,57512.0,0.0,0.0,178
0,[],2,[],2019-01-20 23:28:34,0.0,0,0,6477001,2019-01-20 23:28:34,,0.0,0.0,0,,0.0,0.0,0.0,178
1,[],5,[],2019-02-10 23:41:58,3e-08,0.00000002,0.0000000000007342520000000001,6629158,2019-02-10 23:41:58,btc,26.46980325,0.01372184,0.00000002,btc,2.088e-05,0.0,0.93754117,179
1,[],22,[],2019-02-10 23:42:03,7820284.0,0.00000002,0.0000000000007342520000000001,6629159,2019-02-10 23:42:03,BTC,5.4773134,0.0,0.00000002,"BTC,LTC",17835443.468656633,0.0,0.38366552,179
0,[],23,[],2019-01-20 23:25:08,0.0,0,0,6476952,2019-01-20 23:25:08,,0.0,0.0,0,,0.0,0.0,0.0,179
1,[],17,[],2019-02-10 23:42:04,10504.725,0.0000001,0.00000000000367126,6629160,2019-02-10 23:42:04,btc,5.206166879879614,0.0,0.0000001,btc,6755.0074587,0.0,0.0010504725,180
1,[],22,[],2019-02-10 23:42:09,18001.705263157895,0.00000095,0.00000000003487697,6629161,2019-02-10 23:42:09,BTC,0.09351697,0.0,0.00000095,"BTC,LTC",13932.175478042325,0.00024006,0.00599538,180
1,[],26,[],2019-02-10 23:42:09,0.0,0.00000010,0.000000000003671260000000001,6629162,2019-02-10 23:42:09,btc,0.0,100.0,0.00000010,btc,0.0,0.0,0.0,180
,[],7,[],2018-11-20 22:58:01,562227.975654,0.00000085,0.000000000036176765,4862015,2018-11-20 22:58:01,btc,21836.6059674,2491.87645172,,btc,749999.041456,0.00211021,0.127565380455,183
,[],5,[],2019-01-10 08:11:41,0.0,0,0,6347036,2019-01-10 08:11:41,btc,82.15055501,0.00261,,btc,1.19002445,0.0,0.0,187
1,[],24,[],2019-02-10 23:42:09,0.0,0.000000000001,3.67126e-17,6629163,2019-02-10 23:42:09,btc,0.0,0.0,0.000000000001,btc,0.0,0.0,0.0,187
,[],17,[],2018-11-16 20:58:10,4062536.27273,0.00000001,0.000000000000550501,4708775,2018-11-16 20:58:10,btc,3.36492563466,0.195460381006,,"btc,eth",110697919.549,0.0,0.0157628953496,187
0,[],22,[],2019-02-10 23:42:12,0.0,0,0,6629164,2019-02-10 23:42:12,,1.19383767,0.0,0,,14406.036201072173,0.0,0.0,191
0,[],22,[],2019-02-10 23:42:16,0.0,0,0,6629165,2019-02-10 23:42:16,,0.0,0.0,0,,0.0,0.0,0.0,197
0,[],23,[],2019-01-20 23:31:41,0.0,0,0,6477079,2019-01-20 23:31:41,,0.0,0.0,0,,0.0,0.0,0.0,199
1,[],26,[],2019-02-10 23:42:17,0.0,0.00000000,0,6629166,2019-02-10 23:42:17,btc,0.0,768365.0,0.00000000,btc,0.0,0.0,0.0,199
0,[],17,[],2019-01-30 16:32:01,0.0,0,0,6540827,2019-01-30 16:32:01,btc,6.802544163788159,0.0,0,btc,105897.55575295,0.0,0.0,200
0,[],2,[],2019-01-20 23:30:49,0.0,0,0,6477059,2019-01-20 23:30:49,,0.0,0.0,0,,0.0,0.0,0.0,201
1,[],4,[],2019-01-25 15:51:35,2084389.58565343,0.00000936,0.000000000333526752,6499557,2019-01-25 15:51:35,btc,2.0092503037378524,0.0,0.00000936,btc,160195.80207885,0.19272417,1.242687955921835,211
1,[],7,[],2019-02-10 23:42:20,4992259.78461635,0.00000154999999999999998279913253351747215447176131419837474822998046875,0.00000000005690453,6629167,2019-02-10 23:42:20,btc,16567792.242666047,1107062.4538,0.00000154999999999999998279913253351747215447176131419837474822998046875,btc,12142976.6362295,0.0,4.155707894853726,212
1,[],5,[],2019-02-10 23:42:22,4.62e-06,0.00000035,0.000000000012849410000000001,6629168,2019-02-10 23:42:22,btc,1.08860775,0.20320347,0.00000035,btc,3.325e-05,0.0,0.31322209,213
1,[],24,[],2019-02-10 23:42:22,0.0,0.000000050000,0.0000000000018356300000000003,6629169,2019-02-10 23:42:22,btc,0.0,0.0,0.000000050000,btc,0.0,0.0,0.0,213
1,[],26,[],2019-02-10 23:42:22,0.0,0.00000009,0.0000000000033041340000000003,6629170,2019-02-10 23:42:22,btc,0.0,0.0,0.00000009,btc,0.0,0.0,0.0,213
1,[],12,[],2019-01-25 02:44:32,207462.42853209,0.000001080000000000000035831255497387193287295303889550268650054931640625,0.000000000038610756000000006,6493050,2019-01-25 02:44:32,btc,85023.03793723314,0.0,0.000001080000000000000035831255497387193287295303889550268650054931640625,btc,43675.73520027,0.000146250909087,0.0348620860622024,213
1,[],22,[],2019-02-10 23:35:49,271180.0,0.00000002,0.0000000000007335920000000001,6628980,2019-02-10 23:35:49,BTC,2.20539348,0.0,0.00000002,BTC,253902.63137942314,0.0,0.0046096,216
1,[],27,[],2019-02-10 23:35:52,5081157.5555,0.00000004,0.0000000000014671840000000001,6628981,2019-02-10 23:35:52,btc,363.57727336756,0.0,0.00000004,"btc,ltc",271023.369,0.0,0.05225726222,216
1,[],22,[],2019-02-10 23:42:25,309002.8247499803,0.00000235,0.00000000008627461,6629171,2019-02-10 23:42:25,BTC,12676.9801754,0.0,0.00000235,BTC,385969.6412294151,0.0112684,0.45105637,217
1,[],7,[],2019-02-10 23:42:26,0.0,0,0,6629172,2019-02-10 23:42:26,btc,77970.05582791512,0.0,0,btc,137091858.32140028,0.0,0.0,219
0,[],27,[],2019-02-10 23:42:28,0.0,0,0,6629173,2019-02-10 23:42:28,,5.3418937883169715,0.0,0,btc,1605140.99226592,0.0,0.0,219
0.0000000000000053,[],28,[],2019-02-10 23:42:30,204273030.74,6.678e-18,2.4516674280000003e-22,6629174,2019-02-10 23:42:30,doge,88584.0309717675,9640.0,0.00126000,"btc,doge",4974437.69751,0.0,2.448864346380802e-11,219
1,[],22,[],2019-02-10 23:36:04,217793.57777777777,0.00000091,0.000000000033378436,6628986,2019-02-10 23:36:04,BTC,3.02061474,0.0,0.00000091,BTC,73982.84955994174,0.03370445,0.0325855,221
1,[],24,[],2019-02-10 23:36:04,0.0,0.000000610000,0.000000000022374556,6628987,2019-02-10 23:36:04,btc,0.0,0.0,0.000000610000,btc,0.0,0.0,0.0,221
1,[],20,[],2019-02-10 23:42:32,3946903.6798,0.000000003,0.0000000000001101378,6629175,2019-02-10 23:42:32,btc,49.838757671329,1030796.1906,0.000000003,btc,9718247.1146,0.0035272988898,0.0064965605394,224
0,[],22,[],2019-02-10 23:42:35,0.0,0,0,6629176,2019-02-10 23:42:35,,0.0,0.0,0,,0.0,0.0,0.0,224
1,[],26,[],2019-02-10 23:42:35,0.0,0.00000045,0.00000000001652067,6629177,2019-02-10 23:42:35,btc,0.0,0.0,0.00000045,btc,0.0,0.0,0.0,231
1,[],26,[],2019-02-10 23:42:35,0.0,0.00000005,0.0000000000018356300000000003,6629178,2019-02-10 23:42:35,btc,0.0,100.0,0.00000005,btc,0.0,0.0,0.0,234
0,[],27,[],2019-02-10 23:42:37,0.0,0,0,6629179,2019-02-10 23:42:37,,0.0113483662182,0.0,0,"btc,eth",11462.99618,0.0,0.0,234
0,[],22,[],2019-02-10 23:42:40,0.0,0,0,6629180,2019-02-10 23:42:40,,3.06868068,0.0,0,,103318217.06349206,0.0,0.0,235
1,[],4,[],2019-02-10 23:42:41,881649.18722508,0.00000067,0.000000000024597442,6629181,2019-02-10 23:42:41,btc,0.1493475791180891,0.0,0.00000067,btc,143324.66674811,0.14393926,0.1993627124653247,236
1,[],24,[],2019-02-10 23:42:41,0.0,0.000000020000,0.0000000000007342520000000001,6629182,2019-02-10 23:42:41,btc,0.0,0.0,0.000000020000,btc,0.0,0.0,0.0,236
1,[],20,[],2019-02-10 23:42:43,16441360.1397,0.000000067,0.0000000000024597442,6629183,2019-02-10 23:42:43,btc,14.6450316427256,27543719.5846,0.000000067,btc,28115164.8193,1.7079486275365,0.1543228823534,237
0.0000000001276165,[],22,[],2019-02-10 23:42:47,14400.0,1.276165e-17,4.685133517900001e-22,6629184,2019-02-10 23:42:47,LTC,0.04083605,0.0,0.0000001,LTC,4179.0,0.0,0.00144,237
1,[],4,[],2019-02-10 23:42:48,4605290.11300133,0.00000033,0.000000000012115158,6629185,2019-02-10 23:42:48,btc,0.7128626616714244,0.0,0.00000033,btc,1892450.82727377,0.24669273,1.3960243336893174,238
1,[],5,[],2019-02-10 23:42:49,4.59e-06,0.00000034,0.000000000012482284,6629186,2019-02-10 23:42:49,btc,0.82813962,0.01115379,0.00000034,btc,3.008e-05,0.0,0.28605273,238
0,[],22,[],2019-02-10 23:42:52,0.0,0,0,6629187,2019-02-10 23:42:52,,15.41678688,0.0,0,,370860.0639027493,0.0,0.0,249
0.0000000001276165,[],22,[],2019-02-10 23:42:55,7124354.333333333,3.828495e-18,1.4055400553700002e-22,6629188,2019-02-10 23:42:55,LTC,0.41525367,0.0,0.00000003,LTC,12556015.69,2.4034270677999997e-12,0.21273365,252
1,[],28,[],2019-02-10 23:42:57,3429079.286,0.00000012,0.000000000004405512000000001,6629189,2019-02-10 23:42:57,btc,164693.4935367203,270342.908,0.00000012,btc,505324.17,0.0,0.2043536763,256
1,[],22,[],2019-02-10 23:43:15,114807.0,0.00000001,0.00000000000036712600000000004,6629190,2019-02-10 23:43:15,BTC,30.20524227,0.0,0.00000001,BTC,445890.0289327789,0.0,0.00114807,258
1,[],22,[],2019-01-26 20:58:41,368451.0,0.00000001,0.000000000000356135,6510120,2019-01-26 20:58:41,BTC,2.642917,0.0,0.00000001,"BTC,LTC",1862.0,0.0,0.02488451,259
1,[],22,[],2019-02-10 23:43:19,13337.0,0.00000876,0.00000000032160237600000003,6629191,2019-02-10 23:43:19,BTC,1293.13626811,0.0,0.00000876,"BTC,LTC",13026.899367752667,0.00025865,0.02799538,262
1,[],5,[],2019-02-10 23:36:41,4.205e-05,0.00000201,0.000000000073725996,6629005,2019-02-10 23:36:41,btc,0.4989622,0.14604459,0.00000201,btc,0.00026142,0.0,0.15360842,264
1,[],20,[],2019-02-10 23:36:43,1167319.1113,0.00000259,0.000000000095000164,6629006,2019-02-10 23:36:43,btc,5.0554682679785,45607.6668,0.00000259,btc,105418.4732,0.1426899964942,0.0238136778604,264
1,[],22,[],2019-02-10 23:43:23,95356.5,0.00000002,0.0000000000007342520000000001,6629192,2019-02-10 23:43:23,BTC,9.1788482,0.0,0.00000002,BTC,371756.0417119935,0.0,0.0014095,271
0,[],22,[],2019-02-10 23:43:26,0.0,0,0,6629193,2019-02-10 23:43:26,,384.77798703,0.0,0,,15106717515.9,0.0,0.0,272
0.0000000000000053,[],28,[],2019-02-10 23:43:29,192943917356.13,5.3e-21,1.9457678000000002e-25,6629194,2019-02-10 23:43:29,doge,375564313.42311454,28484704502.9999,0.00000100,doge,212061553061.35678,0.0,5.053042185034188e-10,272
1,[],22,[],2019-02-10 23:43:42,12124.0,0.00002020,0.0000000007415945200000001,6629195,2019-02-10 23:43:42,BTC,74.0513534,0.0,0.00002020,"BTC,LTC",1009.3826333333334,0.01477639,0.02241922,281
