pairValue,buyBook,exchangeId,sellBook,updated,buyTotal,satoshiPrice,usdPrice,exchangeLogId,created,bestPair,sellTotalBtc,volume,pairPrice,activePairs,sellTotal,volumeBtc,buyTotalBtc,coinId
1,[],3,[],2019-02-27 10:13:57,30540.501920708823,0.0124979700000000006065992153025945299305021762847900390625,0.000000477843635589,6801492,2019-02-27 10:13:57,btc,61.07684015101063,0.000149206496,0.0124979700000000006065992153025945299305021762847900390625,btc,22.615238565229,0.0,0.3116816879896026,1
1,[],4,[],2019-02-27 10:13:58,303087.54577911,0.01257912,0.000000480946300344,6801493,2019-02-27 10:13:58,btc,9.153752865212457,0.0,0.01257912,btc,258.74018336,0.4948486,2.8041282174549784,1
1,[],5,[],2019-02-27 10:14:00,0.0,0,0,6801494,2019-02-27 10:14:00,btc,0.0,0.11582219,0,btc,0.0,0.0,0.0,1
1,[],10,[],2019-02-27 10:14:02,414585.13600935,0.01005215,0.000000384330887455,6801495,2019-02-27 10:14:02,btc,6521.103667527296,1807.5189894,0.01005215,btc,1001.81292622,0.0,5.061164011392276,1
1,[],12,[],2019-02-27 10:14:04,10419.43243792,0.01252999999999999947153384027842548675835132598876953125,0.000000479068261,6801496,2019-02-27 10:14:04,btc,0.3680095898066,0.0,0.01252999999999999947153384027842548675835132598876953125,btc,20.10808345,0.2158428101382,0.1083223272097,1
1,[],20,[],2019-02-27 10:14:06,1150.0464,0.01051,0.000000401836187,6801497,2019-02-27 10:14:06,btc,0.0662082325693,0.0575,0.01051,btc,3.0133,0.00071529,0.0875490456215,1
1,[],21,[],2019-02-27 10:14:07,2389.2640768,0.01256322999999999988351984115,0.000000480338766851,6801498,2019-02-27 10:14:07,btc,23.470476403006145,2335.8384694,0.01256322999999999988351984114842707640491425991058349609375,"btc,eth",2512.13970343,28.65401044751119,24.429408859363843,1
1,[],22,[],2019-02-27 10:14:11,0.0163776,0.01300000,0.0000004970381,6801499,2019-02-27 10:14:11,BTC,0.31423927,0.0,0.01300000,BTC,0.11751954901960784,0.0,0.00020972,1
1,[],24,[],2019-02-27 10:14:11,0.0,0.000000000000,0,6801500,2019-02-27 10:14:11,btc,0.0,0.0,0.000000000000,btc,0.0,0.0,0.0,1
0.0,[],25,[],2019-02-27 10:14:12,0.0,0,0,6801501,2019-02-27 10:14:12,btc,27.256699997719622,3522.59654872,0.0,btc,2118.85889876,45.0615,0.0,1
1,[],26,[],2019-02-27 10:14:14,0.0,0,0,6801502,2019-02-27 10:14:14,,0.0,0.0,0,,0.0,0.0,0.0,1
1,[],28,[],2019-02-27 10:14:15,993.142,0.01323000,0.000000505831851,6801503,2019-02-27 10:14:15,btc,0.162839806,17530.45,0.01323000,btc,8.9,0.0,0.089302756,1
0,[],2,[],2019-01-20 23:28:45,0.0,0,0,6477011,2019-01-20 23:28:45,,0.0,0.0,0,,0.0,0.0,0.0,1
1,[],5,[],2019-02-27 10:14:17,0.0,0,0,6801504,2019-02-27 10:14:17,btc,0.0,0.0005161,0,btc,0.0,0.0,0.0,2
0.0000000001251281,[],22,[],2019-02-27 10:14:20,1148.0,1.3764091e-16,5.262521260667e-21,6801505,2019-02-27 10:14:20,XMR,21.01373823,0.0,0.00000110,XMR,14319.12581,0.0,0.00087635,2
1,[],5,[],2019-02-27 10:14:21,0.0,0,0,6801506,2019-02-27 10:14:21,btc,0.0,0.02159637,0,btc,0.0,0.0,0.0,3
1,[],12,[],2019-02-27 10:14:23,12523842.5705164,0.000000173,0.0000000000066144301,6801507,2019-02-27 10:14:23,btc,924396.1960140326,0.0,0.000000173,btc,7915616.89053423,0.02075429221343085,0.5630695193416372,3
0,[],28,[],2019-02-27 10:14:24,0.0,0,0,6801508,2019-02-27 10:14:24,,0.0,0.0,0,,0.0,0.0,0.0,3
0,[],2,[],2019-01-20 23:31:32,0.0,0,0,6477077,2019-01-20 23:31:32,,0.0,0.0,0,,0.0,0.0,0.0,4
1,[],4,[],2019-02-27 10:14:25,411724.47432847,0.00000033,0.000000000012617121,6801509,2019-02-27 10:14:25,btc,31.987543716450773,0.0,0.00000033,btc,710510.44072273,0.00075548,0.0584717307735309,4
1,[],12,[],2019-02-22 14:50:14,1367032.5219999999,0.00000003,0.000000000001190475,6759350,2019-02-22 14:50:14,btc,11013869.583570713,0.0,0.00000003,btc,1211697.32371984,0.00024567976024,0.02065290044,5
0,[],2,[],2019-01-20 23:31:51,0.0,0,0,6477087,2019-01-20 23:31:51,,0.0,0.0,0,,0.0,0.0,0.0,6
1,[],11,[],2019-02-27 10:14:27,4272596.5,0.00000001,0.000000000000382337,6801510,2019-02-27 10:14:27,btc,9432.752678832814,110000.0,0.00000001,btc,41797017.57452957,0.0,0.042725965,6
1,[],3,[],2019-02-27 10:14:28,1085.537475048359,0.0001510600000000000072038208731584063571062870323657989501953125,0.000000005775582722,6801511,2019-02-27 10:14:28,btc,26.3363151709563,0.0,0.0001510600000000000072038208731584063571062870323657989501953125,btc,247.537822229004,0.0,0.03339742781632559,7
1,[],4,[],2019-02-27 10:14:29,101538.57949678,0.00023902,0.000000009138618974,6801512,2019-02-27 10:14:29,btc,11.090333365148577,0.0,0.00023902,btc,35473.55841509,2.89805658,6.018321572389358,7
1,[],5,[],2019-02-27 10:14:30,0.0,0,0,6801513,2019-02-27 10:14:30,btc,0.0,0.18000531,0,btc,0.0,0.0,0.0,7
1,[],20,[],2019-02-20 02:16:17,39399275.8418,0.000000001,0.0000000000000390183,6728586,2019-02-20 02:16:17,btc,116.9737569154545,525.0,0.000000001,btc,56932965.8895,5.25e-07,0.0393992758418,8
0,[],2,[],2019-01-20 23:22:42,0.0,0,0,6476876,2019-01-20 23:22:42,,0.0,0.0,0,,0.0,0.0,0.0,9
0,[],23,[],2019-01-20 23:22:48,0.0,0,0,6476878,2019-01-20 23:22:48,,0.0,0.0,0,,0.0,0.0,0.0,9
1,[],4,[],2019-02-27 10:14:32,2456954.56334834,0.00000185,0.000000000070732345,6801514,2019-02-27 10:14:32,btc,6.236493568537981,0.0,0.00000185,btc,2430559.1359038,2.8251749,1.6452201590406066,9
1,[],28,[],2019-02-27 10:14:34,58847.853,0.00000181,0.000000000069202997,6801515,2019-02-27 10:14:34,btc,2708.762682539512,3520101.26,0.00000181,btc,12195.0788,0.0,0.07114681393,9
1,[],1,[],2019-02-17 23:31:42,1822507.21,0.00000181000000000000003456111265232042484285557293333113193511962890625,0.000000000066086901,6701244,2019-02-17 23:31:42,btc,3.6990969245,17153386.5,0.00000181000000000000003456111265232042484285557293333113193511962890625,btc,1997391.71,31.11772986,3.2610482446,9
1,[],4,[],2019-02-17 11:22:43,4341674.27126056,0.00000002,0.0000000000007272960000000001,6696112,2019-02-17 11:22:43,btc,0.1997230937751353,0.0,0.00000002,btc,4109766.79808031,0.00215132,0.0479381022052112,10
0,[],2,[],2019-01-20 23:23:08,0.0,0,0,6476890,2019-01-20 23:23:08,,0.0,0.0,0,,0.0,0.0,0.0,12
1,[],4,[],2019-02-27 10:14:34,4398584.75793664,0.00000124,0.000000000047409788,6801516,2019-02-27 10:14:34,btc,10.054902102856556,0.0,0.00000124,btc,5248962.25609024,1.8733112,2.7520670758505856,12
1,[],5,[],2019-02-27 10:14:35,0.0,0,0,6801517,2019-02-27 10:14:35,btc,0.0,0.30182023,0,btc,0.0,0.0,0.0,12
0.0,[],25,[],2019-02-27 10:14:37,0.0,0,0,6801518,2019-02-27 10:14:37,,0.0,0.0,0.0,btc,0.0,0.0,0.0,12
1,[],4,[],2019-02-27 10:14:38,1198512.91174404,0.00000566,0.000000000216402742,6801519,2019-02-27 10:14:38,btc,3.0965060395666937,0.0,0.00000566,btc,426976.88515856,0.57656184,0.5952713316762098,13
1,[],21,[],2019-02-27 10:14:41,1008044.9923548399,0.000005789999999999999621524537224,0.00000000022137312299999998,6801520,2019-02-27 10:14:41,btc,6.23197546665005,543077.33212464,0.0000057899999999999996215245372244151411678103613667190074920654296875,btc,976895.67757431,3.0692686,5.389171329574192,13
1,[],10,[],2019-02-27 10:07:27,473387.41643194,0.00000561,0.00000000021438222299999998,6801328,2019-02-27 10:07:27,btc,666802.600338646,8861.70955583,0.00000561,btc,743186.0076576,0.0,0.2853822791513005,13
1,[],4,[],2019-02-27 10:14:41,702340.72766046,0.00000130,0.00000000004970381,6801521,2019-02-27 10:14:41,btc,16.060929819752687,0.0,0.00000130,btc,902099.22035439,0.05273295,0.1490860325700141,14
1,[],12,[],2019-02-27 10:14:43,217265.91304348,0.000001120000000000000076372827333137660588135986472479999065399169921875,0.000000000042821744000000006,6801522,2019-02-27 10:14:43,btc,5.294297632059277,0.0,0.000001120000000000000076372827333137660588135986472479999065399169921875,btc,33863.19873547,0.0,0.0232142600000004,14
1,[],26,[],2019-02-27 10:14:54,0.0,0.00000050,0.00000000001911685,6801523,2019-02-27 10:14:54,btc,0.0,0.0,0.00000050,btc,0.0,0.0,0.0,14
0,[],17,[],2019-02-27 10:07:32,0.0,0,0,6801331,2019-02-27 10:07:32,btc,0.0,0.0,0,btc,0.0,0.0,0.0,14
0,[],4,[],2019-02-27 10:14:54,0.0,0,0,6801524,2019-02-27 10:14:54,,0.0,0.0,0,,0.0,0.0,0.0,15
,[],12,[],2018-12-01 15:15:48,204241.84496,0.00000489,0.000000000202473384,5260204,2018-12-01 15:15:48,btc,49.5475654835,0.0,,btc,35763.2193806,0.0163153972027625,0.0203389899998,15
0,[],2,[],2019-01-20 23:23:38,0.0,0,0,6476906,2019-01-20 23:23:38,,0.0,0.0,0,,0.0,0.0,0.0,18
1,[],4,[],2019-02-27 10:14:56,26284.25209179,0.00001795,0.000000000686294915,6801525,2019-02-27 10:14:56,btc,1.2323787425651822,0.0,0.00001795,btc,9426.51247796,0.00717037,0.0889450059864556,18
1,[],10,[],2019-02-27 10:14:58,782312.61747382,0.000018,0.0000000006882066,6801526,2019-02-27 10:14:58,btc,16.63185100919523,16851.8276086,0.000018,btc,14896.29905921,0.0,0.123367276179559,18
1,[],12,[],2019-02-27 10:14:58,193427.52829842,0.00001701999999999999967450516058509180084001854993402957916259765625,0.000000000650737574,6801527,2019-02-27 10:14:58,btc,23.63066995964846,0.0,0.00001701999999999999967450516058509180084001854993402957916259765625,btc,1872.37523886,0.000323322800809,0.0323789823942484,18
0,[],17,[],2019-02-27 10:07:49,0.0,0,0,6801336,2019-02-27 10:07:49,btc,0.0,0.0,0,btc,0.0,0.0,0.0,18
1,[],3,[],2019-02-27 10:15:10,118351.65662434914,0.0000200099999999999998462514583241755872222711332142353057861328125,0.0000000007650563369999999,6801528,2019-02-27 10:15:10,btc,0.5286560728341213,0.0,0.0000200099999999999998462514583241755872222711332142353057861328125,btc,9053.568872553742,0.0,0.030907574098799854,19
1,[],4,[],2019-02-27 10:15:10,481204.87738671,0.00001991,0.000000000761232967,6801529,2019-02-27 10:15:10,btc,2.2634571342546304,0.0,0.00001991,btc,74412.50746447,0.41951839,2.5750224961357224,19
1,[],5,[],2019-02-27 10:15:11,0.0,0,0,6801530,2019-02-27 10:15:11,btc,0.0,0.00440008,0,btc,0.0,0.0,0.0,19
1,[],12,[],2019-02-27 10:15:12,135333.97544194,0.0000184399999999999996314233030592077966502984054386615753173828125,0.000000000705029428,6801531,2019-02-27 10:15:12,btc,6.897431394921495,0.0,0.0000184399999999999996314233030592077966502984054386615753173828125,btc,394.76220934,0.0009196403598136,0.10967781999991459,19
0,[],27,[],2019-02-27 10:15:14,0.0,0,0,6801532,2019-02-27 10:15:14,,0.0,0.0,0,btc,0.0,0.0,0.0,19
0,[],2,[],2019-01-20 23:24:19,0.0,0,0,6476924,2019-01-20 23:24:19,,0.0,0.0,0,,0.0,0.0,0.0,19
1,[],4,[],2019-02-27 10:15:15,2817409.12717412,0.00000013,0.000000000004970381,6801533,2019-02-27 10:15:15,btc,7.375585881011204,0.0,0.00000013,btc,2840199.57892104,0.00064067,0.0813360639981472,20
1,[],4,[],2019-02-27 10:15:15,104036087.13737024,0.00000002,0.000000000000764674,6801534,2019-02-27 10:15:15,btc,1807.0981986415547,0.0,0.00000002,btc,54975780.27639335,0.0,1.1684621866280451,21
1,[],12,[],2019-02-27 10:15:17,18358332.0,0.00000002,0.000000000000764674,6801535,2019-02-27 10:15:17,btc,670.3772032734847,0.0,0.00000002,btc,8255366.32857329,0.00578088,0.23940688000000002,21
0,[],17,[],2019-02-27 10:15:18,0.0,0,0,6801536,2019-02-27 10:15:18,btc,0.0,0.0,0,btc,0.0,0.0,0.0,21
1,[],12,[],2019-02-27 10:15:19,3113376441.6808996,0.0000000002,0.000000000000007646740000000001,6801537,2019-02-27 10:15:19,btc,875865843030.486,0.0,0.0000000002,btc,4900104502.020418,0.03879419175624376,0.3289463685829904,23
0.00000000036109009999999997,[],27,[],2019-02-27 10:15:21,2000.0,3.610901e-18,1.380581055637e-22,6801538,2019-02-27 10:15:21,eth,1.3829826565934114,0.0,0.00000001,eth,2164879.85514486,0.0,7.221801999999999e-15,23
1,[],4,[],2019-02-27 10:15:22,481025.22000236,0.00000056,0.000000000021410872,6801539,2019-02-27 10:15:22,btc,9.116576428868743,0.0,0.00000056,btc,1527077.50274372,0.01260956,0.1569022977056671,24
1,[],22,[],2019-02-27 10:15:25,11.76,0.00000100,0.0000000000382337,6801540,2019-02-27 10:15:25,BTC,7.415e-05,0.0,0.00000100,BTC,23.919354838709676,0.0,1.176e-05,24
0.0,[],25,[],2019-02-27 10:15:26,0.0,0,0,6801541,2019-02-27 10:15:26,,0.0,0.0,0.0,btc,0.0,0.0,0.0,24
1,[],4,[],2019-02-27 10:15:27,28278531.12512434,0.00000691,0.000000000264194867,6801542,2019-02-27 10:15:27,btc,167.5363470304925,0.0,0.00000691,btc,261474.49466337,0.09428066,0.4582415705097796,26
1,[],10,[],2019-02-27 10:15:29,698527.09393447,0.0000064,0.00000000024469568,6801543,2019-02-27 10:15:29,btc,26.12580334833731,4451.93548618,0.0000064,btc,14029.00595558,0.0,0.2634859419442128,26
0,[],2,[],2019-01-20 23:25:56,0.0,0,0,6476976,2019-01-20 23:25:56,,0.0,0.0,0,,0.0,0.0,0.0,26
1,[],3,[],2019-02-27 10:15:30,6200146.70213569,0.00000001,0.000000000000382337,6801544,2019-02-27 10:15:30,btc,2.2663380247489533,100481.338102,0.00000001,btc,17671163.51502257,0.0,0.0620014670213569,27
1,[],5,[],2019-02-27 10:15:31,0.0,0,0,6801545,2019-02-27 10:15:31,btc,0.0,0.0,0,btc,0.0,0.0,0.0,27
1,[],11,[],2019-02-27 10:15:32,9491944.20350207,0.00000005,0.000000000001911685,6801546,2019-02-27 10:15:32,btc,67506.40605986067,169525.403564,0.00000005,btc,8002256.57282965,0.0,0.44249750446473557,27
1,[],4,[],2019-02-27 10:15:33,1517660313.1709416,0.00000002,0.000000000000764674,6801547,2019-02-27 10:15:33,btc,2.4955680802880322,0.0,0.00000002,"btc,ltc",283632789.242661,0.34625275,12.034986516977584,29
1,[],7,[],2019-02-27 10:15:36,47476687.7215207,0.00000002,0.000000000000764674,6801548,2019-02-27 10:15:36,btc,44462590.77108844,0.0,0.00000002,btc,47195656.62159347,0.0,0.6189312873043272,29
0,[],17,[],2019-02-27 09:17:02,0.0,0,0,6801196,2019-02-27 09:17:02,btc,0.0,0.0,0,btc,0.0,0.0,0.0,30
1,[],4,[],2019-02-27 10:15:37,1437940.49741804,0.00000028,0.000000000010705436,6801549,2019-02-27 10:15:37,btc,2.3346661282569436,0.0,0.00000028,btc,1571252.17155429,0.00705389,0.0964507378879425,30
1,[],4,[],2019-02-27 10:15:48,1113732.5413401,0.00005150,0.00000000196903555,6801550,2019-02-27 10:15:48,btc,5.379803492968776,0.0,0.00005150,btc,68190.42964099,0.60899545,0.9545209196877101,31
1,[],21,[],2019-02-27 10:15:49,64229.32619418,0.00005120999999999999928142549455,0.000000001957947777,6801551,2019-02-27 10:15:49,btc,1.594728489267253,99863.72294862,0.0000512099999999999992814254945461271972817485220730304718017578125,btc,27991.35099871,5.22399617,2.469089195028164,31
0,[],2,[],2019-01-20 23:28:43,0.0,0,0,6477009,2019-01-20 23:28:43,,0.0,0.0,0,,0.0,0.0,0.0,32
1,[],4,[],2019-02-27 10:15:49,374797139.086383,0.00000004,0.000000000001529348,6801552,2019-02-27 10:15:49,btc,10.999682423298399,0.0,0.00000004,"btc,ltc",199239744.06599757,0.44017351,8.416420454737022,33
1,[],12,[],2019-02-27 10:15:51,16706849.0,0.00000004,0.000000000001529348,6801553,2019-02-27 10:15:51,btc,35630543.580368236,0.0,0.00000004,btc,90520300.8122464,0.011352952927074,0.53856739,33
1,[],4,[],2019-02-27 10:15:51,124649834.15862755,0.00000001,0.000000000000382337,6801554,2019-02-27 10:15:51,btc,4.042263117617996,0.0,0.00000001,btc,101570786.9276837,0.00614147,1.2464983415862756,34
1,[],5,[],2019-02-27 10:15:53,0.0,0,0,6801555,2019-02-27 10:15:53,btc,0.0,0.23692132,0,btc,0.0,0.0,0.0,34
0.0000000001177421,[],4,[],2019-02-27 10:15:53,2320983975.0963335,2.3548420000000003e-18,9.00343225754e-23,6801556,2019-02-27 10:15:53,ltc,2.9979634523944786e-08,0.0,0.00000002,ltc,3954129685.917654,0.0,4.456330817714147e-09,36
1,[],5,[],2019-02-27 10:15:55,0.0,0,0,6801557,2019-02-27 10:15:55,btc,0.0,0.0,0,btc,0.0,0.0,0.0,36
0.00000000036109009999999997,[],27,[],2019-02-27 10:15:58,1000000.0,3.610901e-18,1.380581055637e-22,6801558,2019-02-27 10:15:58,eth,222.5997971062634,0.0,0.00000001,"ltc,eth",11163566.48751039,0.0,1.1822879600000001e-12,36
0,[],17,[],2019-02-27 10:08:38,0.0,0,0,6801363,2019-02-27 10:08:38,btc,0.07464582830301607,0.0,0,btc,4105386.20243647,0.0,0.0,36
1,[],4,[],2019-02-27 10:15:59,390395.09470721,0.00000060,0.00000000002294022,6801559,2019-02-27 10:15:59,btc,19772.50157169513,0.0,0.00000060,btc,577351.36941515,0.0189264,0.1956622839217095,37
1,[],12,[],2019-02-27 10:16:00,611936.92513998,0.00000058,0.000000000022175546,6801560,2019-02-27 10:16:00,btc,1344.7266793209856,0.0,0.00000058,btc,969477.05451708,0.1063381343745224,0.19623808000000317,37
1,[],17,[],2019-02-27 10:16:01,1752.74075282,0.00000025,0.000000000009558425,6801561,2019-02-27 10:16:01,btc,0.05548492399616837,0.0,0.00000025,btc,1387.19918473,0.0,0.00043818518820499993,37
1,[],27,[],2019-02-27 10:16:04,14685.567,0.00000045,0.000000000017205165,6801562,2019-02-27 10:16:04,btc,25.82160393111233,0.0,0.00000045,btc,6804.86438508,0.0,0.00480032515,37
1,[],5,[],2019-02-27 10:16:05,0.0,0,0,6801563,2019-02-27 10:16:05,btc,0.0,0.1047241,0,btc,0.0,0.0,0.0,42
1,[],12,[],2019-02-27 10:16:06,240450.70480549,0.00000092,0.000000000035175004,6801564,2019-02-27 10:16:06,btc,94.70709504363558,0.0,0.00000092,btc,112158.43562287,0.0130088677564692,0.047071729999998,42
0.00000000036109009999999997,[],27,[],2019-02-27 10:16:08,2000.0,3.610901e-18,1.380581055637e-22,6801565,2019-02-27 10:16:08,eth,0.00315028,0.0,0.00000001,"btc,eth",11.007,0.0,7.221801999999999e-15,42
0,[],17,[],2019-02-27 09:17:29,0.0,0,0,6801208,2019-02-27 09:17:29,btc,0.0,0.0,0,btc,0.0,0.0,0.0,43
1,[],5,[],2019-02-27 10:16:09,0.0,0,0,6801566,2019-02-27 10:16:09,btc,0.0,0.06479587,0,btc,0.0,0.0,0.0,43
1,[],12,[],2019-02-27 10:16:10,1793400.0,0.00000001,0.000000000000382337,6801567,2019-02-27 10:16:10,btc,3569.7539966245354,0.0,0.00000001,btc,12096636.57282716,6.2007992008e-05,0.017934000000000002,43
1,[],12,[],2019-02-27 10:16:12,656449.0,0.00000004,0.000000000001529348,6801568,2019-02-27 10:16:12,btc,11116047.727795307,0.0,0.00000004,btc,1102354.40161834,0.000406208201798,0.016239879999999998,44
1,[],4,[],2019-02-27 10:16:13,290551281.33727527,0.00000002,0.000000000000764674,6801569,2019-02-27 10:16:13,btc,473.60436182076006,0.0,0.00000002,"btc,ltc",12163613.70365541,0.00315876,0.1988564086510395,49
0.0000000001177421,[],4,[],2019-02-27 10:16:14,84544428.98751344,1.1774210000000001e-18,4.50171612877e-23,6801570,2019-02-27 10:16:14,ltc,25.475336667767152,0.0,0.00000001,ltc,10239252169.218313,0.0,9.954438612290707e-11,52
0.0000000001251281,[],22,[],2019-02-27 10:16:18,80845862.0,1.2512809999999999e-18,4.78411023697e-23,6801571,2019-02-27 10:16:18,XMR,4366.96886713,0.0,0.00000001,XMR,255240310.67882353,0.0,0.80845862,57
0.00000000036109009999999997,[],27,[],2019-02-27 10:16:20,2000.0,3.610901e-18,1.380581055637e-22,6801572,2019-02-27 10:16:20,eth,0.0,0.0,0.00000001,"btc,eth",0.0,0.0,7.221801999999999e-15,57
0.0000000001177421,[],4,[],2019-02-27 10:16:21,1050315664.217477,3.5322630000000004e-18,1.350514838631e-22,6801573,2019-02-27 10:16:21,ltc,18.807551095947172,0.0,0.00000003,ltc,4122822440.6891255,0.001619,2.545149316301682e-09,58
1,[],12,[],2019-02-27 10:16:23,1631269429.843957,0.0000000004,0.000000000000015293480000000002,6801574,2019-02-27 10:16:23,btc,224005479652.2007,0.0,0.0000000004,btc,3689461509.5739017,0.11763392855310884,0.5256656564011392,58
0.0000000001251281,[],22,[],2019-02-27 10:16:26,137438.0,1.2512809999999999e-18,4.78411023697e-23,6801575,2019-02-27 10:16:26,XMR,69.8835922,0.0,0.00000001,XMR,9887963.0,0.0,0.00137438,58
0,[],17,[],2019-02-27 10:09:15,0.0,0,0,6801376,2019-02-27 10:09:15,btc,1e+24,0.0,0,btc,49226522.0897055,0.0,0.0,58
1,[],5,[],2019-02-27 10:16:27,0.0,0,0,6801576,2019-02-27 10:16:27,btc,0.0,0.01459556,0,btc,0.0,0.0,0.0,61
1,[],22,[],2019-02-27 10:16:31,5149.5,0.00000011,0.000000000004205707,6801577,2019-02-27 10:16:31,BTC,1002.29597012,0.0,0.00000011,BTC,14947.700278135757,0.0,0.00051596,61
1,[],26,[],2019-02-27 10:16:31,0.0,0.00000800,0.0000000003058696,6801578,2019-02-27 10:16:31,btc,0.0,0.0,0.00000800,btc,0.0,0.0,0.0,61
1,[],27,[],2019-02-27 10:16:34,2563.55,0.00000055,0.000000000021028534999999998,6801579,2019-02-27 10:16:34,btc,7.841844928616269,0.0,0.00000055,"btc,eth",20831.38399471,0.0,0.000265597503538683,61
1,[],28,[],2019-02-27 10:16:36,13880.304,0.0000005,0.00000000001911685,6801580,2019-02-27 10:16:36,btc,2.056291378300105,953.0,0.0000005,btc,9710.59500005,0.0,0.00566391304,61
1,[],4,[],2019-02-27 10:16:37,1420640.4153178,0.00000292,0.000000000111642404,6801581,2019-02-27 10:16:37,btc,11.235464633671135,0.0,0.00000292,btc,792030.17270169,0.35663902,1.32225411073367,67
0.0,[],25,[],2019-02-27 10:16:38,0.0,0,0,6801582,2019-02-27 10:16:38,,0.0,0.0,0.0,btc,0.0,0.0,0.0,67
1,[],12,[],2019-02-27 06:14:34,2902509.86531276,0.00000025,0.00000000000954685,6800169,2019-02-27 06:14:34,btc,11115999.00799186,0.0,0.00000025,btc,2182785.01015293,0.0189829404107349,0.0927045664411135,71
,[],5,[],2018-11-20 23:02:39,1.5e-07,0.00000005,0.000000000002128045,4862160,2018-11-20 23:02:39,btc,2.84511358,0.0,,btc,0.00036572,0.0,0.07381892,74
1,[],5,[],2019-02-27 10:16:39,0.0,0,0,6801583,2019-02-27 10:16:39,btc,0.0,0.0,0,btc,0.0,0.0,0.0,75
1,[],4,[],2019-02-27 10:16:40,16180270.251575,0.00000001,0.000000000000382337,6801584,2019-02-27 10:16:40,btc,11388.6319068588,0.0,0.00000001,btc,34456445.8995017,0.00017764,0.16180270251575,81
0,[],20,[],2019-01-25 09:30:31,0.0,0,0,6495923,2019-01-25 09:30:31,btc,0.0,0.0,0,btc,0.0,0.0,0.0,81
1,[],4,[],2019-02-27 10:16:42,28616.55479087,0.00007571,0.000000002894673427,6801585,2019-02-27 10:16:42,btc,17.775585518474475,0.0,0.00007571,btc,12764.71285991,0.03506105,0.1385604321737103,82
1,[],21,[],2019-02-27 10:16:43,46376.987343839995,0.00007567999999999999369542508232,0.0000000028935264159999996,6801586,2019-02-27 10:16:43,btc,2.250035156027443,2098.01643953,0.000075679999999999993695425082318450904494966380298137664794921875,btc,24406.50852396,0.16019442,2.54301015103446,82
0,[],17,[],2019-02-27 10:09:57,0.0,0,0,6801389,2019-02-27 10:09:57,btc,0.0447233088476774,0.0,0,btc,999127.19588126,0.0,0.0,84
0.000000000117696,[],4,[],2019-02-27 10:09:58,186241208.84452346,3.53088e-18,1.34930107584e-22,6801390,2019-02-27 10:09:58,ltc,1.782832112470803,0.0,0.00000003,ltc,399596832.5913738,0.0,2.989762153499518e-10,85
,[],22,[],2018-11-20 23:09:34,3408.1,0.0000001,0.0000000000041895,4862324,2018-11-20 23:09:34,BTC,0.04624735,0.0,,BTC,4990.0,0.0,0.00033081,86
0,[],22,[],2019-02-22 12:52:35,0.0,0,0,6758847,2019-02-22 12:52:35,,2.0760781,0.0,0,,140622.94736842104,0.0,0.0,87
0,[],27,[],2019-02-22 12:52:37,0.0,0,0,6758848,2019-02-22 12:52:37,,0.0,0.0,0,btc,0.0,0.0,0.0,87
,[],2,[],2018-11-20 23:10:47,0.0,0,0,4862359,2018-11-20 23:10:47,,0.0,0.0,,,0.0,0.0,0.0,88
1,[],11,[],2019-02-27 10:16:56,88173.14071011,0.00013720999999999999581327958519949561377870850265026092529296875,0.000000005246045977,6801587,2019-02-27 10:16:56,btc,609.547413234847,525.32852564,0.00013720999999999999581327958519949561377870850265026092529296875,btc,98195.11468562,0.0,5.572173325785448,89
0,[],2,[],2019-01-20 23:31:45,0.0,0,0,6477083,2019-01-20 23:31:45,,0.0,0.0,0,,0.0,0.0,0.0,91
1,[],12,[],2019-02-27 10:16:57,479375.0352797,0.00000199000000000000000523994909962244292955801938660442829132080078125,0.000000000076085063,6801588,2019-02-27 10:16:57,btc,4.362556207593485,0.0,0.00000199000000000000000523994909962244292955801938660442829132080078125,btc,59670.4799919,0.001827107654341,0.0987756152937605,91
0,[],22,[],2019-02-27 10:17:16,0.0,0,0,6801589,2019-02-27 10:17:16,,3.1e-06,0.0,0,,2.0,0.0,0.0,91
0,[],17,[],2019-02-27 10:10:03,0.0,0,0,6801393,2019-02-27 10:10:03,btc,0.0,0.0,0,btc,0.0,0.0,0.0,91
0.0000000001177421,[],22,[],2019-02-27 10:17:20,2791021.0,4.7096840000000006e-18,1.800686451508e-22,6801590,2019-02-27 10:17:20,LTC,8.53161599,0.0,0.00000004,LTC,71994962.1,0.0,0.09164084,95
0.0000000001177421,[],4,[],2019-02-27 10:17:21,646998033.4790696,8.241947e-17,3.1512012901390003e-21,6801591,2019-02-27 10:17:21,ltc,11.884857830617584,0.0,0.0000007,ltc,136438896.33391422,0.0,1.804357577329545e-09,96
0,[],12,[],2019-02-27 10:17:22,0.0,0,0,6801592,2019-02-27 10:17:22,btc,255077.86232255457,0.0,0,btc,8739592.61569404,5.004995005e-06,0.0,96
0,[],17,[],2019-02-27 10:10:13,0.0,0,0,6801398,2019-02-27 10:10:13,btc,0.0,0.0,0,btc,0.0,0.0,0.0,96
1,[],4,[],2019-02-27 10:17:24,1432778.39088621,0.00000031,0.000000000011852447,6801593,2019-02-27 10:17:24,btc,3.0061972503909744,0.0,0.00000031,btc,2418454.28089985,0.00356462,0.1237997173717471,99
0,[],2,[],2019-01-20 23:23:55,0.0,0,0,6476914,2019-01-20 23:23:55,,0.0,0.0,0,,0.0,0.0,0.0,100
1,[],4,[],2019-02-27 10:17:26,143235.24216882,0.00004735,0.000000001810365695,6801594,2019-02-27 10:17:26,btc,12.605321361719673,0.0,0.00004735,btc,177692.03137048,3.04309482,2.8057377865061044,100
1,[],22,[],2019-02-27 10:10:18,50000.0,0.00000001,0.000000000000382143,6801401,2019-02-27 10:10:18,BTC,23.49896609,0.0,0.00000001,BTC,10277.22,0.0,0.0005,101
1,[],4,[],2019-02-27 10:17:27,479171.98767423,0.00000090,0.00000000003441033,6801595,2019-02-27 10:17:27,btc,256.29892688696697,0.0,0.00000090,btc,486953.61689571,0.01936731,0.2491630663817426,103
1,[],12,[],2019-02-27 10:17:30,61525450.0,0.00000001,0.000000000000382337,6801596,2019-02-27 10:17:30,btc,137278920.88525715,0.0,0.00000001,btc,121630847.3104523,0.02245182390108342,0.207119935,105
1,[],27,[],2019-02-27 10:17:32,125810.89,0.00000001,0.000000000000382337,6801597,2019-02-27 10:17:32,btc,36.58510134075966,0.0,0.00000001,btc,575922.56793212,0.0,0.0012581089,105
1,[],22,[],2019-02-27 10:17:36,9328.0,0.00000001,0.000000000000382337,6801598,2019-02-27 10:17:36,BTC,51.10837004,0.0,0.00000001,BTC,470435.0,0.0,9.328e-05,107
1,[],26,[],2019-02-27 10:17:36,0.0,0.00000000,0,6801599,2019-02-27 10:17:36,btc,0.0,0.0,0.00000000,btc,0.0,0.0,0.0,107
1,[],5,[],2019-02-27 10:17:37,0.0,0,0,6801600,2019-02-27 10:17:37,btc,0.0,8.87e-06,0,btc,0.0,0.0,0.0,112
1,[],22,[],2019-02-27 10:17:42,1966.0,0.00000001,0.000000000000382337,6801601,2019-02-27 10:17:42,BTC,2.81183288,0.0,0.00000001,BTC,808524.0833333334,0.0,1.966e-05,112
0.00000000036109009999999997,[],27,[],2019-02-27 10:17:44,2000.0,3.610901e-18,1.380581055637e-22,6801602,2019-02-27 10:17:44,eth,1.35132491849924,0.0,0.00000001,"btc,eth",1328.641654,0.0,7.221801999999999e-15,112
1,[],4,[],2019-02-27 10:17:45,387750.38733886,0.00000290,0.00000000011087773,6801603,2019-02-27 10:17:45,btc,85.11384277933357,0.0,0.00000290,btc,334533.52695073,0.38800069,0.1962639207677837,113
1,[],5,[],2019-02-27 10:17:46,0.0,0,0,6801604,2019-02-27 10:17:46,btc,0.0,0.11864236,0,btc,0.0,0.0,0.0,113
1,[],17,[],2019-02-27 10:17:58,152738.278,0.00000004,0.000000000001529348,6801605,2019-02-27 10:17:58,btc,1.33680302678,0.0,0.00000004,btc,50696.221,0.0,0.0022095311199999998,116
0,[],27,[],2019-02-27 10:18:00,0.0,0,0,6801606,2019-02-27 10:18:00,,0.0,0.0,0,btc,0.0,0.0,0.0,116
1,[],4,[],2019-02-27 10:18:01,338501.83873599,0.00002441,0.000000000933284617,6801607,2019-02-27 10:18:01,btc,29.219570467421185,0.0,0.00002441,btc,85036.10206607,3.09648758,3.1025326912253073,120
1,[],7,[],2019-02-27 10:18:02,15820.51654534,0.00001779000000000000077256777364365092353182262741029262542724609375,0.0000000006801775230000001,6801608,2019-02-27 10:18:02,btc,115647.55674937888,1384.34844247,0.00001779000000000000077256777364365092353182262741029262542724609375,btc,50770.998999510004,0.03369558,0.0526024528150638,120
1,[],20,[],2019-02-27 10:10:48,1501566.3795,0.00000004,0.000000000001528572,6801416,2019-02-27 10:10:48,btc,32.2909542096994,41083.6083,0.00000004,btc,945705.4386,0.0022420414613,0.010231283801,125
1,[],22,[],2019-02-27 10:18:07,3053.0,0.00000001,0.000000000000382337,6801609,2019-02-27 10:18:07,BTC,0.01444887,0.0,0.00000001,BTC,296263.5111111111,0.0,3.053e-05,126
0,[],2,[],2019-01-20 23:25:46,0.0,0,0,6476969,2019-01-20 23:25:46,,0.0,0.0,0,,0.0,0.0,0.0,131
1,[],4,[],2019-02-27 10:18:08,2649458.96062285,0.00001385,0.000000000529536745,6801610,2019-02-27 10:18:08,btc,6.564569198573482,0.0,0.00001385,btc,125467.99361986,0.10441441,0.6371744807996585,131
0,[],17,[],2019-02-27 10:18:10,0.0,0,0,6801611,2019-02-27 10:18:10,btc,0.0009561751951600001,0.0,0,btc,35.42829368,0.0,0.0,131
1,[],4,[],2019-02-27 10:18:10,4552.57850726,0.00016000,0.000000006117392,6801612,2019-02-27 10:18:10,btc,1.6206537183772698,0.0,0.00016000,btc,241.14413892,0.00100995,0.007699799738958,135
1,[],3,[],2019-02-27 10:10:55,1061233.88776843,0.00000004,0.000000000001528572,6801420,2019-02-27 10:10:55,btc,0.6385386879087458,24054.2790833,0.00000004,btc,2337106.05112032,0.0,0.0339870781737019,136
1,[],4,[],2019-02-27 10:18:11,267485.76265974,0.00000162,0.000000000061938594,6801613,2019-02-27 10:18:11,btc,38.97547993679703,0.0,0.00000162,btc,576391.25651894,0.02207819,0.0858387218797513,137
1,[],12,[],2019-02-27 10:18:13,294814.38904681,0.00000172000000000000004922169442866941579950434970669448375701904296875,0.000000000065761964,6801614,2019-02-27 10:18:13,btc,11807.597209569769,0.0,0.00000172000000000000004922169442866941579950434970669448375701904296875,btc,123073.33537073,1.72e-06,0.0206579599999818,137
1,[],4,[],2019-02-27 10:18:15,113614.97640748,0.00003208,0.000000001226537096,6801615,2019-02-27 10:18:15,btc,29.101507868086387,0.0,0.00003208,btc,43244.06895156,0.21570155,0.4329018846662917,142
1,[],5,[],2019-02-27 10:18:15,0.0,0,0,6801616,2019-02-27 10:18:15,btc,0.0,0.58419094,0,btc,0.0,0.0,0.0,142
1,[],17,[],2019-02-27 10:18:17,22967.386363640002,0.00000088,0.000000000033645656,6801617,2019-02-27 10:18:17,btc,20.0699133484,0.0,0.00000088,btc,405.079105,0.0,0.0104613000000032,142
1,[],20,[],2019-02-27 10:18:19,133023.6247,0.000033891,0.0000000012957783267,6801618,2019-02-27 10:18:19,btc,0.2982970262899,8.7156,0.000033891,btc,1238.9328,0.000325058102,0.2281286845659,142
1,[],22,[],2019-02-27 10:18:22,1685.8988921568628,0.00004000,0.000000001529348,6801619,2019-02-27 10:18:22,BTC,3.00385504,0.0,0.00004000,BTC,891.218,0.0,0.00174536,142
0.0,[],25,[],2019-02-27 10:18:23,0.0,0,0,6801620,2019-02-27 10:18:23,,0.0,0.0,0.0,btc,0.0,0.0,0.0,142
1,[],28,[],2019-02-27 10:18:33,76600.0,0.00004400,0.0000000016822828,6801621,2019-02-27 10:18:33,btc,0.0639742472,1263.99,0.00004400,btc,500.6113,0.0,0.0261072,142
0,[],22,[],2019-02-27 10:18:36,0.0,0,0,6801622,2019-02-27 10:18:36,,60.80280694,0.0,0,,704341446.3,0.0,0.0,143
0,[],22,[],2019-02-25 15:42:22,0.0,0,0,6783783,2019-02-25 15:42:22,,4.2131946,0.0,0,,2322156.0,0.0,0.0,146
,[],22,[],2018-11-20 23:01:11,0.0,0,0,4862114,2018-11-20 23:01:11,,2.56807021,0.0,,,61828.4988236,0.0,0.0,147
1,[],12,[],2019-02-27 10:18:37,218827.41748268,0.00000250000000000000020450763478507827386465578456409275531768798828125,0.00000000009558425,6801623,2019-02-27 10:18:37,btc,16.291402675748287,0.0,0.00000250000000000000020450763478507827386465578456409275531768798828125,btc,117105.96563389,0.00166754,0.0267427799999929,148
1,[],4,[],2019-02-27 10:18:38,245677.21635317,0.00000032,0.000000000012234784,6801624,2019-02-27 10:18:38,btc,219.96744304302317,0.0,0.00000032,btc,800814.6791546,0.0,0.0582338765845818,152
0,[],22,[],2019-02-27 10:18:40,0.0,0,0,6801625,2019-02-27 10:18:40,,0.0,0.0,0,,0.0,0.0,0.0,152
1,[],5,[],2019-02-27 10:18:43,0.0,0,0,6801626,2019-02-27 10:18:43,btc,0.0,0.0,0,btc,0.0,0.0,0.0,153
,[],16,[],2019-01-11 15:38:59,0.0,0,0,6366141,2019-01-11 15:38:59,btc,0.0,0.0,,btc,0.0,0.0,0.0,155
0,[],23,[],2019-01-20 23:24:29,0.0,0,0,6476932,2019-01-20 23:24:29,,0.0,0.0,0,,0.0,0.0,0.0,156
0,[],22,[],2019-02-27 10:18:45,0.0,0,0,6801627,2019-02-27 10:18:45,,6.74829967,0.0,0,,4646626.747643097,0.0,0.0,156
1,[],22,[],2019-02-27 10:18:49,7073.8,0.00005300,0.0000000020263861,6801628,2019-02-27 10:18:49,BTC,1.80343699,0.0,0.00005300,BTC,899.6422341958436,0.0,0.00104336,157
0,[],22,[],2019-02-27 10:18:51,0.0,0,0,6801629,2019-02-27 10:18:51,,50175.68008609,0.0,0,,54479136.04179466,0.0,0.0,158
,[],17,[],2018-11-20 22:56:10,0.0,0,0,4861976,2018-11-20 22:56:10,btc,1.1265625,0.0,,btc,1000.0,0.0,0.0,159
,[],20,[],2018-11-20 22:56:12,0.0,0,0,4861977,2018-11-20 22:56:12,btc,11912.7940471,0.0,,btc,34413894.3617,0.0,0.0,159
1,[],17,[],2019-02-27 10:11:31,29784.95,0.000001,0.0000000000382143,6801439,2019-02-27 10:11:31,btc,0.03026736251542,0.0,0.000001,btc,144.46171372,0.0,0.00716147,168
1,[],12,[],2019-02-27 10:18:53,181557.34359162,0.00000800999999999999954224116915924014392658136785030364990234375,0.000000000306251937,6801630,2019-02-27 10:18:53,btc,6.64256497799869,0.0,0.00000800999999999999954224116915924014392658136785030364990234375,btc,13650.994132220001,0.0050873119076038,0.0909640285928866,168
1,[],22,[],2019-02-27 10:11:34,259690.0,0.00000001,0.000000000000382143,6801440,2019-02-27 10:11:34,BTC,1.14695792,0.0,0.00000001,BTC,779972.8900917594,2.792e-05,0.0025969,169
1,[],22,[],2019-02-27 10:11:37,203600.0,0.00000002,0.000000000000764286,6801441,2019-02-27 10:11:37,BTC,13.2501524,0.0,0.00000002,BTC,144336.2939341018,0.0,0.002072,171
1,[],22,[],2019-02-27 10:11:41,33544.0,0.00000005,0.000000000001910715,6801442,2019-02-27 10:11:41,BTC,2.19711152,0.0,0.00000005,BTC,240701.99312102824,0.00062419,0.00033724,173
1,[],5,[],2019-02-27 10:18:55,0.0,0,0,6801631,2019-02-27 10:18:55,btc,0.0,0.12453694,0,btc,0.0,0.0,0.0,175
1,[],22,[],2019-02-27 10:18:58,45904.0,0.0000003,0.00000000001147011,6801632,2019-02-27 10:18:58,BTC,0.52955903,0.0,0.0000003,BTC,143368.41384013777,0.0,0.0052148,176
0,[],2,[],2019-01-20 23:28:34,0.0,0,0,6477001,2019-01-20 23:28:34,,0.0,0.0,0,,0.0,0.0,0.0,178
1,[],7,[],2019-02-27 10:18:59,0.0,0,0,6801633,2019-02-27 10:18:59,btc,410932.5281358376,0.0,0,btc,117881559.31901672,0.0,0.0,178
0,[],22,[],2019-02-27 10:19:02,0.0,0,0,6801634,2019-02-27 10:19:02,,1.00242428,0.0,0,,57512.0,0.0,0.0,178
0,[],23,[],2019-01-20 23:25:08,0.0,0,0,6476952,2019-01-20 23:25:08,,0.0,0.0,0,,0.0,0.0,0.0,179
1,[],5,[],2019-02-27 10:19:04,0.0,0,0,6801635,2019-02-27 10:19:04,btc,0.0,0.01839268,0,btc,0.0,0.0,0.0,179
1,[],22,[],2019-02-27 10:19:08,7046871.666666667,0.00000003,0.000000000001147011,6801636,2019-02-27 10:19:08,BTC,5.63366894,0.0,0.00000003,"BTC,LTC",17147700.756535422,7.41e-06,0.38128759,179
1,[],17,[],2019-02-27 10:11:56,10504.725,0.0000001,0.000000000003821429999999999,6801449,2019-02-27 10:11:56,btc,5.201069583845356,0.0,0.0000001,btc,5033.45945,0.0,0.0010504725,180
0.0000000001177421,[],22,[],2019-02-27 10:19:13,128605.4,1.177421e-17,4.50171612877e-22,6801637,2019-02-27 10:19:13,LTC,0.20880296,0.0,0.0000001,LTC,64983.16024748961,0.0,0.00130544,180
1,[],26,[],2019-02-27 10:19:13,0.0,0.00000160,0.00000000006117392,6801638,2019-02-27 10:19:13,btc,0.0,0.0,0.00000160,btc,0.0,0.0,0.0,180
,[],7,[],2018-11-20 22:58:01,562227.975654,0.00000085,0.000000000036176765,4862015,2018-11-20 22:58:01,btc,21836.6059674,2491.87645172,,btc,749999.041456,0.00211021,0.127565380455,183
,[],5,[],2019-01-10 08:11:41,0.0,0,0,6347036,2019-01-10 08:11:41,btc,82.15055501,0.00261,,btc,1.19002445,0.0,0.0,187
,[],17,[],2018-11-16 20:58:10,4062536.27273,0.00000001,0.000000000000550501,4708775,2018-11-16 20:58:10,btc,3.36492563466,0.195460381006,,"btc,eth",110697919.549,0.0,0.0157628953496,187
1,[],24,[],2019-02-27 10:19:13,0.0,0.000000000001,3.82337e-17,6801639,2019-02-27 10:19:13,btc,0.0,0.0,0.000000000001,btc,0.0,0.0,0.0,187
0,[],22,[],2019-02-27 04:05:17,0.0,0,0,6799309,2019-02-27 04:05:17,,1.19374396,0.0,0,,16308.869534405507,0.0,0.0,191
0,[],22,[],2019-02-27 10:12:05,0.0,0,0,6801453,2019-02-27 10:12:05,,0.0,0.0,0,,0.0,0.0,0.0,197
0,[],23,[],2019-01-20 23:31:41,0.0,0,0,6477079,2019-01-20 23:31:41,,0.0,0.0,0,,0.0,0.0,0.0,199
0,[],22,[],2019-02-27 10:19:15,0.0,0,0,6801640,2019-02-27 10:19:15,,5.19477622,0.0,0,,21058553.0,0.0,0.0,199
1,[],26,[],2019-02-27 10:19:16,0.0,0.00000000,0,6801641,2019-02-27 10:19:16,btc,0.0,4.0,0.00000000,btc,0.0,0.0,0.0,199
0,[],17,[],2019-01-30 16:32:01,0.0,0,0,6540827,2019-01-30 16:32:01,btc,6.802544163788159,0.0,0,btc,105897.55575295,0.0,0.0,200
0,[],2,[],2019-01-20 23:30:49,0.0,0,0,6477059,2019-01-20 23:30:49,,0.0,0.0,0,,0.0,0.0,0.0,201
1,[],4,[],2019-01-25 15:51:35,2084389.58565343,0.00000936,0.000000000333526752,6499557,2019-01-25 15:51:35,btc,2.0092503037378524,0.0,0.00000936,btc,160195.80207885,0.19272417,1.242687955921835,211
1,[],7,[],2019-02-27 10:19:19,4537530.50366758,0.0000013200000000000000673224496983149123252587742172181606292724609375,0.000000000050468484000000005,6801642,2019-02-27 10:19:19,btc,15476655.475823423,542689.921032,0.0000013200000000000000673224496983149123252587742172181606292724609375,btc,13225791.24438668,0.0,3.578637772153083,212
1,[],12,[],2019-01-25 02:44:32,207462.42853209,0.000001080000000000000035831255497387193287295303889550268650054931640625,0.000000000038610756000000006,6493050,2019-01-25 02:44:32,btc,85023.03793723314,0.0,0.000001080000000000000035831255497387193287295303889550268650054931640625,btc,43675.73520027,0.000146250909087,0.0348620860622024,213
1,[],5,[],2019-02-27 10:19:20,0.0,0,0,6801643,2019-02-27 10:19:20,btc,0.0,0.38198978,0,btc,0.0,0.0,0.0,213
1,[],24,[],2019-02-27 10:19:20,0.0,0.000000100000,0.00000000000382337,6801644,2019-02-27 10:19:20,btc,0.0,0.0,0.000000100000,btc,0.0,0.0,0.0,213
1,[],26,[],2019-02-27 10:19:20,0.0,0.00000010,0.00000000000382337,6801645,2019-02-27 10:19:20,btc,0.0,0.0,0.00000010,btc,0.0,0.0,0.0,213
1,[],22,[],2019-02-27 10:19:24,29085.0,0.00000001,0.000000000000382337,6801646,2019-02-27 10:19:24,BTC,2.22929082,0.0,0.00000001,BTC,573967.3963726171,0.00050918,0.00029085,216
1,[],27,[],2019-02-27 10:19:27,6251251.005988,0.00000007,0.000000000002676359,6801647,2019-02-27 10:19:27,btc,316.33345711644,580.0,0.00000007,"btc,ltc",234898.901,6.96e-05,0.033957470431028404,216
1,[],22,[],2019-02-27 10:19:30,253774.0040747906,0.00000230,0.00000000008793750999999999,6801648,2019-02-27 10:19:30,BTC,12673.67993744,0.0,0.00000230,BTC,391839.14696132124,0.01613956,0.367091,217
1,[],7,[],2019-02-27 10:19:31,0.0,0,0,6801649,2019-02-27 10:19:31,btc,77969.77488735563,0.0,0,btc,137043486.5550253,0.0,0.0,219
0,[],27,[],2019-02-27 10:19:33,0.0,0,0,6801650,2019-02-27 10:19:33,,0.0740438339680921,0.0,0,btc,1536429.20709513,0.0,0.0,219
0.0000000000000052,[],28,[],2019-02-27 10:19:39,167609414.732,2.3404680000000002e-18,8.94847513716e-23,6801651,2019-02-27 10:19:39,doge,83883.3352434475,1223635.768,0.00045009,"btc,doge",4823713.77951,0.0,9.277680338775264e-12,219
1,[],22,[],2019-02-27 10:19:43,240665.0,0.00000002,0.000000000000764674,6801652,2019-02-27 10:19:43,BTC,3.01323916,0.0,0.00000002,BTC,129679.27041875875,0.0,0.00440665,221
1,[],24,[],2019-02-27 10:19:43,0.0,0.000000200000,0.00000000000764674,6801653,2019-02-27 10:19:43,btc,0.0,0.0,0.000000200000,btc,0.0,0.0,0.0,221
1,[],20,[],2019-02-27 10:19:44,40808456.2707,0.000000001,0.0000000000000382337,6801654,2019-02-27 10:19:44,btc,48.2376264230632,2030195.8282,0.000000001,btc,13444908.9689,0.0020301958282,0.0408084562707,224
0,[],22,[],2019-02-27 10:19:47,0.0,0,0,6801655,2019-02-27 10:19:47,,0.0,0.0,0,,0.0,0.0,0.0,224
1,[],26,[],2019-02-27 10:19:47,0.0,0.00000035,0.000000000013381795,6801656,2019-02-27 10:19:47,btc,0.0,0.0,0.00000035,btc,0.0,0.0,0.0,231
1,[],26,[],2019-02-27 10:19:48,0.0,0.00000006,0.000000000002294022,6801657,2019-02-27 10:19:48,btc,0.0,2050.0,0.00000006,btc,0.0,0.0,0.0,234
0.00000000036109009999999997,[],27,[],2019-02-27 10:19:50,2000.0,3.610901e-18,1.380581055637e-22,6801658,2019-02-27 10:19:50,eth,0.0113483662182,0.0,0.00000001,"btc,eth",11462.99618,0.0,7.221801999999999e-15,234
1,[],4,[],2019-02-27 10:19:51,901976.92095772,0.00000072,0.000000000027528264,6801659,2019-02-27 10:19:51,btc,4.434309353818815,0.0,0.00000072,btc,1077913.58468388,0.01190793,0.2724714450726021,236
1,[],24,[],2019-02-27 10:19:51,0.0,0.000000300000,0.00000000001147011,6801660,2019-02-27 10:19:51,btc,0.0,0.0,0.000000300000,btc,0.0,0.0,0.0,236
1,[],20,[],2019-02-27 10:19:53,76382198.6266,0.00000007,0.000000000002676359,6801661,2019-02-27 10:19:53,btc,11.3932205820936,12790827.7231,0.00000007,btc,45044450.0608,0.7952151156471,0.7164657872029,237
0.0000000001177421,[],22,[],2019-02-27 10:19:56,14400.0,1.177421e-17,4.50171612877e-22,6801662,2019-02-27 10:19:56,LTC,0.0405823,0.0,0.0000001,LTC,3164.0,0.0,0.00144,237
1,[],5,[],2019-02-27 10:19:59,0.0,0,0,6801664,2019-02-27 10:19:59,btc,0.0,0.02041025,0,btc,0.0,0.0,0.0,238
1,[],4,[],2019-02-27 10:19:57,7571905.28322198,0.00000034,0.000000000012999458,6801663,2019-02-27 10:19:57,btc,6.259612724269061,0.0,0.00000034,btc,9775099.55886116,0.18695476,1.6962630727236943,238
0,[],22,[],2019-02-27 10:20:05,0.0,0,0,6801665,2019-02-27 10:20:05,,0.41356282,0.0,0,,316008.5639027493,0.0,0.0,249
0.0000000001177421,[],22,[],2019-02-27 10:20:08,7121097.666666667,3.5322630000000004e-18,1.350514838631e-22,6801666,2019-02-27 10:20:08,LTC,0.49913125,0.0,0.00000003,LTC,18343163.09,3.546726439564e-12,0.21263595,252
1,[],28,[],2019-02-27 10:13:06,4567665.434,0.00000022,0.000000000008407146,6801481,2019-02-27 10:13:06,btc,164706.69072751133,450049.541,0.00000022,btc,2053675.0669,0.0,0.38159691954,256
1,[],22,[],2019-02-27 10:20:12,1065354.0,0.00000002,0.000000000000764674,6801667,2019-02-27 10:20:12,BTC,31.47160001,0.0,0.00000002,BTC,670687.0957866946,0.0005262,0.01073444,258
1,[],22,[],2019-02-27 10:13:15,48751.0,0.00000001,0.000000000000382143,6801483,2019-02-27 10:13:15,BTC,2.4175745,0.0,0.00000001,BTC,1762.0,0.0,0.00048751,259
1,[],5,[],2019-02-27 10:20:13,0.0,0,0,6801668,2019-02-27 10:20:13,btc,0.0,0.38474142,0,btc,0.0,0.0,0.0,264
1,[],20,[],2019-02-27 10:20:15,1222628.3387,0.00000247,0.000000000094437239,6801669,2019-02-27 10:20:15,btc,7.3191361363018,102194.6779,0.00000247,btc,86377.2286,0.3228392188952,0.0244616313613,264
0,[],22,[],2019-02-27 10:20:18,0.0,0,0,6801670,2019-02-27 10:20:18,,8.43391024,0.0,0,,427241.8107878143,0.0,0.0,271
0,[],22,[],2019-02-27 10:20:21,0.0,0,0,6801671,2019-02-27 10:20:21,,259.56534233,0.0,0,,14419221437.9,0.0,0.0,272
0.0000000000000052,[],28,[],2019-02-27 10:20:25,233252947588.701,4.472e-21,1.709811064e-25,6801672,2019-02-27 10:20:25,doge,21988806.506650273,16650229031.02,0.00000086,doge,240100718135.9798,0.0,6.600472104192652e-10,272
1,[],22,[],2019-02-27 10:20:30,114648.74,0.00000200,0.0000000000764674,6801673,2019-02-27 10:20:30,BTC,74.32244193,0.0,0.00000200,"BTC,LTC",8380.527743939856,0.0,0.04337297,281
1,[],22,[],2019-02-27 10:20:34,863814.5,0.00000002,0.000000000000764674,6801674,2019-02-27 10:20:34,BTC,1.33236171,0.0,0.00000002,BTC,138490.6655455173,5.99e-06,0.01714417,286
0,[],22,[],2019-02-27 10:13:39,0.0,0,0,6801491,2019-02-27 10:13:39,,43634.52001853,0.0,0,,419066696.0,0.0,0.0,294
