pairValue,buyBook,exchangeId,sellBook,updated,buyTotal,satoshiPrice,usdPrice,exchangeLogId,created,bestPair,sellTotalBtc,volume,pairPrice,activePairs,sellTotal,volumeBtc,buyTotalBtc,coinId
1,[],3,[],2019-06-03 02:54:15,298.033929940858,0.01069457000000000046480153059746953658759593963623046875,0.0000009310703336570001,7729096,2019-06-03 02:54:15,btc,1.892945543619827,41.3779488665,0.01069457000000000046480153059746953658759593963623046875,btc,23.649207060564002,0.0,0.3362564271477558,1
1,[],4,[],2019-06-03 02:54:15,207693.14187198,0.01082714,0.0000009426118911140001,7729097,2019-06-03 02:54:15,btc,7.772819279840036,0.0,0.01082714,btc,313.93367931,0.73677319,0.6463524529560002,1
1,[],5,[],2019-06-03 02:54:17,0.0,0,0,7729098,2019-06-03 02:54:17,btc,0.0,0.03839711,0,btc,0.0,0.0,0.0,1
1,[],10,[],2019-06-03 02:54:20,312362.502887,0.00740018,0.000000644260410818,7729099,2019-06-03 02:54:20,btc,6519.168611533343,1324.9924544,0.00740018,btc,1160.3158335,0.0,2.356539628734552,1
1,[],12,[],2019-06-03 02:54:21,77.83699316,0.01093000000000000047906123512575504719279706478118896484375,0.0000009515668930000001,7729100,2019-06-03 02:54:21,btc,0.1418400044571,0.0,0.01093000000000000047906123512575504719279706478118896484375,btc,12.17883599,0.079294603913,0.3207848816876,1
1,[],20,[],2019-06-03 02:54:23,934.2564,0.009240076,0.0000008044419405676,7729101,2019-06-03 02:54:23,btc,0.2227867460524,0.2861,0.009240076,btc,17.2688,0.003089877139,0.1006285075095,1
1,[],21,[],2019-06-03 02:54:25,1915.88993047,0.01095540000000000055435656066,0.0000009537782195400002,7729102,2019-06-03 02:54:25,btc,11.058373823026171,2499.0630949,0.0109554000000000005543565606558331637643277645111083984375,"btc,eth",1360.39627056,26.19736247187681,17.67671610945048,1
1,[],22,[],2019-06-03 02:54:29,0.0025666666666666667,0.00900000,0.0000007835409,7729103,2019-06-03 02:54:29,BTC,0.31629903,0.0,0.00900000,BTC,0.2505752479991019,0.0,2.31e-05,1
1,[],24,[],2019-06-03 02:54:29,0.0,0.000000000000,0,7729104,2019-06-03 02:54:29,btc,0.0,0.0,0.000000000000,btc,0.0,0.0,0.0,1
0.0,[],25,[],2019-06-03 02:56:41,0.0,0,0,7729105,2019-06-03 02:56:41,btc,13.01499999932084,0.0,0.0,btc,1172.71699991,0.0,0.0,1
1,[],26,[],2019-06-03 02:56:44,0.0,0,0,7729106,2019-06-03 02:56:44,,0.0,0.0,0,,0.0,0.0,0.0,1
0,[],2,[],2019-01-20 23:28:45,0.0,0,0,6477011,2019-01-20 23:28:45,,0.0,0.0,0,,0.0,0.0,0.0,1
0,[],28,[],2019-06-03 02:56:45,0.0,0,0,7729107,2019-06-03 02:56:45,,0.0,295961.0,0,,0.0,0.0,0.0,1
1,[],5,[],2019-06-03 02:56:47,0.0,0,0,7729108,2019-06-03 02:56:47,btc,0.0,0.0,0,btc,0.0,0.0,0.0,2
0,[],22,[],2019-06-03 02:56:49,0.0,0,0,7729109,2019-06-03 02:56:49,,0.0,0.0,0,,0.0,0.0,0.0,2
1,[],5,[],2019-06-03 02:56:51,0.0,0,0,7729110,2019-06-03 02:56:51,btc,0.0,0.01127827,0,btc,0.0,0.0,0.0,3
1,[],12,[],2019-06-03 02:56:52,3274167.70302,0.000000115,0.0000000000100119115,7729111,2019-06-03 02:56:52,btc,169531.0806917631,0.0,0.000000115,btc,2595354.13132902,0.040024009639,0.31544796754428,3
0,[],28,[],2019-06-03 02:56:53,0.0,0,0,7729112,2019-06-03 02:56:53,,0.0,0.0,0,,0.0,0.0,0.0,3
0,[],2,[],2019-01-20 23:31:32,0.0,0,0,6477077,2019-01-20 23:31:32,,0.0,0.0,0,,0.0,0.0,0.0,4
1,[],4,[],2019-05-18 21:29:50,562734.9206932,0.00000010,0.000000000007298720000000001,7650946,2019-05-18 21:29:50,btc,41.9347137769675,0.0,0.00000010,btc,1123702.32192634,0.00052462,0.029254593370966,4
0,[],12,[],2019-06-02 05:03:43,0.0,0,0,7724919,2019-06-02 05:03:43,btc,625.901992874995,0.0,0,btc,1211362.4995005,0.0,0.0,5
0,[],2,[],2019-01-20 23:31:51,0.0,0,0,6477087,2019-01-20 23:31:51,,0.0,0.0,0,,0.0,0.0,0.0,6
1,[],11,[],2019-06-03 02:56:55,9099025.276736,0.00000003,0.000000000002611803,7729113,2019-06-03 02:56:55,btc,9582.823696002944,56335.0,0.00000003,btc,67435595.46260394,0.0,0.13867230276736,6
1,[],3,[],2019-06-03 02:56:55,11553.276148954115,0.000088919999999999995679740572018801003650878556072711944580078125,0.000000007741384092,7729114,2019-06-03 02:56:55,btc,0.09596470555570469,362.367019599,0.000088919999999999995679740572018801003650878556072711944580078125,btc,252.569589790151,0.0,0.02429570074980018,7
1,[],4,[],2019-06-03 02:56:56,321189.62841189,0.00008511,0.000000007409685111,7729115,2019-06-03 02:56:56,btc,9.161048594935178,0.0,0.00008511,btc,59061.71309776,1.58464482,1.8639402743592248,7
1,[],5,[],2019-06-03 02:56:57,0.0,0,0,7729116,2019-06-03 02:56:57,btc,0.0,0.33674146,0,btc,0.0,0.0,0.0,7
1,[],20,[],2019-04-07 22:06:50,3201475.0482,0.000000001,0.000000000000051590000000000004,7213932,2019-04-07 22:06:50,btc,30.8005781811902,0.0,0.000000001,btc,23077405.3926,0.0,0.0032014750482,8
0,[],2,[],2019-01-20 23:22:42,0.0,0,0,6476876,2019-01-20 23:22:42,,0.0,0.0,0,,0.0,0.0,0.0,9
0,[],23,[],2019-01-20 23:22:48,0.0,0,0,6476878,2019-01-20 23:22:48,,0.0,0.0,0,,0.0,0.0,0.0,9
1,[],1,[],2019-02-17 23:31:42,1822507.21,0.00000181000000000000003456111265232042484285557293333113193511962890625,0.000000000066086901,6701244,2019-02-17 23:31:42,btc,3.6990969245,17153386.5,0.00000181000000000000003456111265232042484285557293333113193511962890625,btc,1997391.71,31.11772986,3.2610482446,9
1,[],4,[],2019-06-03 02:56:59,2342739.08393328,0.00000047,0.000000000040918247,7729117,2019-06-03 02:56:59,btc,3.1437890652599667,0.0,0.00000047,btc,3143992.64720688,0.20290985,0.2799204666865849,9
0,[],28,[],2019-06-03 02:57:01,0.0,0,0,7729118,2019-06-03 02:57:01,,0.0,3157218.0,0,,0.0,0.0,0.0,9
1,[],4,[],2019-02-17 11:22:43,4341674.27126056,0.00000002,0.0000000000007272960000000001,6696112,2019-02-17 11:22:43,btc,0.1997230937751353,0.0,0.00000002,btc,4109766.79808031,0.00215132,0.0479381022052112,10
0,[],2,[],2019-01-20 23:23:08,0.0,0,0,6476890,2019-01-20 23:23:08,,0.0,0.0,0,,0.0,0.0,0.0,12
1,[],4,[],2019-06-03 02:57:02,8416724.87465969,0.00000040,0.00000000003482404,7729119,2019-06-03 02:57:02,btc,4.9576622684556755,0.0,0.00000040,btc,5581725.06309006,0.80264596,1.2862233916234307,12
1,[],5,[],2019-06-03 02:57:03,0.0,0,0,7729120,2019-06-03 02:57:03,btc,0.0,0.17616719,0,btc,0.0,0.0,0.0,12
0.0,[],25,[],2019-06-03 02:59:20,0.0,0,0,7729121,2019-06-03 02:59:20,,0.0,0.0,0.0,btc,0.0,0.0,0.0,12
1,[],10,[],2019-06-03 01:39:16,653695.39950683,0.00000575,0.000000000499860725,7728826,2019-06-03 01:39:16,btc,666803.2290192206,8050.10738621,0.00000575,btc,870051.61357202,0.0,0.2299094184707802,13
1,[],4,[],2019-06-03 02:59:21,347608.40564188,0.00000581,0.000000000505819181,7729122,2019-06-03 02:59:21,btc,1.9700926950517899,0.0,0.00000581,btc,256671.29056671,0.43625877,0.5395642804891281,13
1,[],21,[],2019-06-03 02:59:24,1589119.15504116,0.000005859999999999999798351406344,0.000000000510172186,7729123,2019-06-03 02:59:24,btc,5.021662489734049,1486018.04777306,0.000005859999999999999798351406343766001327821868471801280975341796875,btc,779657.01868763,8.84927887,6.667708837015632,13
0,[],17,[],2019-05-03 00:53:32,0.0,0,0,7558876,2019-05-03 00:53:32,btc,0.0,0.0,0,btc,0.0,0.0,0.0,14
1,[],4,[],2019-06-03 02:59:25,906752.7048858,0.00000073,0.00000000006355387300000001,7729124,2019-06-03 02:59:25,btc,4.217846243960575,0.0,0.00000073,btc,855077.54941096,0.00828354,0.0775683196140734,14
1,[],12,[],2019-06-03 02:59:26,136800.71055569,0.00000079,0.00000000006877747899999999,7729125,2019-06-03 02:59:26,btc,14.13467754000852,0.0,0.00000079,btc,22116.65275591,2.547453e-06,0.0161061299999705,14
1,[],26,[],2019-06-03 03:01:26,0.0,0.00000050,0.00000000004353005,7729126,2019-06-03 03:01:26,btc,0.0,0.0,0.00000050,btc,0.0,0.0,0.0,14
,[],12,[],2018-12-01 15:15:48,204241.84496,0.00000489,0.000000000202473384,5260204,2018-12-01 15:15:48,btc,49.5475654835,0.0,,btc,35763.2193806,0.0163153972027625,0.0203389899998,15
0,[],4,[],2019-06-03 03:01:27,0.0,0,0,7729127,2019-06-03 03:01:27,,0.0,0.0,0,,0.0,0.0,0.0,15
0,[],2,[],2019-01-20 23:23:38,0.0,0,0,6476906,2019-01-20 23:23:38,,0.0,0.0,0,,0.0,0.0,0.0,18
0,[],17,[],2019-05-03 00:53:39,0.0,0,0,7558882,2019-05-03 00:53:39,btc,0.0,0.0,0,btc,0.0,0.0,0.0,18
1,[],4,[],2019-06-03 03:01:28,35213.46929975,0.00001042,0.0000000009071662420000001,7729128,2019-06-03 03:01:28,btc,0.9993796777291304,0.0,0.00001042,btc,13531.27631383,0.02938931,0.0880351049124019,18
1,[],10,[],2019-06-03 03:01:30,495388.00142897,0.0000115,0.00000000100119115,7729129,2019-06-03 03:01:30,btc,15.188989811947925,18842.3609433,0.0000115,btc,12852.35237051,0.0,0.1561485810439675,18
1,[],12,[],2019-06-03 03:01:31,2792.45345221,0.000011800000000000000524818903613333276325647602789103984832763671875,0.0000000010273091800000001,7729130,2019-06-03 03:01:31,btc,0.41059043592114053,0.0,0.000011800000000000000524818903613333276325647602789103984832763671875,btc,1764.19209739,0.001011248891,0.0129269672464719,18
0,[],2,[],2019-01-20 23:24:19,0.0,0,0,6476924,2019-01-20 23:24:19,,0.0,0.0,0,,0.0,0.0,0.0,19
1,[],3,[],2019-06-03 03:03:32,150507.08084835543,0.000005519999999999999665506282553462114037756691686809062957763671875,0.000000000480571752,7729131,2019-06-03 03:03:32,btc,0.24427415423046858,5449.68204435,0.000005519999999999999665506282553462114037756691686809062957763671875,btc,6275.788209405815,0.0,0.054137204097101495,19
1,[],4,[],2019-06-03 03:03:33,576015.9266039,0.00000810,0.0000000007051868100000001,7729132,2019-06-03 03:03:33,btc,3.981570152957932,0.0,0.00000810,btc,170284.75991559,0.3267686,0.8739136384259603,19
1,[],5,[],2019-06-03 03:03:34,0.0,0,0,7729133,2019-06-03 03:03:34,btc,0.0,0.00450472,0,btc,0.0,0.0,0.0,19
1,[],12,[],2019-06-03 03:03:35,14357.88428261,0.000007089999999999999880334437818429904609729419462382793426513671875,0.000000000617256109,7729134,2019-06-03 03:03:35,btc,0.0507557405462088,0.0,0.000007089999999999999880334437818429904609729419462382793426513671875,btc,1949.0831785,0.00367262,0.0211767599997353,19
0,[],27,[],2019-06-03 03:03:39,0.0,0,0,7729135,2019-06-03 03:03:39,,0.0,0.0,0,btc,0.0,0.0,0.0,19
1,[],4,[],2019-06-03 03:03:40,10062076.88478525,0.00000007,0.0000000000060942070000000004,7729136,2019-06-03 03:03:40,btc,6.4029639466023385,0.0,0.00000007,btc,2322306.93095912,0.0,0.1174938176872809,20
0,[],17,[],2019-05-03 00:53:51,0.0,0,0,7558891,2019-05-03 00:53:51,btc,0.0,0.0,0,btc,0.0,0.0,0.0,21
1,[],4,[],2019-06-03 03:03:41,7055593.848,0.00000001,0.000000000000870601,7729137,2019-06-03 03:03:41,btc,39358.76533210837,0.0,0.00000001,btc,71380597.86759266,0.00349062,0.07055593848,21
1,[],12,[],2019-06-03 03:03:43,1306413.0,0.00000001,0.000000000000870601,7729138,2019-06-03 03:03:43,btc,2566.648233913127,0.0,0.00000001,btc,5423503.15584414,8.772228e-06,0.01306413,21
1,[],12,[],2019-06-03 03:05:44,5173066356.0,0.0000000003,0.00000000000002611803,7729139,2019-06-03 03:05:44,btc,709129820.5212486,0.0,0.0000000003,btc,3004552527.7039394,0.068709136716,1.1571496101,23
0.000000000309628,[],27,[],2019-06-03 03:05:51,46255632.0,3.09628e-18,2.69562446428e-22,7729140,2019-06-03 03:05:51,eth,105072.97845212165,679181282.3634621,0.00000001,eth,23891616.7312086,4.2058708427582e-09,1.4322038824896e-10,23
1,[],4,[],2019-06-03 03:05:52,1849502.08146784,0.00000022,0.000000000019153222000000002,7729141,2019-06-03 03:05:52,btc,10.684412294681621,0.0,0.00000022,btc,1728528.57661692,0.0071432,0.0615593656208789,24
0,[],22,[],2019-06-03 03:05:55,0.0,0,0,7729142,2019-06-03 03:05:55,,0.0,0.0,0,,0.0,0.0,0.0,24
0.0,[],25,[],2019-06-03 03:07:22,0.0,0,0,7729143,2019-06-03 03:07:22,,0.0,0.0,0.0,btc,0.0,0.0,0.0,24
0,[],2,[],2019-01-20 23:25:56,0.0,0,0,6476976,2019-01-20 23:25:56,,0.0,0.0,0,,0.0,0.0,0.0,26
1,[],4,[],2019-06-03 03:07:22,26935323.61537855,0.00000460,0.00000000040047646,7729144,2019-06-03 03:07:22,btc,12.359568833237665,0.0,0.00000460,btc,234194.79023245,0.12723147,0.4453372566639209,26
1,[],10,[],2019-06-03 03:07:25,149849.63798618,0.00000422,0.00000000036739362200000005,7729145,2019-06-03 03:07:25,btc,25.586920629884965,7072.04390136,0.00000422,btc,23342.6220189,0.0,0.035608152251198,26
1,[],5,[],2019-04-26 09:47:06,0.0,0,0,7465326,2019-04-26 09:47:06,btc,0.0,0.0,0,btc,0.0,0.0,0.0,27
1,[],3,[],2019-06-03 03:07:25,21119990.685043,0.00000001,0.000000000000870601,7729146,2019-06-03 03:07:25,btc,3.7615282836254464,3656731.48668,0.00000001,btc,26014466.77531916,0.0,0.21119990685043,27
1,[],11,[],2019-06-03 03:07:29,2071589.08157834,0.00000002,0.000000000001741202,7729147,2019-06-03 03:07:29,btc,67503.04527066177,19676.5543251,0.00000002,btc,6588861.32608848,0.0,0.0211134458157834,27
1,[],4,[],2019-06-03 03:07:30,1200747139.1500425,0.00000001,0.000000000000870601,7729148,2019-06-03 03:07:30,btc,4.749714250884966,0.0,0.00000001,"btc,ltc",296986471.5805739,0.06397022,8.627398910853469,29
1,[],7,[],2019-06-03 03:07:31,85451021.33155985,0.00000001,0.000000000000870601,7729149,2019-06-03 03:07:31,btc,46548272.12312379,0.0,0.00000001,btc,35242494.75440364,0.0,0.8545102133155985,29
0,[],17,[],2019-05-03 01:11:25,0.0,0,0,7559066,2019-05-03 01:11:25,btc,0.0,0.0,0,btc,0.0,0.0,0.0,30
1,[],4,[],2019-06-03 03:07:32,15244677.86822977,0.00000006,0.000000000005223606,7729150,2019-06-03 03:07:32,btc,2.562666443401238,0.0,0.00000006,btc,2020880.51679651,0.0,0.168853139229436,30
1,[],21,[],2019-06-03 03:09:34,190182.86066702,0.00004563000000000000188444745919,0.000000003972552363,7729152,2019-06-03 03:09:34,btc,5.007498270950265,214541.02425304,0.0000456300000000000018844474591883653147306176833808422088623046875,btc,99973.47614561,10.08461554,7.121855093776377,31
1,[],4,[],2019-06-03 03:09:33,110370.57601637,0.00004476,0.0000000038968100760000005,7729151,2019-06-03 03:09:33,btc,3.086905706943583,0.0,0.00004476,btc,40112.49587426,0.67966727,0.5951676172344937,31
0,[],2,[],2019-01-20 23:28:43,0.0,0,0,6477009,2019-01-20 23:28:43,,0.0,0.0,0,,0.0,0.0,0.0,32
0,[],4,[],2019-06-03 02:30:28,0.0,0,0,7729005,2019-06-03 02:30:28,,0.0,0.0,0,,0.0,0.0,0.0,33
1,[],12,[],2019-03-30 07:55:10,40641173.964,0.00000003,0.000000000001228359,7108785,2019-03-30 07:55:10,btc,4233210.82356125,0.0,0.00000003,btc,28378394.68333462,0.0126927883965248,0.90752895892,33
0.000000000132017,[],4,[],2019-06-03 03:09:35,462617743.5756005,5.940765e-17,5.172035949765e-21,7729153,2019-06-03 03:09:35,ltc,3.7129406555652964,0.0,0.00000045,ltc,156005876.9793972,0.00768519,1.752500863563564e-09,34
1,[],5,[],2019-06-03 03:09:38,0.0,0,0,7729154,2019-06-03 03:09:38,btc,0.0,0.0,0,btc,0.0,0.0,0.0,34
0.0000000002926451,[],17,[],2019-05-02 18:17:47,200000.0,2.9264510000000002e-18,1.596703856561e-22,7556430,2019-05-02 18:17:47,eth,0.20942468735267253,0.0,0.00000001,"btc,eth",1018272.20243647,0.0,5.852902e-13,36
0.0000000001311821,[],4,[],2019-05-31 13:28:19,2417517744.0607657,1.311821e-18,1.105058333085e-22,7717483,2019-05-31 13:28:19,ltc,5.019900492391546e-08,0.0,0.00000001,ltc,7102398142.262129,0.0,3.171350544531538e-09,36
1,[],5,[],2019-05-31 13:28:21,0.0,0,0,7717484,2019-05-31 13:28:21,btc,0.0,0.0,0,btc,0.0,0.0,0.0,36
0.0000000003108179,[],27,[],2019-05-31 13:30:34,10388811.226876,6.216358000000001e-18,5.236566733830001e-22,7717485,2019-05-31 13:30:34,eth,1569.8708019850988,761866.634299,0.00000002,"ltc,eth",5084024.2511555,4.736034912207001e-12,3.3251980286483705e-11,36
1,[],4,[],2019-06-03 02:30:31,9976986.8545678,0.00000016,0.000000000013918976,7729008,2019-06-03 02:30:31,btc,19772.497586996175,0.0,0.00000016,btc,700123.98229404,0.00155418,0.12800423916137,37
1,[],12,[],2019-06-03 02:30:32,3600245.0,0.00000017,0.000000000014788912,7729009,2019-06-03 02:30:32,btc,9.38221230776026,0.0,0.00000017,btc,1094244.73307531,0.011892766737,0.15520566,37
1,[],27,[],2019-06-03 02:32:37,11126.0,0.00000018,0.000000000015658848,7729010,2019-06-03 02:32:37,btc,22.62970013895233,0.0,0.00000018,btc,4298.824295,0.0,0.00165394,37
1,[],17,[],2019-05-03 01:11:36,211752.74075282,0.00000025,0.000000000013700074999999998,7559074,2019-05-03 01:11:36,btc,0.055484923955058496,0.0,0.00000025,"btc,eth",1387.19918473,0.0,0.0005381851887916605,37
1,[],5,[],2019-06-03 03:09:40,0.0,0,0,7729155,2019-06-03 03:09:40,btc,0.0,0.00021719,0,btc,0.0,0.0,0.0,42
1,[],12,[],2019-06-03 03:09:41,148745.93154734,0.000001120000000000000076372827333137660588135986472479999065399169921875,0.00000000009750731200000001,7729156,2019-06-03 03:09:41,btc,24.80264762750178,0.0,0.000001120000000000000076372827333137660588135986472479999065399169921875,btc,75161.76814816,0.033753644284,0.0599921896411596,42
1,[],27,[],2019-06-03 03:09:47,506.0,0.00000002,0.000000000001741202,7729157,2019-06-03 03:09:47,btc,0.07600425,0.0,0.00000002,"btc,eth",18.0,0.0,6.000000325295177e-06,42
1,[],12,[],2019-03-13 09:13:29,1112112.0,0.00000001,0.000000000000386531,6919902,2019-03-13 09:13:29,btc,29058.00478931866,0.0,0.00000001,btc,5967681.93306694,9.99000999e-07,0.01112112,43
1,[],5,[],2019-04-26 22:38:52,0.0,0,0,7474154,2019-04-26 22:38:52,btc,0.0,0.02638891,0,btc,0.0,0.0,0.0,43
0,[],17,[],2019-04-26 22:38:53,0.0,0,0,7474155,2019-04-26 22:38:53,btc,0.0,0.0,0,btc,0.0,0.0,0.0,43
1,[],12,[],2019-03-05 01:54:08,639326.02,0.00000004,0.000000000001486676,6845775,2019-03-05 01:54:08,btc,11116042.728239931,0.0,0.00000004,btc,1103841.4595604,0.0003330765234764,0.014975410599999999,44
1,[],4,[],2019-06-03 03:09:48,105043024.64087455,0.00000001,0.000000000000870601,7729158,2019-06-03 03:09:48,btc,2660396.6054374026,0.0,0.00000001,"btc,ltc",28314663.17183945,0.00166982,0.0318073789590626,49
0.000000000132017,[],4,[],2019-06-03 03:09:48,134088726.1215083,3.5644590000000004e-17,3.103221569859e-21,7729159,2019-06-03 03:09:48,ltc,194920.22259887686,0.0,0.00000027,ltc,197442093.60933667,0.0,1.4039220404444649e-09,52
0,[],22,[],2019-06-03 02:32:52,0.0,0,0,7729016,2019-06-03 02:32:52,,10289.52569349,0.0,0,,305146396.4566013,0.0,0.0,57
1,[],27,[],2019-06-03 02:32:59,2297.0,0.0000003,0.000000000026098080000000002,7729017,2019-06-03 02:32:59,btc,0.0,0.0,0.0000003,"btc,eth",0.0,0.0,0.0003891,57
0.000000000132017,[],4,[],2019-06-03 03:09:49,3382222360.5721416,1.3201700000000001e-18,1.14934132217e-22,7729160,2019-06-03 03:09:49,ltc,19.34101357076037,0.0,0.00000001,ltc,5806269692.741686,0.0,4.465108493756524e-09,58
1,[],12,[],2019-06-03 03:09:51,704663761.0,0.0000000001,0.00000000000000870601,7729161,2019-06-03 03:09:51,btc,2299355.8962503425,0.0,0.0000000001,btc,3475925590.364592,0.00150362171,0.0704663761,58
0.00000000011012400000000001,[],22,[],2019-06-03 03:11:54,126877.0,1.10124e-18,9.587406452400001e-23,7729162,2019-06-03 03:11:54,XMR,68.17454206,0.0,0.00000001,XMR,9626402.6,0.0,0.00126877,58
1,[],17,[],2019-05-03 01:12:09,1200000.0,0.0000000001,0.00000000000000548003,7559085,2019-05-03 01:12:09,btc,1e+24,0.0,0.0000000001,"btc,eth",39516342.31952568,0.0,0.00010000000058666061,58
1,[],5,[],2019-06-03 03:11:55,0.0,0,0,7729163,2019-06-03 03:11:55,btc,0.0,0.00261768,0,btc,0.0,0.0,0.0,61
1,[],22,[],2019-06-03 03:11:58,13613.833333333334,0.00000012,0.000000000010447212,7729164,2019-06-03 03:11:58,BTC,1002.29123003,0.0,0.00000012,BTC,15014.200177125656,0.0,0.00153269,61
1,[],26,[],2019-06-03 03:11:58,0.0,0.00000050,0.00000000004353005,7729165,2019-06-03 03:11:58,btc,0.0,0.0,0.00000050,btc,0.0,0.0,0.0,61
1,[],27,[],2019-06-03 03:12:04,8450.0,0.0000002,0.00000000001741202,7729166,2019-06-03 03:12:04,btc,1.9582485601246655,0.0,0.0000002,"btc,eth",11379.41563696,0.0,0.001522,61
0,[],28,[],2019-06-03 03:12:59,0.0,0,0,7729167,2019-06-03 03:12:59,,0.0,674.0,0,,0.0,0.0,0.0,61
1,[],4,[],2019-06-03 02:35:27,795239.37573477,0.00000069,0.00000000006002558400000001,7729026,2019-06-03 02:35:27,btc,2.933087092324662,0.0,0.00000069,btc,969183.82006896,0.08138651,0.3948765725245768,67
0.0,[],25,[],2019-06-03 02:38:04,0.0,0,0,7729027,2019-06-03 02:38:04,,0.0,0.0,0.0,btc,0.0,0.0,0.0,67
1,[],12,[],2019-06-02 06:23:14,910048.355,0.00000006,0.000000000005154929999999999,7725270,2019-06-02 06:23:14,btc,5.167005424215783,0.0,0.00000006,btc,738530.60239759,0.003159757462,0.0187188113,71
,[],5,[],2018-11-20 23:02:39,1.5e-07,0.00000005,0.000000000002128045,4862160,2018-11-20 23:02:39,btc,2.84511358,0.0,,btc,0.00036572,0.0,0.07381892,74
1,[],5,[],2019-06-03 03:13:00,0.0,0,0,7729168,2019-06-03 03:13:00,btc,0.0,0.04996339,0,btc,0.0,0.0,0.0,75
0,[],4,[],2019-05-25 21:33:44,0.0,0,0,7686249,2019-05-25 21:33:44,,133656.37989170782,0.0,0,,33439209.5909442,0.0,0.0,81
0,[],20,[],2019-01-25 09:30:31,0.0,0,0,6495923,2019-01-25 09:30:31,btc,0.0,0.0,0,btc,0.0,0.0,0.0,81
1,[],4,[],2019-06-03 02:38:07,68389.51177846,0.00012698,0.000000011046447328000001,7729029,2019-06-03 02:38:07,btc,55.22239408108139,0.0,0.00012698,btc,118808.57024332,0.9055209,0.6125929528040621,82
1,[],21,[],2019-06-03 02:38:08,83414.68169608,0.0001104899999999999941424980165,0.000000009611922864,7729030,2019-06-03 02:38:08,btc,12.199305118744896,58545.59130919,0.000110489999999999994142498016547193628866807557642459869384765625,btc,80949.71994824,7.13554508,7.299642293820046,82
0,[],17,[],2019-03-25 22:42:34,0.0,0,0,7038780,2019-03-25 22:42:34,btc,0.0445064681804024,0.0,0,btc,995513.18476001,0.0,0.0,84
0.0000000001161485,[],4,[],2019-05-20 13:09:39,216715621.0206096,1.161485e-18,9.0533806701e-23,7657228,2019-05-20 13:09:39,ltc,1.6511566870244727,0.0,0.00000001,ltc,471032407.9048656,0.0,2.5171194308112273e-10,85
,[],22,[],2018-11-20 23:09:34,3408.1,0.0000001,0.0000000000041895,4862324,2018-11-20 23:09:34,BTC,0.04624735,0.0,,BTC,4990.0,0.0,0.00033081,86
1,[],22,[],2019-06-03 03:13:04,138656.0,0.00000002,0.000000000001741202,7729169,2019-06-03 03:13:04,BTC,1.46121046,0.0,0.00000002,BTC,345305.21403508773,0.001865,0.00214656,87
1,[],27,[],2019-06-03 03:13:10,128632.0,0.00000008,0.000000000006964808,7729170,2019-06-03 03:13:10,btc,5.094676018036,82360.0,0.00000008,btc,61516.67341,0.0098832,0.00262364,87
,[],2,[],2018-11-20 23:10:47,0.0,0,0,4862359,2018-11-20 23:10:47,,0.0,0.0,,,0.0,0.0,0.0,88
1,[],11,[],2019-06-03 03:13:12,157244.63118315,0.00007804000000000000498122376679788203546195290982723236083984375,0.0000000067941702040000006,7729171,2019-06-03 03:13:12,btc,167.44166361645458,742.09999999,0.00007804000000000000498122376679788203546195290982723236083984375,btc,201138.61163851,0.0,1.8790764217627662,89
1,[],12,[],2019-06-03 03:13:14,392499.47452913,0.00000037,0.000000000032212237,7729172,2019-06-03 03:13:14,btc,88.57648247869416,0.0,0.00000037,btc,159585.134995,0.0005132299,0.0243308635999894,91
1,[],22,[],2019-06-03 03:15:18,75910.55,0.0000002,0.00000000001741202,7729173,2019-06-03 03:15:18,BTC,0.497,0.0,0.0000002,"BTC,LTC",6.95,0.0,0.00165931,91
0,[],2,[],2019-01-20 23:31:45,0.0,0,0,6477083,2019-01-20 23:31:45,,0.0,0.0,0,,0.0,0.0,0.0,91
0,[],17,[],2019-05-03 01:12:26,0.0,0,0,7559096,2019-05-03 01:12:26,btc,0.0,0.0,0,btc,0.0,0.0,0.0,91
1,[],22,[],2019-04-09 20:17:52,374949.73333333334,0.00000015,0.000000000007771935,7235704,2019-04-09 20:17:52,BTC,6.87372503,0.0,0.00000015,"BTC,LTC",159980.01196797504,1.1e-05,0.80510266,95
0.0000000001313116,[],4,[],2019-06-03 02:40:28,543158063.5500628,2.8888552e-17,2.5131191372672003e-21,7729036,2019-06-03 02:40:28,ltc,11.30248133000538,0.0,0.00000022,ltc,152784712.34913436,0.0,8.685343241089277e-10,96
0,[],12,[],2019-06-03 02:40:29,0.0,0,0,7729037,2019-06-03 02:40:29,btc,22.33351975046953,0.0,0,btc,9676395.04695305,1.998002e-05,0.0,96
0,[],17,[],2019-05-03 01:12:32,0.0,0,0,7559100,2019-05-03 01:12:32,btc,0.0,0.0,0,btc,0.0,0.0,0.0,96
1,[],4,[],2019-04-14 03:32:46,1039404.33283278,0.00000038,0.000000000019245518,7293458,2019-04-14 03:32:46,btc,4.170086055365747,0.0,0.00000038,btc,3097704.34561074,0.06260606,0.1859928211030784,99
0,[],2,[],2019-01-20 23:23:55,0.0,0,0,6476914,2019-01-20 23:23:55,,0.0,0.0,0,,0.0,0.0,0.0,100
1,[],4,[],2019-06-03 02:42:30,242749.56474081,0.00001681,0.0000000014623624160000002,7729038,2019-06-03 02:42:30,btc,7.47016287800629,0.0,0.00001681,btc,159324.67934516,0.17885676,0.3727087462121792,100
1,[],22,[],2019-06-03 02:42:33,150000.0,0.00000002,0.000000000001739872,7729039,2019-06-03 02:42:33,BTC,24.83526409,0.0,0.00000002,BTC,11187.719,0.0,0.0017,101
1,[],4,[],2019-06-03 02:42:34,524825.99619164,0.00000155,0.00000000013484008000000002,7729040,2019-06-03 02:42:34,btc,549.1847606268262,0.0,0.00000155,btc,675032.20280267,0.0295507,0.1570573692823639,103
1,[],12,[],2019-06-03 02:42:36,176369272.0,0.000000003,0.0000000000002609808,7729041,2019-06-03 02:42:36,btc,2445.3283065570035,0.0,0.000000003,btc,70627492.88182141,0.001788264269,0.23367691000000002,105
0,[],27,[],2019-06-03 02:42:43,0.0,0,0,7729042,2019-06-03 02:42:43,,0.395465268,1636344.0,0,btc,2221497.8,0.01636344,0.0,105
1,[],22,[],2019-04-21 00:17:26,21333.0,0.00000001,0.000000000000532493,7385819,2019-04-21 00:17:26,BTC,51.38182867,0.0,0.00000001,BTC,470435.0,0.0,0.00021333,107
1,[],26,[],2019-04-21 00:17:26,0.0,0.00000000,0,7385820,2019-04-21 00:17:26,btc,0.0,0.0,0.00000000,btc,0.0,0.0,0.0,107
1,[],5,[],2019-06-03 02:42:45,0.0,0,0,7729043,2019-06-03 02:42:45,btc,0.0,0.0,0,btc,0.0,0.0,0.0,112
0,[],22,[],2019-06-03 02:42:49,0.0,0,0,7729044,2019-06-03 02:42:49,,6.79500102,0.0,0,,3375892.0833333335,0.0,0.0,112
1,[],27,[],2019-06-03 02:42:56,10001.0,0.00000001,0.000000000000869936,7729045,2019-06-03 02:42:56,btc,1.15032588,0.0,0.00000001,"btc,eth",1818.0,0.0,1.000003076426e-08,112
1,[],4,[],2019-06-03 02:42:57,263249.81791167,0.00000099,0.000000000086123664,7729046,2019-06-03 02:42:57,btc,5.553916366802398,0.0,0.00000099,btc,602485.5123079,0.05756442,0.1622314402841238,113
1,[],5,[],2019-06-03 02:42:58,0.0,0,0,7729047,2019-06-03 02:42:58,btc,0.0,0.0,0,btc,0.0,0.0,0.0,113
1,[],17,[],2019-04-26 02:17:47,162738.278,0.00000004,0.0000000000021069000000000002,7461287,2019-04-26 02:17:47,btc,1.3331140273775473,0.0,0.00000004,btc,51796.221,0.0,0.00230953112,116
1,[],27,[],2019-05-22 05:13:01,210000.0,0.00000001,0.00000000000079145,7666372,2019-05-22 05:13:01,btc,3919.0005001478,0.0,0.00000001,btc,128660.871,0.0,0.0021,116
1,[],4,[],2019-05-21 22:31:11,138169.03963019,0.00000701,0.000000000558364025,7664793,2019-05-21 22:31:11,btc,150.95388250938234,0.0,0.00000701,btc,344631.17141974,0.07552974,0.4288357684941946,120
1,[],7,[],2019-05-21 22:31:12,3901.07750076,0.000010679999999999999389654892212320191902108490467071533203125,0.0000000008506887,7664794,2019-05-21 22:31:12,btc,231188.94669936574,0.0,0.000010679999999999999389654892212320191902108490467071533203125,btc,4133.83151364,0.0,0.0113888422364489,120
1,[],20,[],2019-04-07 18:42:29,1914137.0852,0.000000035,0.0000000000017871910000000002,7211992,2019-04-07 18:42:29,btc,32.2497668025648,25528.85,0.000000035,btc,1001975.4986,0.00089350975,0.0152723574729,125
1,[],22,[],2019-06-03 02:43:02,10000.0,0.00000001,0.000000000000869936,7729048,2019-06-03 02:43:02,BTC,0.032061,0.0,0.00000001,BTC,299316.7611111111,0.0,0.0001,126
1,[],4,[],2019-06-03 02:43:03,152647.05641638,0.00000681,0.0000000005924264160000001,7729049,2019-06-03 02:43:03,btc,3.4602484040005232,0.0,0.00000681,btc,171088.87686089,0.28993453,0.4216516204638123,131
0,[],2,[],2019-01-20 23:25:46,0.0,0,0,6476969,2019-01-20 23:25:46,,0.0,0.0,0,,0.0,0.0,0.0,131
1,[],17,[],2019-05-03 01:13:10,10000.0,0.00000001,0.000000000000548003,7559115,2019-05-03 01:13:10,btc,0.0953976503951408,0.0,0.00000001,btc,5037.62507334,0.0,0.0001,131
1,[],4,[],2019-06-01 22:22:37,4877.33287432,0.00010000,0.000000008588780000000001,7724055,2019-06-01 22:22:37,btc,5.03221070889025,0.0,0.00010000,btc,202.13055914,0.0,0.0067319517514342,135
1,[],3,[],2019-06-03 02:45:03,529157.22392675,0.00000001,0.0000000000008699360000000001,7729050,2019-06-03 02:45:03,btc,0.2162048335022723,1672649.79937,0.00000001,btc,1805502.4316845,0.0,0.0052915722392675,136
1,[],4,[],2019-06-03 02:45:04,2170213.05387799,0.00000181,0.000000000157458416,7729051,2019-06-03 02:45:04,btc,109.28408694688437,0.0,0.00000181,btc,533921.56519948,0.0185697,0.4786488572967423,137
1,[],12,[],2019-06-03 02:45:06,88652.06743768,0.00000181000000000000003456111265232042484285557293333113193511962890625,0.000000000157458416,7729052,2019-06-03 02:45:06,btc,57.892530610986704,0.0,0.00000181000000000000003456111265232042484285557293333113193511962890625,btc,60822.49064291,7.952048e-05,0.018318299999913402,137
1,[],4,[],2019-06-03 02:45:07,132910.33683064,0.00001930,0.0000000016789764800000002,7729053,2019-06-03 02:45:07,btc,8.78168274331947,0.0,0.00001930,btc,127156.87194009,0.64221466,1.3247943610602988,142
1,[],5,[],2019-06-03 02:45:08,0.0,0,0,7729054,2019-06-03 02:45:08,btc,0.0,0.04154284,0,btc,0.0,0.0,0.0,142
1,[],20,[],2019-06-03 02:47:11,209044.3422,0.000015001,0.0000000013049909936000002,7729055,2019-06-03 02:47:11,btc,1.6054437299533,127.773,0.000015001,btc,9745.0633,0.0027035747,0.0191972556367,142
1,[],22,[],2019-06-03 02:47:14,11028.645,0.00001000,0.0000000008699360000000001,7729056,2019-06-03 02:47:14,BTC,3.00455459,0.0,0.00001000,BTC,1114.1498755539799,0.0,0.00745365,142
0.0,[],25,[],2019-06-03 02:49:31,0.0,0,0,7729057,2019-06-03 02:49:31,,0.0,0.0,0.0,btc,0.0,0.0,0.0,142
0,[],28,[],2019-06-03 02:49:32,0.0,0,0,7729058,2019-06-03 02:49:32,,0.0,0.0,0,,0.0,0.0,0.0,142
1,[],17,[],2019-05-03 01:13:16,32967.38636364,0.00000088,0.000000000048224264,7559122,2019-05-03 01:13:16,btc,20.06976206696776,0.0,0.00000088,btc,2746.079105,0.0,0.0105613000000032,142
0,[],22,[],2019-06-03 02:49:35,0.0,0,0,7729059,2019-06-03 02:49:35,,64.98620993,0.0,0,,787027072.3,0.0,0.0,143
0,[],22,[],2019-02-25 15:42:22,0.0,0,0,6783783,2019-02-25 15:42:22,,4.2131946,0.0,0,,2322156.0,0.0,0.0,146
,[],22,[],2018-11-20 23:01:11,0.0,0,0,4862114,2018-11-20 23:01:11,,2.56807021,0.0,,,61828.4988236,0.0,0.0,147
1,[],12,[],2019-04-21 06:38:04,193091.5971266,0.00000071,0.000000000037635183,7388679,2019-04-21 06:38:04,btc,2.301232411611175,0.0,0.00000071,btc,9957.48302385,0.00023528,0.0313308199999888,148
1,[],4,[],2019-03-19 21:31:25,255810.0415942,0.00000029,0.000000000011615747,6982695,2019-03-19 21:31:25,btc,218.94922712414143,0.0,0.00000029,btc,793529.37642722,0.00117,0.0608347789473395,152
0,[],22,[],2019-03-19 21:31:27,0.0,0,0,6982696,2019-03-19 21:31:27,,0.0,0.0,0,,0.0,0.0,0.0,152
1,[],5,[],2019-04-26 09:36:59,0.0,0,0,7465040,2019-04-26 09:36:59,btc,0.0,0.0,0,btc,0.0,0.0,0.0,153
,[],16,[],2019-01-11 15:38:59,0.0,0,0,6366141,2019-01-11 15:38:59,btc,0.0,0.0,,btc,0.0,0.0,0.0,155
0,[],23,[],2019-01-20 23:24:29,0.0,0,0,6476932,2019-01-20 23:24:29,,0.0,0.0,0,,0.0,0.0,0.0,156
0,[],22,[],2019-06-03 02:49:39,0.0,0,0,7729060,2019-06-03 02:49:39,,7.44455324,0.0,0,,5955762.942592593,0.0,0.0,156
1,[],22,[],2019-06-03 02:49:43,6996.0,0.00000001,0.000000000000869936,7729061,2019-06-03 02:49:43,BTC,1.7543039,0.0,0.00000001,BTC,57.0,0.0,6.996e-05,157
0,[],22,[],2019-05-21 23:40:32,0.0,0,0,7665049,2019-05-21 23:40:32,,50234.60468402,0.0,0,,54786159.03179465,0.0,0.0,158
,[],17,[],2018-11-20 22:56:10,0.0,0,0,4861976,2018-11-20 22:56:10,btc,1.1265625,0.0,,btc,1000.0,0.0,0.0,159
,[],20,[],2018-11-20 22:56:12,0.0,0,0,4861977,2018-11-20 22:56:12,btc,11912.7940471,0.0,,btc,34413894.3617,0.0,0.0,159
1,[],12,[],2019-05-24 02:51:20,9178.522006449999,0.00000191999999999999982841307998027158276954651228152215480804443359375,0.000000000151222656,7676256,2019-05-24 02:51:20,btc,149.80414728631675,0.0,0.00000191999999999999982841307998027158276954651228152215480804443359375,btc,1115.7451448499999,0.01783167678326,0.0120075778999181,168
1,[],17,[],2019-05-03 01:13:36,42852.0,0.00000002,0.000000000001096006,7559132,2019-05-03 01:13:36,btc,0.04279856251542,0.0,0.00000002,btc,274.46171372,0.0,0.00052852,168
1,[],22,[],2019-05-17 03:01:52,10.0,0.00000001,0.000000000000778341,7642059,2019-05-17 03:01:52,BTC,41.95893009,0.0,0.00000001,BTC,1753972.7737547632,0.0,1e-07,169
1,[],22,[],2019-05-30 08:38:18,202834.0,0.00000002,0.0000000000017416160000000001,7711049,2019-05-30 08:38:18,BTC,27.87002826,0.0,0.00000002,BTC,462189.5410507793,0.0,0.00211768,171
1,[],22,[],2019-05-29 08:05:18,349870.0,0.00000002,0.000000000001705894,7705265,2019-05-29 08:05:18,BTC,24.05907723,0.0,0.00000002,"BTC,LTC",1224285.4355616204,0.0,0.0039847,173
1,[],5,[],2019-06-03 02:49:44,0.0,0,0,7729062,2019-06-03 02:49:44,btc,0.0,0.00023934,0,btc,0.0,0.0,0.0,175
1,[],22,[],2019-06-03 02:49:48,90671.0,0.00000001,0.000000000000869936,7729063,2019-06-03 02:49:48,BTC,394.35459412,0.0,0.00000001,BTC,136275.61833431243,0.0,0.00090671,176
1,[],7,[],2019-06-03 02:50:28,0.0,0,0,7729064,2019-06-03 02:50:28,btc,522272.5206434946,0.0,0,btc,21545846.91829112,0.0,0.0,178
0,[],22,[],2019-06-03 02:50:31,0.0,0,0,7729065,2019-06-03 02:50:31,,1.00242428,0.0,0,,57512.0,0.0,0.0,178
0,[],2,[],2019-01-20 23:28:34,0.0,0,0,6477001,2019-01-20 23:28:34,,0.0,0.0,0,,0.0,0.0,0.0,178
0,[],23,[],2019-01-20 23:25:08,0.0,0,0,6476952,2019-01-20 23:25:08,,0.0,0.0,0,,0.0,0.0,0.0,179
1,[],5,[],2019-06-03 02:50:32,0.0,0,0,7729066,2019-06-03 02:50:32,btc,0.0,0.00468087,0,btc,0.0,0.0,0.0,179
0,[],22,[],2019-06-03 02:50:35,0.0,0,0,7729067,2019-06-03 02:50:35,,5.3132485,0.0,0,,13258002.811946675,0.0,0.0,179
1,[],22,[],2019-06-03 02:52:40,681354.6642749348,0.00000107,0.00000000009308315200000001,7729068,2019-06-03 02:52:40,BTC,39.19148122,0.0,0.00000107,"BTC,LTC",146551.3481957358,0.00069375,0.58080083,180
1,[],26,[],2019-06-03 02:52:40,0.0,0.00000010,0.00000000000869936,7729069,2019-06-03 02:52:40,btc,0.0,0.0,0.00000010,btc,0.0,0.0,0.0,180
1,[],17,[],2019-05-03 01:13:56,20504.725000000002,0.0000001,0.00000000000548003,7559141,2019-05-03 01:13:56,btc,5.2010695838400265,0.0,0.0000001,btc,5033.45945,0.0,0.0011504725,180
,[],7,[],2018-11-20 22:58:01,562227.975654,0.00000085,0.000000000036176765,4862015,2018-11-20 22:58:01,btc,21836.6059674,2491.87645172,,btc,749999.041456,0.00211021,0.127565380455,183
,[],5,[],2019-01-10 08:11:41,0.0,0,0,6347036,2019-01-10 08:11:41,btc,82.15055501,0.00261,,btc,1.19002445,0.0,0.0,187
,[],17,[],2018-11-16 20:58:10,4062536.27273,0.00000001,0.000000000000550501,4708775,2018-11-16 20:58:10,btc,3.36492563466,0.195460381006,,"btc,eth",110697919.549,0.0,0.0157628953496,187
1,[],24,[],2019-05-22 21:04:52,0.0,0.000000000014,0.0000000000000010960978,7670219,2019-05-22 21:04:52,btc,0.0,0.0,0.000000000014,btc,0.0,0.0,0.0,187
0,[],22,[],2019-04-25 02:54:07,0.0,0,0,7447896,2019-04-25 02:54:07,,7.54794454,0.0,0,,76361.7243344055,0.0,0.0,191
0,[],22,[],2019-06-03 02:52:45,0.0,0,0,7729070,2019-06-03 02:52:45,,0.0,0.0,0,,0.0,0.0,0.0,197
0,[],23,[],2019-01-20 23:31:41,0.0,0,0,6477079,2019-01-20 23:31:41,,0.0,0.0,0,,0.0,0.0,0.0,199
0,[],22,[],2019-06-03 02:52:48,0.0,0,0,7729071,2019-06-03 02:52:48,,10.92270994,0.0,0,,98749032.0,0.0,0.0,199
1,[],26,[],2019-06-03 02:52:48,0.0,0.00000000,0,7729072,2019-06-03 02:52:48,btc,0.0,0.0,0.00000000,btc,0.0,0.0,0.0,199
0,[],2,[],2019-01-20 23:30:49,0.0,0,0,6477059,2019-01-20 23:30:49,,0.0,0.0,0,,0.0,0.0,0.0,201
1,[],4,[],2019-01-25 15:51:35,2084389.58565343,0.00000936,0.000000000333526752,6499557,2019-01-25 15:51:35,btc,2.0092503037378524,0.0,0.00000936,btc,160195.80207885,0.19272417,1.242687955921835,211
1,[],7,[],2019-06-03 02:52:52,1170169467.890069,0.00000025,0.0000000000217484,7729073,2019-06-03 02:52:52,btc,15201832.875541028,0.0,0.00000025,btc,6666446.4161087,0.0,11.967969486923074,212
1,[],12,[],2019-01-25 02:44:32,207462.42853209,0.000001080000000000000035831255497387193287295303889550268650054931640625,0.000000000038610756000000006,6493050,2019-01-25 02:44:32,btc,85023.03793723314,0.0,0.000001080000000000000035831255497387193287295303889550268650054931640625,btc,43675.73520027,0.000146250909087,0.0348620860622024,213
1,[],5,[],2019-05-30 00:07:46,0.0,0,0,7709357,2019-05-30 00:07:46,btc,0.0,0.06425239,0,btc,0.0,0.0,0.0,213
1,[],24,[],2019-05-30 00:07:46,0.0,0.000000399202,0.0000000000344859829346,7709358,2019-05-30 00:07:46,btc,0.0,0.0,0.000000399202,btc,0.0,0.0,0.0,213
1,[],26,[],2019-05-30 00:07:47,0.0,0.00000040,0.000000000034554919999999996,7709359,2019-05-30 00:07:47,btc,0.0,0.0,0.00000040,btc,0.0,0.0,0.0,213
0,[],22,[],2019-06-03 02:52:55,0.0,0,0,7729074,2019-06-03 02:52:55,,9.61445386,0.0,0,,3661587.094064925,0.0,0.0,216
0.0000000001313116,[],27,[],2019-06-03 02:53:03,1000.0,1.313116e-18,1.142326880576e-22,7729075,2019-06-03 02:53:03,ltc,88.91591335917752,1000.0,0.00000001,"btc,ltc",390269.407688,1e-05,1.313116e-15,216
1,[],22,[],2019-06-03 02:53:06,729602.9655172414,0.00000029,0.000000000025228144,7729076,2019-06-03 02:53:06,BTC,12056.47739965,0.0,0.00000029,BTC,522489.689054774,0.00081621,0.05692037,217
1,[],7,[],2019-06-03 02:53:09,0.0,0,0,7729077,2019-06-03 02:53:09,btc,1234864.1040716618,0.0,0,btc,164001712.13147992,0.0,0.0,219
0,[],27,[],2019-06-03 02:53:14,0.0,0,0,7729078,2019-06-03 02:53:14,,261.3803746267132,0.0,0,btc,14754258.74381025,0.0,0.0,219
0,[],28,[],2019-06-03 02:53:17,0.0,0,0,7729079,2019-06-03 02:53:17,,0.0,23278.227,0,,0.0,0.0,0.0,219
1,[],22,[],2019-05-23 16:41:05,172069.0,0.00000004,0.0000000000031167080000000004,7674065,2019-05-23 16:41:05,BTC,56.76466137,0.0,0.00000004,BTC,127061.6482738741,0.0,0.00393676,221
1,[],24,[],2019-05-23 16:41:05,0.0,0.000000010000,0.0000000000007791770000000001,7674066,2019-05-23 16:41:05,btc,0.0,0.0,0.000000010000,btc,0.0,0.0,0.0,221
1,[],20,[],2019-06-03 02:53:19,10893860.9806,0.000000002,0.00000000000017398720000000002,7729080,2019-06-03 02:53:19,btc,100052.6720247987,5346700.2311,0.000000002,btc,45043451.0108,0.0080379802047,0.0109062672187,224
0,[],22,[],2019-06-03 02:53:22,0.0,0,0,7729081,2019-06-03 02:53:22,,0.0,0.0,0,,0.0,0.0,0.0,224
1,[],26,[],2019-06-03 02:53:22,0.0,0.00000025,0.000000000021748400000000003,7729082,2019-06-03 02:53:22,btc,0.0,0.0,0.00000025,btc,0.0,0.0,0.0,231
1,[],26,[],2019-06-03 02:53:22,0.0,0.00000006,0.0000000000052196160000000004,7729083,2019-06-03 02:53:22,btc,0.0,0.0,0.00000006,btc,0.0,0.0,0.0,234
0.00000000030764260000000004,[],27,[],2019-06-03 02:53:27,100.0,3.076426e-18,2.6762937287360004e-22,7729084,2019-06-03 02:53:27,eth,0.01134836604,0.0,0.00000001,"btc,eth",11462.996,0.0,3.0764260000000003e-16,234
1,[],4,[],2019-05-22 17:06:12,91780.56053785,0.00000078,0.000000000061977552,7669277,2019-05-22 17:06:12,btc,5.573372450018177,0.0,0.00000078,btc,729173.93529783,0.0,0.0307060663355679,236
1,[],24,[],2019-05-22 17:06:12,0.0,0.000000010000,0.000000000000794584,7669278,2019-05-22 17:06:12,btc,0.0,0.0,0.000000010000,btc,0.0,0.0,0.0,236
1,[],5,[],2019-06-03 02:53:28,0.0,0,0,7729085,2019-06-03 02:53:28,btc,0.0,0.19154648,0,btc,0.0,0.0,0.0,237
1,[],20,[],2019-06-03 02:53:30,117868038.5847,0.00000004,0.000000000003479744,7729086,2019-06-03 02:53:30,btc,522.7790697826641,12367870.2276,0.00000004,btc,43773807.2554,0.5330405355424,0.4212016250843,237
1,[],22,[],2019-06-03 02:53:35,288100.0,0.00000003,0.0000000000026098080000000002,7729087,2019-06-03 02:53:35,BTC,1.20267422,0.0,0.00000003,"BTC,LTC",17930.94871794872,0.0,0.007541,237
1,[],4,[],2019-06-03 02:53:36,26700491.80879129,0.00000010,0.00000000000869936,7729088,2019-06-03 02:53:36,btc,2.8382898283269182,0.0,0.00000010,btc,9940835.2411481,0.1197531,0.5039571659400015,238
1,[],5,[],2019-06-03 02:53:38,0.0,0,0,7729089,2019-06-03 02:53:38,btc,0.0,0.00040801,0,btc,0.0,0.0,0.0,238
0,[],22,[],2019-03-12 16:49:32,0.0,0,0,6914458,2019-03-12 16:49:32,,0.40415746,0.0,0,,526736.5639027493,0.0,0.0,249
0,[],22,[],2019-05-28 23:53:45,0.0,0,0,7703643,2019-05-28 23:53:45,,13.44714864,0.0,0,,43777534.3426455,0.0,0.0,252
0,[],28,[],2019-06-03 02:53:40,0.0,0,0,7729090,2019-06-03 02:53:40,,0.0,1131297.2235,0,,0.0,0.0,0.0,256
1,[],22,[],2019-06-03 02:53:44,1021960.0,0.00000001,0.000000000000869936,7729091,2019-06-03 02:53:44,BTC,31464.5506333,0.0,0.00000001,BTC,584951.6675322719,0.0,0.0102196,258
1,[],22,[],2019-05-19 18:12:02,400.0,0.00000001,0.0000000000007957800000000001,7653905,2019-05-19 18:12:02,BTC,2.415167,0.0,0.00000001,BTC,157.0,0.0,4e-06,259
1,[],5,[],2019-06-03 02:53:45,0.0,0,0,7729092,2019-06-03 02:53:45,btc,0.0,0.00058349,0,btc,0.0,0.0,0.0,264
1,[],20,[],2019-06-03 02:53:47,958953.5644,0.000000154,0.0000000000133970144,7729093,2019-06-03 02:53:47,btc,0.9760774832195,0.0,0.000000154,btc,51736.5911,0.0,0.0080437773822,264
0,[],22,[],2019-04-12 17:57:27,0.0,0,0,7278186,2019-04-12 17:57:27,,66.37522201,0.0,0,,677842.4169881374,0.0,0.0,271
0,[],22,[],2019-05-29 08:10:20,0.0,0,0,7705301,2019-05-29 08:10:20,,33050470.74998113,0.0,0,,14361377780.7,0.0,0.0,272
0,[],28,[],2019-05-29 08:10:54,0.0,0,0,7705302,2019-05-29 08:10:54,,0.0,22189957216.5758,0,,0.0,0.0,0.0,272
1,[],22,[],2019-05-23 07:12:29,219930.0,0.00000004,0.000000000003048688,7671985,2019-05-23 07:12:29,BTC,426.77835217,0.0,0.00000004,BTC,248664.3325962929,0.0,0.00739728,281
1,[],22,[],2019-06-03 02:53:52,993660.6833333333,0.00000004,0.000000000003479744,7729094,2019-06-03 02:53:52,BTC,31.67142321,0.0,0.00000004,"BTC,LTC",1530788.8319583754,0.00199833,0.0404901,286
0,[],22,[],2019-06-03 02:53:54,0.0,0,0,7729095,2019-06-03 02:53:54,,7337904.96568486,0.0,0,,2004620112.6797826,0.0,0.0,294
