pairValue,buyBook,exchangeId,sellBook,updated,buyTotal,satoshiPrice,usdPrice,exchangeLogId,created,bestPair,sellTotalBtc,volume,pairPrice,activePairs,sellTotal,volumeBtc,buyTotalBtc,coinId
1,[],3,[],2019-07-01 14:57:02,32167.622769494043,0.00829000000000000049349413444588208221830427646636962890625,0.0000008705478220000001,7784486,2019-07-01 14:57:02,btc,9.263225600997018,80.8813547044,0.00829000000000000049349413444588208221830427646636962890625,btc,36.53079198602,0.0,0.28042271122587,1
1,[],4,[],2019-07-01 14:57:03,208574.87903667,0.00845000,0.0000008873497100000001,7784487,2019-07-01 14:57:03,btc,9.323562617363493,0.0,0.00845000,btc,448.93490396,4.17055978,3.3639168627456537,1
1,[],5,[],2019-07-01 14:57:05,0.0,0,0,7784488,2019-07-01 14:57:05,btc,0.0,0.00307046,0,btc,0.0,0.0,0.0,1
1,[],10,[],2019-07-01 14:57:08,246595.12892707,0.00310826,0.000000326403977468,7784489,2019-07-01 14:57:08,btc,6525.700203678716,1203.08762633,0.00310826,btc,1944.30005146,0.0,1.4009372363021897,1
1,[],12,[],2019-07-01 14:57:12,97.70477123,0.0083499999999999997835065101980944746173918247222900390625,0.00000087684853,7784490,2019-07-01 14:57:12,btc,0.5858188913498,0.0,0.0083499999999999997835065101980944746173918247222900390625,btc,20.32954874,0.886076416714,0.1530859212378,1
1,[],20,[],2019-07-01 14:57:14,928.2397,0.008010176,0.0000008411630000768001,7784491,2019-07-01 14:57:14,btc,0.1440019509481,0.5314,0.008010176,btc,10.6684,0.005078498464,0.1262845652908,1
1,[],21,[],2019-07-01 14:57:16,2387.048897,0.008365330000000000681970035998,0.0000008784583608940002,7784492,2019-07-01 14:57:16,btc,11.309452561855977,2572.9433430199997,0.0083653300000000006819700359983471571467816829681396484375,"btc,eth",1855.13099863,20.43953002934994,13.887184735986214,1
1,[],22,[],2019-07-01 14:57:21,0.5199,0.00150000,0.00000015751770000000002,7784493,2019-07-01 14:57:21,BTC,0.01667896,0.0,0.00150000,BTC,0.2541810146658512,0.0,0.00077189,1
1,[],24,[],2019-07-01 14:57:22,0.0,0.000000000000,0,7784494,2019-07-01 14:57:22,btc,0.0,0.0,0.000000000000,btc,0.0,0.0,0.0,1
0.0,[],25,[],2019-07-01 14:57:23,0.0,0,0,7784495,2019-07-01 14:57:23,btc,43.87709999893981,2598.99783585,0.0,btc,5068.52641785,21.49,0.0,1
1,[],26,[],2019-07-01 14:57:26,0.0,0,0,7784496,2019-07-01 14:57:26,,0.0,0.0,0,,0.0,0.0,0.0,1
1,[],28,[],2019-07-01 14:57:34,1039.924,0.00730000,0.00000076658614,7784497,2019-07-01 14:57:34,btc,0.374000830075,124537.9,0.00730000,btc,23.7132,0.0,0.268011296,1
0,[],2,[],2019-01-20 23:28:45,0.0,0,0,6477011,2019-01-20 23:28:45,,0.0,0.0,0,,0.0,0.0,0.0,1
1,[],5,[],2019-06-17 14:29:02,0.0,0,0,7740076,2019-06-17 14:29:02,btc,0.0,2.72e-05,0,btc,0.0,0.0,0.0,2
1,[],22,[],2019-06-17 14:29:06,11550.3,0.0000002,0.0000000000185828,7740077,2019-06-17 14:29:06,BTC,21.00897301,0.0,0.0000002,"BTC,XMR",20678.87287795317,1.754e-05,0.00143681,2
1,[],5,[],2019-06-03 14:48:58,0.0,0,0,7731126,2019-06-03 14:48:58,btc,0.0,0.05905545,0,btc,0.0,0.0,0.0,3
1,[],12,[],2019-06-03 14:48:59,3468623.70302,0.000000116,0.000000000009823402000000002,7731127,2019-06-03 14:48:59,btc,169531.0336573751,0.0,0.000000116,btc,2361209.62379607,0.041350953071,0.33764769154428,3
0,[],28,[],2019-06-03 14:49:00,0.0,0,0,7731128,2019-06-03 14:49:00,,0.0,0.0,0,,0.0,0.0,0.0,3
0,[],2,[],2019-01-20 23:31:32,0.0,0,0,6477077,2019-01-20 23:31:32,,0.0,0.0,0,,0.0,0.0,0.0,4
1,[],4,[],2019-05-18 21:29:50,562734.9206932,0.00000010,0.000000000007298720000000001,7650946,2019-05-18 21:29:50,btc,41.9347137769675,0.0,0.00000010,btc,1123702.32192634,0.00052462,0.029254593370966,4
0,[],12,[],2019-06-02 05:03:43,0.0,0,0,7724919,2019-06-02 05:03:43,btc,625.901992874995,0.0,0,btc,1211362.4995005,0.0,0.0,5
0,[],2,[],2019-01-20 23:31:51,0.0,0,0,6477087,2019-01-20 23:31:51,,0.0,0.0,0,,0.0,0.0,0.0,6
1,[],11,[],2019-07-01 14:57:35,4052161.27673599,0.00000001,0.000000000001050118,7784498,2019-07-01 14:57:35,btc,9583.57405781093,2495000.0,0.00000001,btc,76679126.25770687,0.0,0.0405216127673599,6
1,[],3,[],2019-07-01 14:57:37,11570.586878566985,0.0000550099999999999967801277145351690478491946123540401458740234375,0.000000005776699118,7784499,2019-07-01 14:57:37,btc,2027.992745172209,627.29874475,0.0000550099999999999967801277145351690478491946123540401458740234375,btc,442.808038894402,0.0,0.014680569238605971,7
1,[],4,[],2019-07-01 14:57:38,321452.8538889,0.00007595,0.000000007975646210000001,7784500,2019-07-01 14:57:38,btc,7.982872639953135,0.0,0.00007595,btc,55068.96353804,2.60911444,2.194937766938247,7
1,[],5,[],2019-07-01 14:57:39,0.0,0,0,7784501,2019-07-01 14:57:39,btc,0.0,0.265615,0,btc,0.0,0.0,0.0,7
1,[],20,[],2019-04-07 22:06:50,3201475.0482,0.000000001,0.000000000000051590000000000004,7213932,2019-04-07 22:06:50,btc,30.8005781811902,0.0,0.000000001,btc,23077405.3926,0.0,0.0032014750482,8
1,[],4,[],2019-07-01 14:57:42,2784451.62235366,0.00000042,0.000000000044104956,7784502,2019-07-01 14:57:42,btc,3.0253487858319423,0.0,0.00000042,btc,3427905.10820506,0.44317993,0.6727269361365603,9
1,[],28,[],2019-07-01 14:57:50,20043.809,0.00000042,0.000000000044104956,7784503,2019-07-01 14:57:50,btc,2708.78166413335,118469.0,0.00000042,btc,35184.584,0.0,0.00270157978,9
0,[],2,[],2019-01-20 23:22:42,0.0,0,0,6476876,2019-01-20 23:22:42,,0.0,0.0,0,,0.0,0.0,0.0,9
0,[],23,[],2019-01-20 23:22:48,0.0,0,0,6476878,2019-01-20 23:22:48,,0.0,0.0,0,,0.0,0.0,0.0,9
1,[],1,[],2019-02-17 23:31:42,1822507.21,0.00000181000000000000003456111265232042484285557293333113193511962890625,0.000000000066086901,6701244,2019-02-17 23:31:42,btc,3.6990969245,17153386.5,0.00000181000000000000003456111265232042484285557293333113193511962890625,btc,1997391.71,31.11772986,3.2610482446,9
1,[],4,[],2019-02-17 11:22:43,4341674.27126056,0.00000002,0.0000000000007272960000000001,6696112,2019-02-17 11:22:43,btc,0.1997230937751353,0.0,0.00000002,btc,4109766.79808031,0.00215132,0.0479381022052112,10
1,[],4,[],2019-07-01 14:57:51,8625211.40500895,0.00000028,0.000000000029403304000000004,7784504,2019-07-01 14:57:51,btc,7.3982523786045356,0.0,0.00000028,btc,8221580.5981816,0.2728909,1.1946387962433762,12
1,[],5,[],2019-07-01 14:57:52,0.0,0,0,7784505,2019-07-01 14:57:52,btc,0.0,0.00093467,0,btc,0.0,0.0,0.0,12
0.0,[],25,[],2019-07-01 14:57:55,0.0,0,0,7784506,2019-07-01 14:57:55,,0.0,0.0,0.0,btc,0.0,0.0,0.0,12
0,[],2,[],2019-01-20 23:23:08,0.0,0,0,6476890,2019-01-20 23:23:08,,0.0,0.0,0,,0.0,0.0,0.0,12
1,[],4,[],2019-07-01 14:57:56,530454.02263758,0.00000234,0.00000000024572761200000003,7784507,2019-07-01 14:57:56,btc,2.071138478467627,0.0,0.00000234,btc,379457.56245577,0.20999418,0.2246604026071495,13
1,[],21,[],2019-07-01 14:58:00,7098395.25858662,0.000002460000000000000163966062949,0.000000000258329028,7784508,2019-07-01 14:58:00,btc,3.2254516504784903,1130504.94349602,0.00000246000000000000016396606294932780656381510198116302490234375,btc,1051040.85015636,2.73409265,2.771404554484173,13
1,[],10,[],2019-07-01 14:11:06,608135.2720718,0.00000241,0.000000000257139047,7784397,2019-07-01 14:11:06,btc,666797.6960588151,8396.74789655,0.00000241,btc,887159.20120164,0.0,0.2565958408143346,13
1,[],4,[],2019-07-01 14:58:01,1242290.79033372,0.00000034,0.000000000035704012,7784509,2019-07-01 14:58:01,btc,3.178306054834448,0.0,0.00000034,btc,1538019.07724855,0.00593444,0.1311317170067048,14
1,[],12,[],2019-07-01 14:58:02,195643.78260869,0.00000031,0.000000000032553658,7784510,2019-07-01 14:58:02,btc,191.4901643632337,0.0,0.00000031,btc,41600.06442848,0.00148102,0.0068263999999987,14
1,[],26,[],2019-07-01 15:00:02,0.0,0.00000050,0.0000000000525059,7784511,2019-07-01 15:00:02,btc,0.0,0.0,0.00000050,btc,0.0,0.0,0.0,14
0,[],17,[],2019-05-03 00:53:32,0.0,0,0,7558876,2019-05-03 00:53:32,btc,0.0,0.0,0,btc,0.0,0.0,0.0,14
0,[],4,[],2019-07-01 15:00:04,0.0,0,0,7784512,2019-07-01 15:00:04,,0.0,0.0,0,,0.0,0.0,0.0,15
,[],12,[],2018-12-01 15:15:48,204241.84496,0.00000489,0.000000000202473384,5260204,2018-12-01 15:15:48,btc,49.5475654835,0.0,,btc,35763.2193806,0.0163153972027625,0.0203389899998,15
1,[],4,[],2019-07-01 15:00:05,29639.00290005,0.00000788,0.000000000827492984,7784513,2019-07-01 15:00:05,btc,2.37455336113391,0.0,0.00000788,btc,18043.02496154,0.03579474,0.0273790204474665,18
1,[],10,[],2019-07-01 15:00:07,415834.92180839,0.00000754,0.0000000007917889720000001,7784514,2019-07-01 15:00:07,btc,14.89880818261891,10641.3227318,0.00000754,btc,11355.36879107,0.0,0.3503670973742851,18
1,[],12,[],2019-07-01 15:00:09,2149.81071722,0.00000800999999999999954224116915924014392658136785030364990234375,0.000000000841144518,7784515,2019-07-01 15:00:09,btc,0.5294098480917058,0.0,0.00000800999999999999954224116915924014392658136785030364990234375,btc,1921.99839621,5.248531e-06,0.0043534673999322,18
0,[],2,[],2019-01-20 23:23:38,0.0,0,0,6476906,2019-01-20 23:23:38,,0.0,0.0,0,,0.0,0.0,0.0,18
0,[],17,[],2019-05-03 00:53:39,0.0,0,0,7558882,2019-05-03 00:53:39,btc,0.0,0.0,0,btc,0.0,0.0,0.0,18
1,[],3,[],2019-07-01 15:02:10,160378.55317607,0.000007930000000000000308190972742039548393222503364086151123046875,0.0000000008327435740000001,7784516,2019-07-01 15:02:10,btc,190.30846660604487,15936.0573282,0.000007930000000000000308190972742039548393222503364086151123046875,btc,17977.848326380634,0.0,0.1062102657989241,19
1,[],4,[],2019-07-01 15:02:11,435745.47954386,0.00000621,0.0000000006521232780000001,7784517,2019-07-01 15:02:11,btc,3.05729041594039,0.0,0.00000621,btc,218946.09947797,0.45417788,1.9209333669404944,19
1,[],5,[],2019-07-01 15:02:13,0.0,0,0,7784518,2019-07-01 15:02:13,btc,0.0,5.376e-05,0,btc,0.0,0.0,0.0,19
1,[],12,[],2019-07-01 15:02:14,107377.89215822,0.000005800000000000000372813759030865554677802720107138156890869140625,0.00000000060906844,7784519,2019-07-01 15:02:14,btc,0.3738992297799185,0.0,0.000005800000000000000372813759030865554677802720107138156890869140625,btc,2991.38421058,0.001959266353,0.0100268599998155,19
0,[],27,[],2019-07-01 15:02:21,0.0,0,0,7784520,2019-07-01 15:02:21,,0.0,0.0,0,btc,0.0,0.0,0.0,19
0,[],2,[],2019-01-20 23:24:19,0.0,0,0,6476924,2019-01-20 23:24:19,,0.0,0.0,0,,0.0,0.0,0.0,19
1,[],4,[],2019-07-01 15:02:22,9941131.39828478,0.00000005,0.00000000000525059,7784521,2019-07-01 15:02:22,btc,5.162345510776601,0.0,0.00000005,btc,2240531.70486197,0.0,0.1109370288405056,20
0,[],4,[],2019-07-01 15:02:24,0.0,0,0,7784522,2019-07-01 15:02:24,,13631.979109764237,0.0,0,,166080788.2737067,0.0,0.0,21
0,[],12,[],2019-07-01 15:02:25,0.0,0,0,7784523,2019-07-01 15:02:25,btc,2602.9646297874624,0.0,0,btc,10399029.54445551,0.0,0.0,21
0,[],17,[],2019-05-03 00:53:51,0.0,0,0,7558891,2019-05-03 00:53:51,btc,0.0,0.0,0,btc,0.0,0.0,0.0,21
1,[],12,[],2019-07-01 15:04:27,5847771071.864567,0.0000000006,0.00000000000006300708,7784524,2019-07-01 15:04:27,btc,1426620312870.0088,0.0,0.0000000006,btc,2813355940.37276,0.347863757099,1.7352373974454833,23
0.000000000272871,[],27,[],2019-07-01 15:04:33,89848688.90649341,2.1829680000000003e-16,2.2923739902240004e-20,7784525,2019-07-01 15:04:33,eth,1259.7735881,35363.66493507,0.0000008,eth,3692588.066,7.71977436003e-12,6.375272168236016e-09,23
1,[],4,[],2019-06-22 05:45:29,6100414.07522138,0.00000017,0.00000000001823352,7751732,2019-06-22 05:45:29,btc,10.22685272773715,0.0,0.00000017,btc,1790815.48208265,0.0,0.1345450262400025,24
0,[],22,[],2019-06-22 05:45:31,0.0,0,0,7751733,2019-06-22 05:45:31,,6.22e-05,0.0,0,,517.4264705882352,0.0,0.0,24
0.0,[],25,[],2019-06-22 05:45:32,0.0,0,0,7751734,2019-06-22 05:45:32,,0.0,0.0,0.0,btc,0.0,0.0,0.0,24
1,[],4,[],2019-07-01 15:04:34,26940604.09239078,0.00000345,0.00000000036229071,7784526,2019-07-01 15:04:34,btc,7.153757489569148,0.0,0.00000345,btc,202254.62916666,0.05427181,0.3757460604687769,26
1,[],10,[],2019-07-01 15:04:36,130199.45668671,0.00000472,0.000000000495655696,7784527,2019-07-01 15:04:36,btc,26.15794802992168,6343.13592404,0.00000472,btc,19876.23776013,0.0,0.0489246910843661,26
0,[],2,[],2019-01-20 23:25:56,0.0,0,0,6476976,2019-01-20 23:25:56,,0.0,0.0,0,,0.0,0.0,0.0,26
1,[],5,[],2019-04-26 09:47:06,0.0,0,0,7465326,2019-04-26 09:47:06,btc,0.0,0.0,0,btc,0.0,0.0,0.0,27
1,[],3,[],2019-06-17 14:30:26,13571825.64059417,0.00000001,0.00000000000092914,7740112,2019-06-17 14:30:26,btc,3.485049956644059,4264730.43754,0.00000001,btc,23500048.28518193,0.0,0.1357182564059417,27
1,[],11,[],2019-06-17 14:30:28,2031833.58157834,0.00000001,0.00000000000092914,7740113,2019-06-17 14:30:28,btc,67502.92060589766,32677.9652116,0.00000001,btc,6487362.95640949,0.0,0.0203183358157834,27
0.0000000001137463,[],4,[],2019-07-01 15:04:37,372624312.8882772,8.7584651e-17,9.197421853881801e-21,7784528,2019-07-01 15:04:37,ltc,10.540272315966657,0.0,0.00000077,ltc,667808191.4822321,0.05136458,7.287151291710392e-09,29
1,[],7,[],2019-07-01 15:04:39,0.0,0,0,7784529,2019-07-01 15:04:39,btc,46548272.69606424,1645283.25,0,btc,54966555.12386811,0.01645283,0.0,29
1,[],4,[],2019-07-01 15:04:40,15247247.18640204,0.00000004,0.000000000004200472,7784530,2019-07-01 15:04:40,btc,2.574271176878842,0.0,0.00000004,btc,2263873.01112021,0.0,0.1669783403867238,30
0,[],17,[],2019-05-03 01:11:25,0.0,0,0,7559066,2019-05-03 01:11:25,btc,0.0,0.0,0,btc,0.0,0.0,0.0,30
1,[],4,[],2019-07-01 15:06:41,236292.21628587,0.00002801,0.000000002941380518,7784531,2019-07-01 15:06:41,btc,3.8609646117992087,0.0,0.00002801,btc,63282.10860553,0.37001396,0.7031271172567509,31
1,[],21,[],2019-07-01 15:06:42,294361.10790278,0.00003163000000000000040039152549,0.0000000033215232340000002,7784532,2019-07-01 15:06:42,btc,6.121588301212202,243621.14264387,0.0000316300000000000004003915254902068454612162895500659942626953125,btc,146005.28396367,7.60405557,4.317599384846852,31
0,[],2,[],2019-01-20 23:28:43,0.0,0,0,6477009,2019-01-20 23:28:43,,0.0,0.0,0,,0.0,0.0,0.0,32
0,[],4,[],2019-07-01 15:06:43,0.0,0,0,7784533,2019-07-01 15:06:43,,0.0,0.0,0,,0.0,0.0,0.0,33
1,[],12,[],2019-03-30 07:55:10,40641173.964,0.00000003,0.000000000001228359,7108785,2019-03-30 07:55:10,btc,4233210.82356125,0.0,0.00000003,btc,28378394.68333462,0.0126927883965248,0.90752895892,33
0.0000000001137463,[],4,[],2019-07-01 15:06:45,148132604.8148803,5.687315e-17,5.9723518531700006e-21,7784534,2019-07-01 15:06:45,ltc,4.573069788533375,0.0,0.0000005,ltc,167743308.5057124,0.0,6.543624403539633e-10,34
1,[],5,[],2019-07-01 15:06:46,0.0,0,0,7784535,2019-07-01 15:06:46,btc,0.0,0.0,0,btc,0.0,0.0,0.0,34
0.0000000002926451,[],17,[],2019-05-02 18:17:47,200000.0,2.9264510000000002e-18,1.596703856561e-22,7556430,2019-05-02 18:17:47,eth,0.20942468735267253,0.0,0.00000001,"btc,eth",1018272.20243647,0.0,5.852902e-13,36
0.0000000001311821,[],4,[],2019-05-31 13:28:19,2417517744.0607657,1.311821e-18,1.105058333085e-22,7717483,2019-05-31 13:28:19,ltc,5.019900492391546e-08,0.0,0.00000001,ltc,7102398142.262129,0.0,3.171350544531538e-09,36
1,[],5,[],2019-05-31 13:28:21,0.0,0,0,7717484,2019-05-31 13:28:21,btc,0.0,0.0,0,btc,0.0,0.0,0.0,36
0.0000000003108179,[],27,[],2019-05-31 13:30:34,10388811.226876,6.216358000000001e-18,5.236566733830001e-22,7717485,2019-05-31 13:30:34,eth,1569.8708019850988,761866.634299,0.00000002,"ltc,eth",5084024.2511555,4.736034912207001e-12,3.3251980286483705e-11,36
1,[],4,[],2019-06-25 10:05:55,10747826.61931615,0.00000014,0.000000000015920562,7762320,2019-06-25 10:05:55,btc,19773.05513423956,0.0,0.00000014,btc,682946.14349671,0.0006293,0.1362851255028938,37
1,[],12,[],2019-06-25 10:05:57,4167862.54235103,0.00000013,0.000000000014783379,7762321,2019-06-25 10:05:57,btc,7.381091518261743,0.0,0.00000013,btc,1713444.53926904,0.016313049979,0.1478110147956336,37
1,[],27,[],2019-06-25 10:08:02,10970.0,0.00000019,0.000000000021606477,7762322,2019-06-25 10:08:02,btc,22.62970013895233,0.0,0.00000019,btc,4298.824295,0.0,0.00167419,37
1,[],17,[],2019-05-03 01:11:36,211752.74075282,0.00000025,0.000000000013700074999999998,7559074,2019-05-03 01:11:36,btc,0.055484923955058496,0.0,0.00000025,"btc,eth",1387.19918473,0.0,0.0005381851887916605,37
1,[],5,[],2019-07-01 15:06:48,0.0,0,0,7784536,2019-07-01 15:06:48,btc,0.0,0.18125461,0,btc,0.0,0.0,0.0,42
1,[],12,[],2019-07-01 15:06:49,189516.72134787,0.000001309999999999999951307938332589753116508290986530482769012451171875,0.000000000137565458,7784537,2019-07-01 15:06:49,btc,525.2859936374379,0.0,0.000001309999999999999951307938332589753116508290986530482769012451171875,btc,146023.17147512,0.009916362756,0.043151290062439,42
1,[],27,[],2019-07-01 15:07:00,10300.0,0.00000003,0.000000000003150354,7784538,2019-07-01 15:07:00,btc,0.07600425,0.0,0.00000003,"btc,eth",18.0,0.0,0.000306,42
1,[],12,[],2019-03-13 09:13:29,1112112.0,0.00000001,0.000000000000386531,6919902,2019-03-13 09:13:29,btc,29058.00478931866,0.0,0.00000001,btc,5967681.93306694,9.99000999e-07,0.01112112,43
1,[],5,[],2019-04-26 22:38:52,0.0,0,0,7474154,2019-04-26 22:38:52,btc,0.0,0.02638891,0,btc,0.0,0.0,0.0,43
0,[],17,[],2019-04-26 22:38:53,0.0,0,0,7474155,2019-04-26 22:38:53,btc,0.0,0.0,0,btc,0.0,0.0,0.0,43
1,[],12,[],2019-03-05 01:54:08,639326.02,0.00000004,0.000000000001486676,6845775,2019-03-05 01:54:08,btc,11116042.728239931,0.0,0.00000004,btc,1103841.4595604,0.0003330765234764,0.014975410599999999,44
0.0000000001137463,[],4,[],2019-07-01 15:07:01,109619962.71248811,4.8910909000000004e-17,5.136222593726201e-21,7784539,2019-07-01 15:07:01,ltc,2762.219809359016,0.0,0.00000043,ltc,27006783.94695519,0.0,5.159300236732604e-10,49
0.0000000001137463,[],4,[],2019-07-01 15:07:02,316869375.54104334,2.6161649e-17,2.7472818524582003e-21,7784540,2019-07-01 15:07:02,ltc,28257.766936925334,0.0,0.00000023,ltc,196622155.25974715,0.0,2.0776164789003363e-09,52
0,[],22,[],2019-07-01 15:07:05,0.0,0,0,7784541,2019-07-01 15:07:05,,10289.80784133,0.0,0,,287058287.4566013,0.0,0.0,57
0,[],27,[],2019-07-01 15:07:15,0.0,0,0,7784542,2019-07-01 15:07:15,,0.0,0.0,0,"btc,eth",0.0,0.0,0.0,57
0,[],4,[],2019-07-01 15:07:16,0.0,0,0,7784543,2019-07-01 15:07:16,,19.71936528530285,0.0,0,,6081330352.902692,0.0,0.0,58
0,[],12,[],2019-07-01 15:07:18,0.0,0,0,7784544,2019-07-01 15:07:18,btc,654641014.2194599,0.0,0,btc,3483131109.4834733,0.000579737961,0.0,58
0.000000000083748,[],22,[],2019-07-01 15:09:21,126877.0,8.3748e-19,8.794528226400001e-23,7784545,2019-07-01 15:09:21,XMR,68.17454206,0.0,0.00000001,XMR,9626402.6,0.0,0.00126877,58
1,[],17,[],2019-05-03 01:12:09,1200000.0,0.0000000001,0.00000000000000548003,7559085,2019-05-03 01:12:09,btc,1e+24,0.0,0.0000000001,"btc,eth",39516342.31952568,0.0,0.00010000000058666061,58
1,[],5,[],2019-06-17 14:31:27,0.0,0,0,7740135,2019-06-17 14:31:27,btc,0.0,0.00079154,0,btc,0.0,0.0,0.0,61
1,[],22,[],2019-06-17 14:31:30,13612.833333333334,0.00000012,0.00000000001114968,7740136,2019-06-17 14:31:30,BTC,1002.29123003,0.0,0.00000012,BTC,15014.200177125656,0.0,0.00153257,61
1,[],26,[],2019-06-17 14:31:30,0.0,0.00000050,0.000000000046457,7740137,2019-06-17 14:31:30,btc,0.0,0.0,0.00000050,btc,0.0,0.0,0.0,61
1,[],27,[],2019-06-17 14:31:36,8400.0,0.00000018,0.00000000001672452,7740138,2019-06-17 14:31:36,btc,1.9742539297246655,0.0,0.00000018,"btc,eth",10953.51663696,0.0,0.001512,61
0,[],28,[],2019-06-17 14:31:38,0.0,0,0,7740139,2019-06-17 14:31:38,,0.0,0.0,0,,0.0,0.0,0.0,61
1,[],4,[],2019-07-01 15:09:23,1745494.62216756,0.00000044,0.000000000046205192000000005,7784546,2019-07-01 15:09:23,btc,3.254036788318624,0.0,0.00000044,btc,1169841.35822483,0.05394423,0.1024831004722887,67
0.0,[],25,[],2019-07-01 15:09:24,0.0,0,0,7784547,2019-07-01 15:09:24,,0.0,0.0,0.0,btc,0.0,0.0,0.0,67
1,[],12,[],2019-06-02 06:23:14,910048.355,0.00000006,0.000000000005154929999999999,7725270,2019-06-02 06:23:14,btc,5.167005424215783,0.0,0.00000006,btc,738530.60239759,0.003159757462,0.0187188113,71
,[],5,[],2018-11-20 23:02:39,1.5e-07,0.00000005,0.000000000002128045,4862160,2018-11-20 23:02:39,btc,2.84511358,0.0,,btc,0.00036572,0.0,0.07381892,74
1,[],5,[],2019-07-01 15:09:26,0.0,0,0,7784548,2019-07-01 15:09:26,btc,0.0,0.00154997,0,btc,0.0,0.0,0.0,75
1,[],4,[],2019-06-04 03:25:15,715281.46076168,0.00000001,0.000000000000803619,7734085,2019-06-04 03:25:15,btc,581089.6218469425,0.0,0.00000001,btc,37692563.61091116,0.0,0.0071528146076168,81
0,[],20,[],2019-01-25 09:30:31,0.0,0,0,6495923,2019-01-25 09:30:31,btc,0.0,0.0,0,btc,0.0,0.0,0.0,81
1,[],4,[],2019-07-01 15:09:27,185227.09722448,0.00006150,0.000000006458225700000001,7784549,2019-07-01 15:09:27,btc,59.16510560837943,0.0,0.00006150,btc,129622.36147014,0.32979416,0.234018703658288,82
1,[],21,[],2019-07-01 15:09:29,319057.07343355997,0.00006982000000000000575553493753,0.000000007331923876000001,7784550,2019-07-01 15:09:29,btc,4.349353942168703,2181.15926952,0.0000698200000000000057555349375348896501236595213413238525390625,btc,44325.95822519,0.15179707,3.594867733065512,82
0,[],17,[],2019-03-25 22:42:34,0.0,0,0,7038780,2019-03-25 22:42:34,btc,0.0445064681804024,0.0,0,btc,995513.18476001,0.0,0.0,84
0.0000000001161485,[],4,[],2019-05-20 13:09:39,216715621.0206096,1.161485e-18,9.0533806701e-23,7657228,2019-05-20 13:09:39,ltc,1.6511566870244727,0.0,0.00000001,ltc,471032407.9048656,0.0,2.5171194308112273e-10,85
,[],22,[],2018-11-20 23:09:34,3408.1,0.0000001,0.0000000000041895,4862324,2018-11-20 23:09:34,BTC,0.04624735,0.0,,BTC,4990.0,0.0,0.00033081,86
1,[],22,[],2019-06-26 09:07:19,62694.0,0.00000005,0.0000000000063518149999999994,7766682,2019-06-26 09:07:19,BTC,1.85249053,0.0,0.00000005,BTC,287024.94736842107,0.0003,0.00062846,87
1,[],27,[],2019-06-26 09:07:25,361781.0,0.0000002,0.000000000025407259999999998,7766683,2019-06-26 09:07:25,btc,19.86923154858,99950.0,0.0000002,btc,548343.482,0.01999,0.01237888,87
,[],2,[],2018-11-20 23:10:47,0.0,0,0,4862359,2018-11-20 23:10:47,,0.0,0.0,,,0.0,0.0,0.0,88
1,[],11,[],2019-06-17 14:31:59,193715.3529613,0.000073310000000000001140094962881477158589405007660388946533203125,0.00000000681152534,7740147,2019-06-17 14:31:59,btc,168.35454702024953,5791.70569014,0.000073310000000000001140094962881477158589405007660388946533203125,btc,196971.41170107,0.0,1.1996165759440112,89
0,[],2,[],2019-01-20 23:31:45,0.0,0,0,6477083,2019-01-20 23:31:45,,0.0,0.0,0,,0.0,0.0,0.0,91
1,[],12,[],2019-07-01 15:09:30,399681.09247452,0.00000028,0.000000000029403304000000004,7784551,2019-07-01 15:09:30,btc,122.14818492468744,0.0,0.00000028,btc,294056.97528392,0.000206403258,0.0264448129538348,91
1,[],22,[],2019-07-01 15:11:36,75900.0,0.00000001,0.000000000001050118,7784552,2019-07-01 15:11:36,BTC,0.495,0.0,0.00000001,"BTC,LTC",4.95,0.0,0.001659,91
0,[],17,[],2019-05-03 01:12:26,0.0,0,0,7559096,2019-05-03 01:12:26,btc,0.0,0.0,0,btc,0.0,0.0,0.0,91
1,[],22,[],2019-07-01 15:11:41,94060.0,0.00000002,0.000000000002100236,7784553,2019-07-01 15:11:41,BTC,11.46035284,0.0,0.00000002,"BTC,LTC",338761.4683191416,0.0,0.0662712,95
0.0000000001137463,[],4,[],2019-07-01 15:11:42,537835460.8799856,2.8436575e-17,2.9861759265850003e-21,7784554,2019-07-01 15:11:42,ltc,10.917322916075317,0.0,0.00000025,ltc,154105241.41553408,0.0,7.560230453947855e-10,96
0,[],12,[],2019-07-01 15:11:43,0.0,0,0,7784555,2019-07-01 15:11:43,btc,36.53971723649351,0.0,0,btc,9958981.649350641,0.0,0.0,96
0,[],17,[],2019-05-03 01:12:32,0.0,0,0,7559100,2019-05-03 01:12:32,btc,0.0,0.0,0,btc,0.0,0.0,0.0,96
1,[],4,[],2019-04-14 03:32:46,1039404.33283278,0.00000038,0.000000000019245518,7293458,2019-04-14 03:32:46,btc,4.170086055365747,0.0,0.00000038,btc,3097704.34561074,0.06260606,0.1859928211030784,99
1,[],4,[],2019-07-01 15:13:45,190907.98851954,0.00001366,0.000000001434461188,7784556,2019-07-01 15:13:45,btc,8.29073320780106,0.0,0.00001366,btc,167759.40381428,0.25301163,0.5584005735303339,100
0,[],2,[],2019-01-20 23:23:55,0.0,0,0,6476914,2019-01-20 23:23:55,,0.0,0.0,0,,0.0,0.0,0.0,100
1,[],22,[],2019-06-05 06:30:35,150000.0,0.00000002,0.000000000001558192,7740007,2019-06-05 06:30:35,BTC,28.56386409,0.0,0.00000002,BTC,12787.719,0.0,0.0017,101
1,[],4,[],2019-07-01 15:13:47,525016.56391848,0.00000149,0.00000000015646758200000002,7784557,2019-07-01 15:13:47,btc,882.6378004320807,0.0,0.00000149,btc,749618.64496058,0.01871393,0.0686089838856228,103
1,[],12,[],2019-06-17 14:32:14,179201505.10870332,0.000000005,0.00000000000046457,7740154,2019-06-17 14:32:14,btc,113577.79366343976,0.0,0.000000005,btc,79148141.67831126,0.019059029059,0.27280986350611003,105
1,[],27,[],2019-06-17 14:32:19,18306828.03496503,0.00000002,0.00000000000185828,7740155,2019-06-17 14:32:19,btc,180.7198218385489,1083.96503497,0.00000002,btc,276513.60142659,7.588e-05,0.3661365606993006,105
1,[],22,[],2019-04-21 00:17:26,21333.0,0.00000001,0.000000000000532493,7385819,2019-04-21 00:17:26,BTC,51.38182867,0.0,0.00000001,BTC,470435.0,0.0,0.00021333,107
1,[],26,[],2019-04-21 00:17:26,0.0,0.00000000,0,7385820,2019-04-21 00:17:26,btc,0.0,0.0,0.00000000,btc,0.0,0.0,0.0,107
1,[],5,[],2019-07-01 15:13:50,0.0,0,0,7784558,2019-07-01 15:13:50,btc,0.0,0.0,0,btc,0.0,0.0,0.0,112
0,[],22,[],2019-07-01 15:13:53,0.0,0,0,7784559,2019-07-01 15:13:53,,6.79500102,0.0,0,,3375892.0833333335,0.0,0.0,112
1,[],27,[],2019-07-01 15:14:00,1.0,0.00000001,0.000000000001050118,7784560,2019-07-01 15:14:00,btc,0.0,0.0,0.00000001,"btc,eth",0.0,0.0,1e-08,112
1,[],4,[],2019-07-01 15:14:01,931329.82002114,0.00000033,0.000000000034653894000000003,7784561,2019-07-01 15:14:01,btc,6.549128374675097,0.0,0.00000033,btc,1000048.52962066,0.00389743,0.096146014495999,113
1,[],5,[],2019-07-01 15:14:02,0.0,0,0,7784562,2019-07-01 15:14:02,btc,0.0,0.00252,0,btc,0.0,0.0,0.0,113
1,[],17,[],2019-04-26 02:17:47,162738.278,0.00000004,0.0000000000021069000000000002,7461287,2019-04-26 02:17:47,btc,1.3331140273775473,0.0,0.00000004,btc,51796.221,0.0,0.00230953112,116
1,[],27,[],2019-05-22 05:13:01,210000.0,0.00000001,0.00000000000079145,7666372,2019-05-22 05:13:01,btc,3919.0005001478,0.0,0.00000001,btc,128660.871,0.0,0.0021,116
1,[],4,[],2019-05-21 22:31:11,138169.03963019,0.00000701,0.000000000558364025,7664793,2019-05-21 22:31:11,btc,150.95388250938234,0.0,0.00000701,btc,344631.17141974,0.07552974,0.4288357684941946,120
1,[],7,[],2019-05-21 22:31:12,3901.07750076,0.000010679999999999999389654892212320191902108490467071533203125,0.0000000008506887,7664794,2019-05-21 22:31:12,btc,231188.94669936574,0.0,0.000010679999999999999389654892212320191902108490467071533203125,btc,4133.83151364,0.0,0.0113888422364489,120
1,[],20,[],2019-04-07 18:42:29,1914137.0852,0.000000035,0.0000000000017871910000000002,7211992,2019-04-07 18:42:29,btc,32.2497668025648,25528.85,0.000000035,btc,1001975.4986,0.00089350975,0.0152723574729,125
1,[],22,[],2019-06-17 14:32:38,10000.0,0.00000001,0.00000000000092914,7740161,2019-06-17 14:32:38,BTC,0.032061,0.0,0.00000001,BTC,299316.7611111111,0.0,0.0001,126
0,[],2,[],2019-01-20 23:25:46,0.0,0,0,6476969,2019-01-20 23:25:46,,0.0,0.0,0,,0.0,0.0,0.0,131
1,[],17,[],2019-05-03 01:13:10,10000.0,0.00000001,0.000000000000548003,7559115,2019-05-03 01:13:10,btc,0.0953976503951408,0.0,0.00000001,btc,5037.62507334,0.0,0.0001,131
1,[],4,[],2019-07-01 04:28:32,590754.62293327,0.00000338,0.000000000376936248,7782890,2019-07-01 04:28:32,btc,2.8525130367360445,0.0,0.00000338,btc,192252.70961539,0.09127328,0.5629290691005338,131
1,[],4,[],2019-06-17 14:32:42,4848.49465417,0.00007919,0.00000000735785966,7740163,2019-06-17 14:32:42,btc,0.9905723729472744,0.0,0.00007919,btc,202.13055914,0.0,0.0061509344290166,135
1,[],3,[],2019-06-05 06:33:11,40600.27748212,0.00000001,0.000000000000779096,7740019,2019-06-05 06:33:11,btc,0.2308097808993716,2146378.52189,0.00000001,btc,2477992.76904676,0.0,0.0004060027748212,136
1,[],4,[],2019-07-01 15:14:03,226227.90615003,0.00000134,0.00000000014071581200000002,7784563,2019-07-01 15:14:03,btc,112.55106874039197,0.0,0.00000134,btc,525451.15585044,0.00611351,0.189630287388597,137
1,[],12,[],2019-07-01 15:14:05,66707.5599689,0.000001410000000000000052661867921965921368609997443854808807373046875,0.00000000014806663800000002,7784564,2019-07-01 15:14:05,btc,57.90183954889852,0.0,0.000001410000000000000052661867921965921368609997443854808807373046875,btc,81858.41598678,0.002310544916,0.0134868699999607,137
1,[],4,[],2019-07-01 15:14:06,443750.6982175,0.00000869,0.000000000912552542,7784565,2019-07-01 15:14:06,btc,3.4518921900990036,0.0,0.00000869,btc,135886.590172,0.07375044,0.3619137533436332,142
1,[],5,[],2019-07-01 15:14:07,0.0,0,0,7784566,2019-07-01 15:14:07,btc,0.0,0.00237036,0,btc,0.0,0.0,0.0,142
1,[],20,[],2019-07-01 15:16:09,112970.0538,0.000005948,0.0000000006246101864000001,7784567,2019-07-01 15:16:09,btc,1.5723818888835,66.3656,0.000005948,btc,10392.9333,0.0006724651498,0.0063036827033,142
1,[],22,[],2019-07-01 15:16:13,10820.0,0.00000600,0.0000000006300708,7784568,2019-07-01 15:16:13,BTC,2.99759384,0.0,0.00000600,BTC,835.7198755539798,0.0,0.0053672,142
0.0,[],25,[],2019-07-01 15:16:15,0.0,0,0,7784569,2019-07-01 15:16:15,,0.0,0.0,0.0,btc,0.0,0.0,0.0,142
1,[],28,[],2019-07-01 15:16:24,76110.0,0.00001110,0.00000000116563098,7784570,2019-07-01 15:16:24,btc,0.438587390411,4876.0,0.00001110,btc,1381.1951,0.0,0.0042182,142
1,[],17,[],2019-05-03 01:13:16,32967.38636364,0.00000088,0.000000000048224264,7559122,2019-05-03 01:13:16,btc,20.06976206696776,0.0,0.00000088,btc,2746.079105,0.0,0.0105613000000032,142
0,[],22,[],2019-07-01 15:16:27,0.0,0,0,7784571,2019-07-01 15:16:27,,67.34180998,0.0,0,,707007055.7744589,0.0,0.0,143
0,[],22,[],2019-02-25 15:42:22,0.0,0,0,6783783,2019-02-25 15:42:22,,4.2131946,0.0,0,,2322156.0,0.0,0.0,146
,[],22,[],2018-11-20 23:01:11,0.0,0,0,4862114,2018-11-20 23:01:11,,2.56807021,0.0,,,61828.4988236,0.0,0.0,147
1,[],12,[],2019-04-21 06:38:04,193091.5971266,0.00000071,0.000000000037635183,7388679,2019-04-21 06:38:04,btc,2.301232411611175,0.0,0.00000071,btc,9957.48302385,0.00023528,0.0313308199999888,148
1,[],4,[],2019-03-19 21:31:25,255810.0415942,0.00000029,0.000000000011615747,6982695,2019-03-19 21:31:25,btc,218.94922712414143,0.0,0.00000029,btc,793529.37642722,0.00117,0.0608347789473395,152
0,[],22,[],2019-03-19 21:31:27,0.0,0,0,6982696,2019-03-19 21:31:27,,0.0,0.0,0,,0.0,0.0,0.0,152
1,[],5,[],2019-04-26 09:36:59,0.0,0,0,7465040,2019-04-26 09:36:59,btc,0.0,0.0,0,btc,0.0,0.0,0.0,153
,[],16,[],2019-01-11 15:38:59,0.0,0,0,6366141,2019-01-11 15:38:59,btc,0.0,0.0,,btc,0.0,0.0,0.0,155
0,[],23,[],2019-01-20 23:24:29,0.0,0,0,6476932,2019-01-20 23:24:29,,0.0,0.0,0,,0.0,0.0,0.0,156
0,[],22,[],2019-06-04 06:02:09,0.0,0,0,7734688,2019-06-04 06:02:09,,7.43375324,0.0,0,,5955762.942592593,0.0,0.0,156
1,[],22,[],2019-07-01 15:16:32,6996.0,0.00000001,0.000000000001050118,7784572,2019-07-01 15:16:32,BTC,1.7543039,0.0,0.00000001,BTC,57.0,0.0,6.996e-05,157
0,[],22,[],2019-05-21 23:40:32,0.0,0,0,7665049,2019-05-21 23:40:32,,50234.60468402,0.0,0,,54786159.03179465,0.0,0.0,158
,[],17,[],2018-11-20 22:56:10,0.0,0,0,4861976,2018-11-20 22:56:10,btc,1.1265625,0.0,,btc,1000.0,0.0,0.0,159
,[],20,[],2018-11-20 22:56:12,0.0,0,0,4861977,2018-11-20 22:56:12,btc,11912.7940471,0.0,,btc,34413894.3617,0.0,0.0,159
1,[],12,[],2019-05-24 02:51:20,9178.522006449999,0.00000191999999999999982841307998027158276954651228152215480804443359375,0.000000000151222656,7676256,2019-05-24 02:51:20,btc,149.80414728631675,0.0,0.00000191999999999999982841307998027158276954651228152215480804443359375,btc,1115.7451448499999,0.01783167678326,0.0120075778999181,168
1,[],17,[],2019-05-03 01:13:36,42852.0,0.00000002,0.000000000001096006,7559132,2019-05-03 01:13:36,btc,0.04279856251542,0.0,0.00000002,btc,274.46171372,0.0,0.00052852,168
1,[],22,[],2019-05-17 03:01:52,10.0,0.00000001,0.000000000000778341,7642059,2019-05-17 03:01:52,BTC,41.95893009,0.0,0.00000001,BTC,1753972.7737547632,0.0,1e-07,169
1,[],22,[],2019-05-30 08:38:18,202834.0,0.00000002,0.0000000000017416160000000001,7711049,2019-05-30 08:38:18,BTC,27.87002826,0.0,0.00000002,BTC,462189.5410507793,0.0,0.00211768,171
1,[],22,[],2019-05-29 08:05:18,349870.0,0.00000002,0.000000000001705894,7705265,2019-05-29 08:05:18,BTC,24.05907723,0.0,0.00000002,"BTC,LTC",1224285.4355616204,0.0,0.0039847,173
1,[],5,[],2019-07-01 15:16:34,0.0,0,0,7784573,2019-07-01 15:16:34,btc,0.0,0.00188071,0,btc,0.0,0.0,0.0,175
1,[],22,[],2019-06-17 14:33:12,90671.0,0.00000001,0.00000000000092914,7740175,2019-06-17 14:33:12,BTC,394.35459412,0.0,0.00000001,BTC,136275.61833431243,0.0,0.00090671,176
1,[],7,[],2019-07-01 10:15:32,0.0,0,0,7783526,2019-07-01 10:15:32,btc,521516.2326888725,0.0,0,btc,26809253.73522063,0.0,0.0,178
1,[],22,[],2019-07-01 15:16:39,30.0,0.00000001,0.000000000001050118,7784574,2019-07-01 15:16:39,BTC,1.00242428,0.0,0.00000001,BTC,57512.0,0.0,3e-07,178
0,[],2,[],2019-01-20 23:28:34,0.0,0,0,6477001,2019-01-20 23:28:34,,0.0,0.0,0,,0.0,0.0,0.0,178
1,[],5,[],2019-07-01 15:16:40,0.0,0,0,7784575,2019-07-01 15:16:40,btc,0.0,0.0,0,btc,0.0,0.0,0.0,179
0,[],22,[],2019-07-01 15:16:43,0.0,0,0,7784576,2019-07-01 15:16:43,,9.36129742,0.0,0,,14660694.311946675,0.0,0.0,179
0,[],23,[],2019-01-20 23:25:08,0.0,0,0,6476952,2019-01-20 23:25:08,,0.0,0.0,0,,0.0,0.0,0.0,179
1,[],22,[],2019-07-01 15:18:48,709329.8877149877,0.00000037,0.000000000038854366,7784577,2019-07-01 15:18:48,BTC,40.64497293,0.0,0.00000037,"BTC,LTC",198397.311571008,0.00031685,0.5778202,180
1,[],26,[],2019-07-01 15:18:48,0.0,0.00000010,0.00000000001050118,7784578,2019-07-01 15:18:48,btc,0.0,0.0,0.00000010,btc,0.0,0.0,0.0,180
1,[],17,[],2019-05-03 01:13:56,20504.725000000002,0.0000001,0.00000000000548003,7559141,2019-05-03 01:13:56,btc,5.2010695838400265,0.0,0.0000001,btc,5033.45945,0.0,0.0011504725,180
,[],7,[],2018-11-20 22:58:01,562227.975654,0.00000085,0.000000000036176765,4862015,2018-11-20 22:58:01,btc,21836.6059674,2491.87645172,,btc,749999.041456,0.00211021,0.127565380455,183
,[],5,[],2019-01-10 08:11:41,0.0,0,0,6347036,2019-01-10 08:11:41,btc,82.15055501,0.00261,,btc,1.19002445,0.0,0.0,187
,[],17,[],2018-11-16 20:58:10,4062536.27273,0.00000001,0.000000000000550501,4708775,2018-11-16 20:58:10,btc,3.36492563466,0.195460381006,,"btc,eth",110697919.549,0.0,0.0157628953496,187
1,[],24,[],2019-05-22 21:04:52,0.0,0.000000000014,0.0000000000000010960978,7670219,2019-05-22 21:04:52,btc,0.0,0.0,0.000000000014,btc,0.0,0.0,0.0,187
0,[],22,[],2019-04-25 02:54:07,0.0,0,0,7447896,2019-04-25 02:54:07,,7.54794454,0.0,0,,76361.7243344055,0.0,0.0,191
0,[],22,[],2019-06-17 14:33:34,0.0,0,0,7740182,2019-06-17 14:33:34,,0.0,0.0,0,,0.0,0.0,0.0,197
0,[],23,[],2019-01-20 23:31:41,0.0,0,0,6477079,2019-01-20 23:31:41,,0.0,0.0,0,,0.0,0.0,0.0,199
0,[],22,[],2019-07-01 15:18:51,0.0,0,0,7784579,2019-07-01 15:18:51,,10.58263174,0.0,0,,84280969.0,0.0,0.0,199
1,[],26,[],2019-07-01 15:18:51,0.0,0.00000000,0,7784580,2019-07-01 15:18:51,btc,0.0,0.0,0.00000000,btc,0.0,0.0,0.0,199
0,[],2,[],2019-01-20 23:30:49,0.0,0,0,6477059,2019-01-20 23:30:49,,0.0,0.0,0,,0.0,0.0,0.0,201
1,[],4,[],2019-01-25 15:51:35,2084389.58565343,0.00000936,0.000000000333526752,6499557,2019-01-25 15:51:35,btc,2.0092503037378524,0.0,0.00000936,btc,160195.80207885,0.19272417,1.242687955921835,211
1,[],7,[],2019-07-01 02:21:28,1170054124.6898527,0.00000018,0.000000000019815389999999997,7782694,2019-07-01 02:21:28,btc,1346735.6331920293,0.0,0.00000018,btc,5516233.71348162,0.0,11.954344045954047,212
1,[],12,[],2019-01-25 02:44:32,207462.42853209,0.000001080000000000000035831255497387193287295303889550268650054931640625,0.000000000038610756000000006,6493050,2019-01-25 02:44:32,btc,85023.03793723314,0.0,0.000001080000000000000035831255497387193287295303889550268650054931640625,btc,43675.73520027,0.000146250909087,0.0348620860622024,213
1,[],5,[],2019-05-30 00:07:46,0.0,0,0,7709357,2019-05-30 00:07:46,btc,0.0,0.06425239,0,btc,0.0,0.0,0.0,213
1,[],24,[],2019-05-30 00:07:46,0.0,0.000000399202,0.0000000000344859829346,7709358,2019-05-30 00:07:46,btc,0.0,0.0,0.000000399202,btc,0.0,0.0,0.0,213
1,[],26,[],2019-05-30 00:07:47,0.0,0.00000040,0.000000000034554919999999996,7709359,2019-05-30 00:07:47,btc,0.0,0.0,0.00000040,btc,0.0,0.0,0.0,213
0,[],22,[],2019-07-01 15:18:56,0.0,0,0,7784581,2019-07-01 15:18:56,,9.54523049,0.0,0,,3658586.2040649247,0.0,0.0,216
0,[],27,[],2019-07-01 15:19:04,0.0,0,0,7784582,2019-07-01 15:19:04,,1998.7967737093977,0.0,0,"btc,ltc",543678.29534794,0.0,0.0,216
1,[],22,[],2019-07-01 15:19:07,1028217.0086580086,0.00000022,0.000000000023102596000000002,7784583,2019-07-01 15:19:07,BTC,12055.86515239,0.0,0.00000022,BTC,589575.9178421671,0.00104198,0.04750264,217
0,[],27,[],2019-07-01 15:19:14,0.0,0,0,7784584,2019-07-01 15:19:14,,250.21442758069674,0.0,0,btc,146772.535837,0.0,0.0,219
0.0000000000000029410000000000003,[],28,[],2019-07-01 15:19:23,3312820234.054,6.640778000000001e-19,6.973600511804001e-23,7784585,2019-07-01 15:19:23,doge,125846.04510800431,6956.0,0.00022580,"btc,doge",120666781.230909,0.0,2.576576456441226e-11,219
1,[],7,[],2019-06-27 19:02:35,0.0,0,0,7772298,2019-06-27 19:02:35,btc,2123800.2774640615,0.0,0,btc,82333746.4752352,0.0,0.0,219
0,[],22,[],2019-06-26 23:36:41,0.0,0,0,7769178,2019-06-26 23:36:41,,56.75439223,0.0,0,,184664.6482738741,0.0,0.0,221
1,[],24,[],2019-06-26 23:36:41,0.0,0.000000030000,0.000000000003835668,7769179,2019-06-26 23:36:41,btc,0.0,0.0,0.000000030000,btc,0.0,0.0,0.0,221
1,[],20,[],2019-06-17 14:34:11,26882155.8301,0.000000003,0.000000000000278742,7740192,2019-06-17 14:34:11,btc,100050.81956632523,233521.3529,0.000000003,btc,38769742.8604,0.0007925640587,0.0306863532672,224
0,[],22,[],2019-06-17 14:34:13,0.0,0,0,7740193,2019-06-17 14:34:13,,0.0,0.0,0,,0.0,0.0,0.0,224
1,[],26,[],2019-07-01 15:19:23,0.0,0.00000022,0.000000000023102596000000002,7784586,2019-07-01 15:19:23,btc,0.0,0.0,0.00000022,btc,0.0,0.0,0.0,231
1,[],26,[],2019-07-01 15:19:24,0.0,0.00000005,0.00000000000525059,7784587,2019-07-01 15:19:24,btc,0.0,0.0,0.00000005,btc,0.0,0.0,0.0,234
0.000000000272871,[],27,[],2019-07-01 15:19:31,100.0,2.72871e-18,2.86546748778e-22,7784588,2019-07-01 15:19:31,eth,0.0,0.0,0.00000001,"btc,eth",0.0,0.0,2.72871e-16,234
1,[],4,[],2019-05-22 17:06:12,91780.56053785,0.00000078,0.000000000061977552,7669277,2019-05-22 17:06:12,btc,5.573372450018177,0.0,0.00000078,btc,729173.93529783,0.0,0.0307060663355679,236
1,[],24,[],2019-05-22 17:06:12,0.0,0.000000010000,0.000000000000794584,7669278,2019-05-22 17:06:12,btc,0.0,0.0,0.000000010000,btc,0.0,0.0,0.0,236
1,[],5,[],2019-07-01 15:19:32,0.0,0,0,7784589,2019-07-01 15:19:32,btc,0.0,0.42031379,0,btc,0.0,0.0,0.0,237
1,[],20,[],2019-07-01 15:19:34,127719868.3335,0.000000061,0.0000000000064057198000000006,7784590,2019-07-01 15:19:34,btc,548.8902624759406,7390753.3532,0.000000061,btc,43069638.5406,0.4640294322347,0.8292102075003,237
1,[],22,[],2019-07-01 15:19:38,2136612.0,0.00000005,0.00000000000525059,7784591,2019-07-01 15:19:38,BTC,1.20112178,0.0,0.00000005,"BTC,LTC",14506.148717948718,0.0,0.02847441,237
1,[],4,[],2019-07-01 15:19:39,23784830.90218625,0.00000005,0.00000000000525059,7784592,2019-07-01 15:19:39,btc,2.7400617043464512,0.0,0.00000005,btc,11658669.17329876,0.1101151,0.3888770644059787,238
1,[],5,[],2019-07-01 15:19:40,0.0,0,0,7784593,2019-07-01 15:19:40,btc,0.0,0.00318946,0,btc,0.0,0.0,0.0,238
0,[],22,[],2019-03-12 16:49:32,0.0,0,0,6914458,2019-03-12 16:49:32,,0.40415746,0.0,0,,526736.5639027493,0.0,0.0,249
0,[],22,[],2019-05-28 23:53:45,0.0,0,0,7703643,2019-05-28 23:53:45,,13.44714864,0.0,0,,43777534.3426455,0.0,0.0,252
1,[],28,[],2019-07-01 15:19:48,1008604.859,0.00000005,0.00000000000525059,7784594,2019-07-01 15:19:48,btc,3.68114922008,138601.32,0.00000005,btc,5070120.1534,0.0,0.03224743795,256
1,[],22,[],2019-07-01 15:19:52,496444.0,0.00000001,0.000000000001050118,7784595,2019-07-01 15:19:52,BTC,31471.48537874,0.0,0.00000001,"BTC,LTC",1164536.0289488921,5.1e-05,0.00736444,258
1,[],22,[],2019-05-19 18:12:02,400.0,0.00000001,0.0000000000007957800000000001,7653905,2019-05-19 18:12:02,BTC,2.415167,0.0,0.00000001,BTC,157.0,0.0,4e-06,259
1,[],5,[],2019-07-01 15:19:54,0.0,0,0,7784596,2019-07-01 15:19:54,btc,0.0,0.02250236,0,btc,0.0,0.0,0.0,264
1,[],20,[],2019-07-01 15:19:56,953066.3338,0.000000178,0.0000000000186921004,7784597,2019-07-01 15:19:56,btc,1.1507523995024,7431.6739,0.000000178,btc,65015.5225,0.0023003325972,0.004916325914,264
0,[],22,[],2019-04-12 17:57:27,0.0,0,0,7278186,2019-04-12 17:57:27,,66.37522201,0.0,0,,677842.4169881374,0.0,0.0,271
0,[],22,[],2019-07-01 15:19:59,0.0,0,0,7784598,2019-07-01 15:19:59,,33050469.74148113,0.0,0,,14261527780.7,0.0,0.0,272
0.0000000000000029410000000000003,[],28,[],2019-07-01 15:20:06,382202470196.487,4.411500000000001e-22,4.632595557000001e-26,7784599,2019-07-01 15:20:06,doge,282734983.41493136,7399748696.6628,0.00000015,doge,317153114653.3654,0.0,8.547778387380224e-11,272
1,[],22,[],2019-05-23 07:12:29,219930.0,0.00000004,0.000000000003048688,7671985,2019-05-23 07:12:29,BTC,426.77835217,0.0,0.00000004,BTC,248664.3325962929,0.0,0.00739728,281
1,[],22,[],2019-07-01 15:20:11,355402.9,0.00000001,0.000000000001050118,7784600,2019-07-01 15:20:11,BTC,7.87672861,0.0,0.00000001,"BTC,LTC",1307828.797623037,2.0080000114201286e-05,0.00575173,286
0,[],22,[],2019-06-17 14:34:53,0.0,0,0,7740207,2019-06-17 14:34:53,,7337915.80475575,0.0,0,,2078527309.6797826,0.0,0.0,294
