pairValue,buyBook,exchangeId,sellBook,updated,buyTotal,satoshiPrice,usdPrice,exchangeLogId,created,bestPair,sellTotalBtc,volume,pairPrice,activePairs,sellTotal,volumeBtc,buyTotalBtc,coinId
1,[],3,[],2019-03-18 20:59:42,31038.29523515698,0.01305526000000000082235107612405045074410736560821533203125,0.00000052026516626,6969707,2019-03-18 20:59:42,btc,60.14065928434564,0.050123664296,0.01305526000000000082235107612405045074410736560821533203125,btc,24.113898088284,0.0,0.3021066345092748,1
1,[],4,[],2019-03-18 20:59:43,207745.0052494,0.01286346,0.00000051262174446,6969708,2019-03-18 20:59:43,btc,13.36284544519592,0.0,0.01286346,btc,246.86445948,0.94208797,1.0478859581887536,1
1,[],5,[],2019-03-18 20:59:46,0.0,0,0,6969709,2019-03-18 20:59:46,btc,0.0,0.34854869,0,btc,0.0,0.0,0.0,1
1,[],10,[],2019-03-18 20:59:48,413713.03725666,0.011121,0.000000443182971,6969710,2019-03-18 20:59:48,btc,6523.3436263703825,1787.59442083,0.011121,btc,1016.00428496,0.0,4.619017062511658,1
1,[],12,[],2019-03-18 20:59:51,46.8464696,0.01290999999999999960087482264725622371770441532135009765625,0.00000051447641,6969711,2019-03-18 20:59:51,btc,0.1652919879492,0.0,0.01290999999999999960087482264725622371770441532135009765625,btc,12.19789537,0.0262404984113,0.3145073786295,1
1,[],20,[],2019-03-18 20:59:52,1155.1518,0.01100001,0.00000043836139851,6969712,2019-03-18 20:59:52,btc,0.0423738248054,0.0,0.01100001,btc,1.8879,0.0,0.1254053403381,1
1,[],21,[],2019-03-18 20:59:54,2256.98960747,0.01297594999999999998419042413,0.00000051710458345,6969713,2019-03-18 20:59:54,btc,91.07909243408922,12466.3453703,0.01297594999999999998419042412933777086436748504638671875,"btc,eth",7875.0096816899995,157.49550680812962,21.378049151089385,1
1,[],22,[],2019-03-18 20:59:58,0.07686088253968254,0.01260000,0.0000005021226,6969714,2019-03-18 20:59:58,BTC,0.31439419,0.0,0.01260000,BTC,0.12751438772928525,0.0,0.00096785,1
1,[],24,[],2019-03-18 20:59:58,0.0,0.000000000000,0,6969715,2019-03-18 20:59:58,btc,0.0,0.0,0.000000000000,btc,0.0,0.0,0.0,1
0.0,[],25,[],2019-03-18 20:59:59,0.0,0,0,6969716,2019-03-18 20:59:59,btc,39.54119999801951,687.8978481,0.0,btc,3001.42523101,9.037,0.0,1
1,[],26,[],2019-03-18 21:00:00,0.0,0,0,6969717,2019-03-18 21:00:00,,0.0,0.0,0,,0.0,0.0,0.0,1
1,[],28,[],2019-03-18 21:00:02,994.123,0.01250000,0.0000004981375,6969718,2019-03-18 21:00:02,btc,0.151703079,18981.51,0.01250000,btc,8.184,0.0,0.101388596,1
0,[],2,[],2019-01-20 23:28:45,0.0,0,0,6477011,2019-01-20 23:28:45,,0.0,0.0,0,,0.0,0.0,0.0,1
1,[],5,[],2019-03-18 21:00:04,0.0,0,0,6969719,2019-03-18 21:00:04,btc,0.0,0.09382395,0,btc,0.0,0.0,0.0,2
0,[],22,[],2019-03-18 21:00:15,0.0,0,0,6969720,2019-03-18 21:00:15,,0.0,0.0,0,,0.0,0.0,0.0,2
1,[],5,[],2019-03-18 21:00:16,0.0,0,0,6969721,2019-03-18 21:00:16,btc,0.0,1.02715851,0,btc,0.0,0.0,0.0,3
1,[],12,[],2019-03-18 21:00:17,2761686.87852666,0.000000192,0.000000000007651392,6969722,2019-03-18 21:00:17,btc,23468.62343857999,0.0,0.000000192,btc,1397706.56755005,0.0436599437083756,0.3965465585215388,3
0,[],28,[],2019-03-18 21:00:18,0.0,0,0,6969723,2019-03-18 21:00:18,,0.0,0.0,0,,0.0,0.0,0.0,3
0,[],2,[],2019-01-20 23:31:32,0.0,0,0,6477077,2019-01-20 23:31:32,,0.0,0.0,0,,0.0,0.0,0.0,4
1,[],4,[],2019-03-18 21:00:19,350541.69438206,0.00000030,0.0000000000119553,6969724,2019-03-18 21:00:19,btc,32.07924660579981,0.0,0.00000030,btc,716372.72080371,0.00365224,0.0340053245567691,4
1,[],12,[],2019-03-18 21:00:20,394075.0,0.00000002,0.00000000000079702,6969725,2019-03-18 21:00:20,btc,1111853.28843344,0.0,0.00000002,btc,786424.33266733,0.0,0.00434124,5
0,[],2,[],2019-01-20 23:31:51,0.0,0,0,6477087,2019-01-20 23:31:51,,0.0,0.0,0,,0.0,0.0,0.0,6
1,[],11,[],2019-03-18 21:00:23,3375765.66422,0.00000001,0.00000000000039851,6969726,2019-03-18 21:00:23,btc,9574.305980293851,569946.2346,0.00000001,btc,43381219.33920908,0.0,0.0337576566422,6
1,[],3,[],2019-03-18 21:00:23,1103.875362529904,0.00016001000000000000791054721727135756736970506608486175537109375,0.00000000637655851,6969727,2019-03-18 21:00:23,btc,29.634654231634162,0.0,0.00016001000000000000791054721727135756736970506608486175537109375,btc,241.020514578101,0.0,0.03702596781778915,7
1,[],4,[],2019-03-18 21:00:25,104039.34485206,0.00022540,0.0000000089824154,6969728,2019-03-18 21:00:25,btc,11.530072466545672,0.0,0.00022540,btc,41210.8655383,5.41498668,10.768460972819474,7
1,[],5,[],2019-03-18 21:00:27,0.0,0,0,6969729,2019-03-18 21:00:27,btc,0.0,1.2618518,0,btc,0.0,0.0,0.0,7
1,[],20,[],2019-02-20 02:16:17,39399275.8418,0.000000001,0.0000000000000390183,6728586,2019-02-20 02:16:17,btc,116.9737569154545,525.0,0.000000001,btc,56932965.8895,5.25e-07,0.0393992758418,8
0,[],2,[],2019-01-20 23:22:42,0.0,0,0,6476876,2019-01-20 23:22:42,,0.0,0.0,0,,0.0,0.0,0.0,9
0,[],23,[],2019-01-20 23:22:48,0.0,0,0,6476878,2019-01-20 23:22:48,,0.0,0.0,0,,0.0,0.0,0.0,9
1,[],4,[],2019-03-18 21:00:28,1811444.74738046,0.00000155,0.00000000006176905,6969730,2019-03-18 21:00:28,btc,7.13546588317093,0.0,0.00000155,btc,3257787.54181465,2.0451504,1.2453015132716665,9
1,[],28,[],2019-03-18 21:00:29,27403.0,0.00000160,0.0000000000637616,6969731,2019-03-18 21:00:29,btc,2708.776551247723,3643299.0,0.00000160,btc,20316.3373,0.0,0.0164095,9
1,[],1,[],2019-02-17 23:31:42,1822507.21,0.00000181000000000000003456111265232042484285557293333113193511962890625,0.000000000066086901,6701244,2019-02-17 23:31:42,btc,3.6990969245,17153386.5,0.00000181000000000000003456111265232042484285557293333113193511962890625,btc,1997391.71,31.11772986,3.2610482446,9
1,[],4,[],2019-02-17 11:22:43,4341674.27126056,0.00000002,0.0000000000007272960000000001,6696112,2019-02-17 11:22:43,btc,0.1997230937751353,0.0,0.00000002,btc,4109766.79808031,0.00215132,0.0479381022052112,10
0,[],2,[],2019-01-20 23:23:08,0.0,0,0,6476890,2019-01-20 23:23:08,,0.0,0.0,0,,0.0,0.0,0.0,12
1,[],4,[],2019-03-18 21:00:30,5566634.69682719,0.00000184,0.00000000007332584,6969732,2019-03-18 21:00:30,btc,13.633349244032825,0.0,0.00000184,btc,5386716.48861248,2.89886152,6.643331191466567,12
1,[],5,[],2019-03-18 21:00:33,0.0,0,0,6969733,2019-03-18 21:00:33,btc,0.0,0.13897725,0,btc,0.0,0.0,0.0,12
0.0,[],25,[],2019-03-18 21:00:34,0.0,0,0,6969734,2019-03-18 21:00:34,,0.0,0.0,0.0,btc,0.0,0.0,0.0,12
1,[],4,[],2019-03-18 21:00:34,32912794.75902033,0.00001076,0.00000000042879676,6969735,2019-03-18 21:00:34,btc,3.2609895100651993,0.0,0.00001076,btc,244147.37026546,1.85592394,1.281275147635555,13
1,[],10,[],2019-03-18 21:00:37,482666.29167888,0.00001027,0.00000000040926977,6969736,2019-03-18 21:00:37,btc,666776.3076307446,84737.6381672,0.00001027,btc,636918.37119879,0.0,0.6690229288587343,13
1,[],21,[],2019-03-18 21:00:39,1740350.38649372,0.00001076000000000000031777098314,0.00000000042879676,6969737,2019-03-18 21:00:39,btc,12.834352739678728,5001688.84527403,0.000010760000000000000317770983138121465572112356312572956085205078125,btc,1059631.3136324,56.82354357,16.886505461273714,13
1,[],4,[],2019-03-18 21:00:40,1099609.71021225,0.00000083,0.00000000003307633,6969738,2019-03-18 21:00:40,btc,5.395817626782533,0.0,0.00000083,btc,992955.00700869,0.02337273,0.1848152487213427,14
1,[],12,[],2019-03-18 21:00:41,303849.57142857,0.0000007,0.000000000027895699999999998,6969739,2019-03-18 21:00:41,btc,0.0560460472702452,0.0,0.0000007,btc,13799.95186185,2.213786214e-05,0.032332399999999,14
1,[],26,[],2019-03-18 21:00:52,0.0,0.00000050,0.0000000000199255,6969740,2019-03-18 21:00:52,btc,0.0,0.0,0.00000050,btc,0.0,0.0,0.0,14
0,[],17,[],2019-03-18 19:38:56,0.0,0,0,6968808,2019-03-18 19:38:56,btc,0.0,0.0,0,btc,0.0,0.0,0.0,14
0,[],4,[],2019-03-18 21:00:53,0.0,0,0,6969741,2019-03-18 21:00:53,,0.0,0.0,0,,0.0,0.0,0.0,15
,[],12,[],2018-12-01 15:15:48,204241.84496,0.00000489,0.000000000202473384,5260204,2018-12-01 15:15:48,btc,49.5475654835,0.0,,btc,35763.2193806,0.0163153972027625,0.0203389899998,15
0,[],2,[],2019-01-20 23:23:38,0.0,0,0,6476906,2019-01-20 23:23:38,,0.0,0.0,0,,0.0,0.0,0.0,18
1,[],4,[],2019-03-18 21:00:54,75486.9946552,0.00001503,0.00000000059896053,6969742,2019-03-18 21:00:54,btc,2.1127582743148654,0.0,0.00001503,btc,18667.84157393,0.04785094,0.0606720740617344,18
1,[],10,[],2019-03-18 21:00:56,783353.2143066,0.00001505,0.0000000005997575499999999,6969743,2019-03-18 21:00:56,btc,15.397201337572682,4636.03124184,0.00001505,btc,12876.46752746,0.0,0.1248621525501547,18
1,[],12,[],2019-03-18 21:00:57,338270.50102856,0.0000154800000000000008665117234851749117297003977000713348388671875,0.00000000061689348,6969744,2019-03-18 21:00:57,btc,33214.735811860795,0.0,0.0000154800000000000008665117234851749117297003977000713348388671875,btc,1294.8204468,0.010562235321641,0.059431230493624795,18
0,[],17,[],2019-03-18 20:50:59,0.0,0,0,6969558,2019-03-18 20:50:59,btc,0.0,0.0,0,btc,0.0,0.0,0.0,18
0,[],2,[],2019-01-20 23:24:19,0.0,0,0,6476924,2019-01-20 23:24:19,,0.0,0.0,0,,0.0,0.0,0.0,19
1,[],3,[],2019-03-18 21:01:08,119817.70223198809,0.00001853999999999999867398604858070854106699698604643344879150390625,0.0000000007388375399999999,6969745,2019-03-18 21:01:08,btc,0.6919407325489582,0.0,0.00001853999999999999867398604858070854106699698604643344879150390625,btc,15054.205445313173,0.0,0.047019976451194365,19
1,[],4,[],2019-03-18 21:01:09,219008.76973987,0.00001950,0.0000000007770945,6969746,2019-03-18 21:01:09,btc,1.9655961513055487,0.0,0.00001950,btc,70115.32281042,0.38130628,2.26539975497196,19
1,[],5,[],2019-03-18 21:01:10,0.0,0,0,6969747,2019-03-18 21:01:10,btc,0.0,0.00040413,0,btc,0.0,0.0,0.0,19
1,[],12,[],2019-03-18 21:01:11,193440.84217688,0.00001849999999999999905696095037210824330031755380332469940185546875,0.0000000007372435,6969748,2019-03-18 21:01:11,btc,0.1599363818255715,0.0,0.00001849999999999999905696095037210824330031755380332469940185546875,btc,1217.23053354,0.0082401904297028,0.0482602899997285,19
0,[],27,[],2019-03-18 21:01:14,0.0,0,0,6969749,2019-03-18 21:01:14,,0.0,0.0,0,btc,0.0,0.0,0.0,19
1,[],4,[],2019-03-18 21:01:15,2831014.0508953,0.00000013,0.00000000000518063,6969750,2019-03-18 21:01:15,btc,7.380201587426975,0.0,0.00000013,btc,2861915.63183601,0.00127417,0.0846730666487593,20
1,[],4,[],2019-03-18 21:01:15,88091600.64193596,0.00000001,0.00000000000039851,6969751,2019-03-18 21:01:15,btc,39417.36858449718,0.0,0.00000001,btc,58156993.12291303,0.14176933,0.8809160064193596,21
1,[],12,[],2019-03-18 21:01:16,2169213.0,0.00000001,0.00000000000039851,6969752,2019-03-18 21:01:16,btc,2870.5375631702896,0.0,0.00000001,btc,2924523.51448551,7.51086913088e-05,0.02169213,21
0,[],17,[],2019-03-18 19:46:35,0.0,0,0,6969009,2019-03-18 19:46:35,btc,0.0,0.0,0,btc,0.0,0.0,0.0,21
1,[],12,[],2019-03-18 21:01:28,3159305484.0,0.0000000001,0.0000000000000039851,6969753,2019-03-18 21:01:28,btc,1951142.8825301647,0.0,0.0000000001,btc,1650352415.8071928,0.2581453876641137,0.3159305484,23
0,[],27,[],2019-03-18 21:01:30,0.0,0,0,6969754,2019-03-18 21:01:30,,13.9750273112066,0.0,0,eth,6313324.08723636,0.0,0.0,23
1,[],4,[],2019-03-18 21:01:31,665496.27068516,0.00000045,0.00000000001793295,6969755,2019-03-18 21:01:31,btc,9.74662858685569,0.0,0.00000045,btc,1607463.55405438,0.00833756,0.1669451442267995,24
1,[],22,[],2019-03-18 21:01:34,11.76,0.00000100,0.000000000039851,6969756,2019-03-18 21:01:34,BTC,7.415e-05,0.0,0.00000100,BTC,23.919354838709676,0.0,1.176e-05,24
0.0,[],25,[],2019-03-18 21:01:35,0.0,0,0,6969757,2019-03-18 21:01:35,,0.0,0.0,0.0,btc,0.0,0.0,0.0,24
0,[],2,[],2019-01-20 23:25:56,0.0,0,0,6476976,2019-01-20 23:25:56,,0.0,0.0,0,,0.0,0.0,0.0,26
1,[],4,[],2019-03-18 20:51:30,28219086.9375204,0.00000709,0.000000000282861222,6969572,2019-03-18 20:51:30,btc,66.93717625460667,0.0,0.00000709,btc,241797.2125379,0.21743952,0.6953640645388846,26
1,[],10,[],2019-03-18 20:51:32,602802.49331738,0.00000543,0.00000000021663419399999998,6969573,2019-03-18 20:51:32,btc,25.233544762988583,2394.46759368,0.00000543,btc,14324.4645187,0.0,0.1443916358988292,26
1,[],3,[],2019-03-18 21:01:36,10183533.48184747,0.00000001,0.00000000000039851,6969758,2019-03-18 21:01:36,btc,2.0597466498556036,4818.059,0.00000001,btc,15878409.83068006,0.0,0.1018353348184747,27
1,[],5,[],2019-03-18 21:01:38,0.0,0,0,6969759,2019-03-18 21:01:38,btc,0.0,0.00034602,0,btc,0.0,0.0,0.0,27
1,[],11,[],2019-03-18 21:01:39,8483599.24590115,0.00000006,0.0000000000023910599999999997,6969760,2019-03-18 21:01:39,btc,67506.1891365516,10079.0,0.00000006,btc,7956117.08369704,0.0,0.4685351649180229,27
1,[],4,[],2019-03-18 21:01:40,2157926415.4716277,0.00000001,0.00000000000039851,6969761,2019-03-18 21:01:40,btc,3.3119711825854097,0.0,0.00000001,"btc,ltc",277424593.0796546,0.05605606,9.986785878312462,29
1,[],7,[],2019-03-18 21:01:43,35608182.13418711,0.00000001,0.00000000000039851,6969762,2019-03-18 21:01:43,btc,44461604.298243016,0.0,0.00000001,btc,52427469.835256584,0.0,0.3560818213418711,29
1,[],4,[],2019-03-18 21:01:44,4115672.98187119,0.00000018,0.00000000000717318,6969763,2019-03-18 21:01:44,btc,2.7875346256505806,0.0,0.00000018,btc,2242345.99583707,0.00209731,0.1148831110774406,30
0,[],17,[],2019-03-18 21:01:56,0.0,0,0,6969764,2019-03-18 21:01:56,btc,0.0,0.0,0,btc,0.0,0.0,0.0,30
1,[],4,[],2019-03-18 21:01:57,217495.72763636,0.00005958,0.00000000237432258,6969765,2019-03-18 21:01:57,btc,5.9084939264860665,0.0,0.00005958,btc,62592.86449799,1.00779445,2.90813494861684,31
1,[],21,[],2019-03-18 21:01:58,62508.89414438,0.00005993999999999999870638200949,0.00000000238866894,6969766,2019-03-18 21:01:58,btc,8.274371360749544,304529.98780546,0.00005993999999999999870638200949457541355513967573642730712890625,btc,120656.42238219999,18.40989379,3.423868454307276,31
0,[],2,[],2019-01-20 23:28:43,0.0,0,0,6477009,2019-01-20 23:28:43,,0.0,0.0,0,,0.0,0.0,0.0,32
1,[],4,[],2019-03-18 21:01:59,397218913.9775564,0.00000004,0.00000000000159404,6969767,2019-03-18 21:01:59,btc,8.752836406352795,0.0,0.00000004,"btc,ltc",179590367.98444343,0.16175765,8.443371149996869,33
1,[],12,[],2019-03-18 21:02:00,30680051.99233333,0.00000004,0.00000000000159404,6969768,2019-03-18 21:02:00,btc,4127602.5776951,0.0,0.00000004,btc,23409074.89423076,0.0015139293106895,0.7284512967199999,33
1,[],4,[],2019-03-18 21:02:01,89789735.77117006,0.00000001,0.00000000000039851,6969769,2019-03-18 21:02:01,btc,3.228776348469121,0.0,0.00000001,btc,102989122.8641004,0.00388532,0.8978973577117006,34
1,[],5,[],2019-03-18 21:02:02,0.0,0,0,6969770,2019-03-18 21:02:02,btc,0.0,0.09632357,0,btc,0.0,0.0,0.0,34
0.0000000001486875,[],4,[],2019-03-18 21:02:03,5089340965.398448,1.486875e-18,5.9253455625e-23,6969771,2019-03-18 21:02:03,ltc,4.982048994851234e-08,0.0,0.00000001,ltc,6359323714.516047,0.0,7.567213847926818e-09,36
1,[],5,[],2019-03-18 21:02:05,0.0,0,0,6969772,2019-03-18 21:02:05,btc,0.0,0.0,0,btc,0.0,0.0,0.0,36
0,[],17,[],2019-03-18 21:02:07,0.0,0,0,6969773,2019-03-18 21:02:07,btc,0.14155809883346912,0.0,0,btc,10796613.27743647,0.0,0.0,36
0.00000000034537070000000003,[],27,[],2019-03-18 21:02:10,992184.46325,3.4537070000000004e-18,1.37633677657e-22,6969774,2019-03-18 21:02:10,eth,223.74879145924785,5815.7,0.00000001,"ltc,eth",12165384.61058689,8.647665e-15,1.4752545948801678e-12,36
1,[],4,[],2019-03-18 20:42:03,189861.31466999,0.00000056,0.000000000022335712,6969396,2019-03-18 20:42:03,btc,19772.470667001387,0.0,0.00000056,btc,590433.03001098,0.02132019,0.0715444581356454,37
1,[],12,[],2019-03-18 20:42:05,580804.4302427,0.00000059,0.000000000023532268,6969397,2019-03-18 20:42:05,btc,21.861513326339008,0.0,0.00000059,btc,487635.93379018,0.0299833778755874,0.2135035364124842,37
1,[],17,[],2019-03-18 20:42:06,1752.74075282,0.00000025,0.0000000000099713,6969398,2019-03-18 20:42:06,btc,0.05548492398678988,0.0,0.00000025,btc,1387.19918473,0.0,0.00043818518820499993,37
1,[],27,[],2019-03-18 20:42:09,14685.567,0.00000045,0.00000000001794834,6969399,2019-03-18 20:42:09,btc,24.25536383611233,0.0,0.00000045,btc,6518.38138508,0.0,0.00480032515,37
1,[],5,[],2019-03-18 21:02:11,0.0,0,0,6969775,2019-03-18 21:02:11,btc,0.0,0.05587677,0,btc,0.0,0.0,0.0,42
1,[],12,[],2019-03-18 21:02:12,258599.13709676,0.00000089,0.00000000003546739,6969776,2019-03-18 21:02:12,btc,5.579836380430013,0.0,0.00000089,btc,29452.99224678,0.0148972400884771,0.0183545799999956,42
0.00000000034537070000000003,[],27,[],2019-03-18 21:02:15,22000.0,4.1444484000000006e-17,1.6516041318840002e-21,6969777,2019-03-18 21:02:15,eth,0.00315028,0.0,0.00000012,"btc,eth",11.007,0.0,8.357970940000001e-13,42
0,[],17,[],2019-03-18 20:42:19,0.0,0,0,6969404,2019-03-18 20:42:19,btc,0.0,0.0,0,btc,0.0,0.0,0.0,43
1,[],5,[],2019-03-18 21:02:17,0.0,0,0,6969778,2019-03-18 21:02:17,btc,0.0,0.01240084,0,btc,0.0,0.0,0.0,43
1,[],12,[],2019-03-13 09:13:29,1112112.0,0.00000001,0.000000000000386531,6919902,2019-03-13 09:13:29,btc,29058.00478931866,0.0,0.00000001,btc,5967681.93306694,9.99000999e-07,0.01112112,43
1,[],12,[],2019-03-05 01:54:08,639326.02,0.00000004,0.000000000001486676,6845775,2019-03-05 01:54:08,btc,11116042.728239931,0.0,0.00000004,btc,1103841.4595604,0.0003330765234764,0.014975410599999999,44
1,[],4,[],2019-03-18 21:02:20,298312773.89737284,0.00000002,0.00000000000079702,6969779,2019-03-18 21:02:20,btc,501.8436028155131,0.0,0.00000002,"btc,ltc",16825079.84219975,0.00504616,0.2839204469168188,49
0.0000000001486875,[],4,[],2019-03-18 21:02:21,505561308.62466913,1.486875e-18,5.9253455625e-23,6969780,2019-03-18 21:02:21,ltc,25.901654674788116,0.0,0.00000001,ltc,8614125116.009727,0.0,7.51706470761305e-10,52
0,[],22,[],2019-03-18 21:02:23,0.0,0,0,6969781,2019-03-18 21:02:23,,4428.59026215,0.0,0,,305937213.5359664,0.0,0.0,57
0.00000000034537070000000003,[],27,[],2019-03-18 21:02:26,2000.0,3.4537070000000004e-18,1.37633677657e-22,6969782,2019-03-18 21:02:26,eth,0.0,0.0,0.00000001,"btc,eth",0.0,0.0,6.907414000000001e-15,57
0.0000000001486875,[],4,[],2019-03-18 21:02:27,748723760.9328182,2.97375e-18,1.1850691125e-22,6969783,2019-03-18 21:02:27,ltc,18.657617476695485,0.0,0.00000002,ltc,4663894118.967522,0.0,1.663813541960842e-09,58
1,[],12,[],2019-03-18 21:02:29,1421182735.0,0.0000000003,0.0000000000000119553,6969784,2019-03-18 21:02:29,btc,4265309.715894635,0.0,0.0000000003,btc,1626229369.2197802,0.002005561073426584,0.3646789146,58
0,[],17,[],2019-03-18 21:02:30,0.0,0,0,6969785,2019-03-18 21:02:30,btc,1e+24,0.0,0,btc,49306342.21952568,0.0,0.0,58
0.0000000001295622,[],22,[],2019-03-18 21:02:33,137438.0,1.295622e-18,5.1631832322e-23,6969786,2019-03-18 21:02:33,XMR,69.1795942,0.0,0.00000001,XMR,9887963.0,0.0,0.00137438,58
1,[],5,[],2019-03-18 21:02:35,0.0,0,0,6969787,2019-03-18 21:02:35,btc,0.0,0.02289717,0,btc,0.0,0.0,0.0,61
1,[],22,[],2019-03-18 21:02:38,13656.0,0.00000012,0.00000000000478212,6969788,2019-03-18 21:02:38,BTC,1002.2960049,0.0,0.00000012,BTC,14976.68361146909,0.0,0.00153775,61
1,[],26,[],2019-03-18 21:02:38,0.0,0.00000800,0.000000000318808,6969789,2019-03-18 21:02:38,btc,0.0,0.0,0.00000800,btc,0.0,0.0,0.0,61
1,[],27,[],2019-03-18 21:02:40,2058.72798,0.00000047,0.00000000001872997,6969790,2019-03-18 21:02:40,btc,2.884958570314132,159.84,0.00000047,"btc,eth",19782.59257617,7.512e-05,0.00016081519350497623,61
1,[],28,[],2019-03-18 21:02:42,13880.304,0.0000005,0.0000000000199255,6969791,2019-03-18 21:02:42,btc,2.056312978300105,758.0,0.0000005,btc,9730.59500005,0.0,0.00566391304,61
1,[],4,[],2019-03-18 21:02:43,1371587.56942534,0.00000271,0.00000000010799621,6969792,2019-03-18 21:02:43,btc,9.009221957677154,0.0,0.00000271,btc,745329.58088581,1.19261181,1.2262333980387312,67
0.0,[],25,[],2019-03-18 21:02:44,0.0,0,0,6969793,2019-03-18 21:02:44,,0.0,0.0,0.0,btc,0.0,0.0,0.0,67
1,[],12,[],2019-03-18 21:02:45,1119734.98660681,0.00000014,0.00000000000557914,6969794,2019-03-18 21:02:45,btc,1111615.2346681969,0.0,0.00000014,btc,1001165.47501602,0.0008891170029968,0.092980244191816,71
,[],5,[],2018-11-20 23:02:39,1.5e-07,0.00000005,0.000000000002128045,4862160,2018-11-20 23:02:39,btc,2.84511358,0.0,,btc,0.00036572,0.0,0.07381892,74
1,[],5,[],2019-03-18 21:02:46,0.0,0,0,6969795,2019-03-18 21:02:46,btc,0.0,0.0,0,btc,0.0,0.0,0.0,75
0,[],20,[],2019-01-25 09:30:31,0.0,0,0,6495923,2019-01-25 09:30:31,btc,0.0,0.0,0,btc,0.0,0.0,0.0,81
1,[],4,[],2019-03-18 21:02:47,13382103.94481309,0.00000001,0.00000000000039851,6969796,2019-03-18 21:02:47,btc,11370.01882265495,0.0,0.00000001,btc,39916337.06932191,0.00062383,0.1338210394481309,81
1,[],4,[],2019-03-18 20:43:08,23551.98612479,0.00007973,0.000000003180046996,6969422,2019-03-18 20:43:08,btc,17.93639538076134,0.0,0.00007973,btc,12361.67209213,0.00691848,0.0747735050820229,82
1,[],21,[],2019-03-18 20:43:09,912034.13135219,0.00007554999999999999324602761863,0.0000000030133268599999996,6969423,2019-03-18 20:43:09,btc,2.673718198403304,12434.82212734,0.00007554999999999999324602761863189925861661322414875030517578125,btc,29831.7288348,0.95376348,3.1563117116952664,82
0,[],17,[],2019-03-18 20:52:59,0.0,0,0,6969611,2019-03-18 20:52:59,btc,0.0447233088476774,0.0,0,btc,999127.19588126,0.0,0.0,84
0.0000000001486875,[],4,[],2019-03-18 21:03:00,149291050.4678183,4.460625e-18,1.77760366875e-22,6969797,2019-03-18 21:03:00,ltc,1.675056975018697,0.0,0.00000003,ltc,386709920.3207885,0.00123456,3.232059969670126e-10,85
,[],22,[],2018-11-20 23:09:34,3408.1,0.0000001,0.0000000000041895,4862324,2018-11-20 23:09:34,BTC,0.04624735,0.0,,BTC,4990.0,0.0,0.00033081,86
1,[],22,[],2019-03-18 21:03:03,111869.83333333333,0.00000006,0.00000000000239106,6969798,2019-03-18 21:03:03,BTC,2.07824106,0.0,0.00000006,BTC,165278.94736842104,0.0,0.00185219,87
1,[],27,[],2019-03-18 21:03:05,50.0,0.00000001,0.00000000000039851,6969799,2019-03-18 21:03:05,btc,5.061790002021791,0.0,0.00000001,btc,27725.90385964,0.0,5e-07,87
,[],2,[],2018-11-20 23:10:47,0.0,0,0,4862359,2018-11-20 23:10:47,,0.0,0.0,,,0.0,0.0,0.0,88
1,[],11,[],2019-03-18 21:03:07,106477.45693274999,0.00015236000000000001169779551002392281588981859385967254638671875,0.00000000607169836,6969800,2019-03-18 21:03:07,btc,612.2398614042274,8171.00096222,0.00015236000000000001169779551002392281588981859385967254638671875,btc,101610.61594281,0.0,8.291947927638232,89
0,[],2,[],2019-01-20 23:31:45,0.0,0,0,6477083,2019-01-20 23:31:45,,0.0,0.0,0,,0.0,0.0,0.0,91
1,[],12,[],2019-03-18 18:26:14,312936.96295595,0.00000091,0.000000000036230558,6968257,2019-03-18 18:26:14,btc,58.444229986124384,0.0,0.00000091,btc,88704.5830187,0.0002235406593412,0.0315361835852575,91
0,[],17,[],2019-03-18 18:26:26,0.0,0,0,6968258,2019-03-18 18:26:26,btc,0.0,0.0,0,btc,0.0,0.0,0.0,91
1,[],22,[],2019-03-18 18:26:36,65900.0,0.00000001,0.000000000000398138,6968259,2019-03-18 18:26:36,BTC,3e-06,0.0,0.00000001,BTC,1.0,0.0,0.000659,91
0.0000000001486875,[],22,[],2019-03-18 21:03:10,10468333.0,2.97375e-18,1.1850691125e-22,6969801,2019-03-18 21:03:10,LTC,4.33397116,0.0,0.00000002,LTC,43668900.1,6.224554474125e-11,0.10936666,95
0.0000000001487644,[],4,[],2019-03-18 20:53:10,543005871.4588805,6.694398e-17,2.670783637284e-21,6969617,2019-03-18 20:53:10,ltc,11.878918705676115,0.0,0.00000045,ltc,134415305.19667292,0.0001203,1.2895530306306247e-09,96
0,[],12,[],2019-03-18 20:53:12,0.0,0,0,6969618,2019-03-18 20:53:12,btc,20.92921528865135,0.0,0,btc,3213525.86513483,2.47952047953e-05,0.0,96
0,[],17,[],2019-03-18 20:53:23,0.0,0,0,6969619,2019-03-18 20:53:23,btc,0.0,0.0,0,btc,0.0,0.0,0.0,96
1,[],4,[],2019-03-18 21:03:11,4090698.46900998,0.00000053,0.00000000002112103,6969802,2019-03-18 21:03:11,btc,5.849997346676961,0.0,0.00000053,btc,3135394.52428625,0.27401668,0.8376113122236098,99
0,[],2,[],2019-01-20 23:23:55,0.0,0,0,6476914,2019-01-20 23:23:55,,0.0,0.0,0,,0.0,0.0,0.0,100
1,[],4,[],2019-03-18 21:03:12,291608.19797412,0.00003566,0.00000000142108666,6969803,2019-03-18 21:03:12,btc,12.20436863201551,0.0,0.00003566,btc,182254.53921546,1.0611847,1.3899132885420757,100
1,[],22,[],2019-03-18 21:03:15,120000.0,0.00000002,0.00000000000079702,6969804,2019-03-18 21:03:15,BTC,24.82891609,0.0,0.00000002,BTC,11877.22,0.0,0.0014,101
1,[],4,[],2019-03-18 21:03:16,1262704.96994416,0.00000084,0.00000000003347484,6969805,2019-03-18 21:03:16,btc,292.6042151936686,0.0,0.00000084,btc,568786.36271879,0.02075883,0.2148631802698118,103
1,[],12,[],2019-03-18 21:03:18,35119068.20805475,0.000000008,0.00000000000031880800000000004,6969806,2019-03-18 21:03:18,btc,3219028.6985050947,0.0,0.000000008,btc,66211443.01839159,0.03493057312729327,0.063256109664438,105
1,[],27,[],2019-03-18 21:03:20,207322.0,0.00000001,0.00000000000039851,6969807,2019-03-18 21:03:20,btc,36.60985838767041,17194.0,0.00000001,btc,1409355.01561724,0.00017194,0.00207322,105
1,[],22,[],2019-03-18 21:03:24,9328.0,0.00000001,0.00000000000039851,6969808,2019-03-18 21:03:24,BTC,51.10837004,0.0,0.00000001,BTC,470435.0,0.0,9.328e-05,107
1,[],26,[],2019-03-18 21:03:24,0.0,0.00000000,0,6969809,2019-03-18 21:03:24,btc,0.0,0.0,0.00000000,btc,0.0,0.0,0.0,107
1,[],5,[],2019-03-18 21:03:26,0.0,0,0,6969810,2019-03-18 21:03:26,btc,0.0,0.00152917,0,btc,0.0,0.0,0.0,112
1,[],22,[],2019-03-18 21:03:28,1966.0,0.00000001,0.00000000000039851,6969811,2019-03-18 21:03:28,BTC,2.7794366,0.0,0.00000001,BTC,826409.0833333334,0.0,1.966e-05,112
0.00000000034537070000000003,[],27,[],2019-03-18 21:03:31,2000.0,3.4537070000000004e-18,1.37633677657e-22,6969812,2019-03-18 21:03:31,eth,1.24996908,0.0,0.00000001,"btc,eth",1289.0,0.0,6.907414000000001e-15,112
1,[],4,[],2019-03-18 21:03:32,792512.11783664,0.00000193,0.00000000007691243,6969813,2019-03-18 21:03:32,btc,4.023188176812357,0.0,0.00000193,btc,405855.16183545,0.13428443,0.7952877860356603,113
1,[],5,[],2019-03-18 21:03:34,0.0,0,0,6969814,2019-03-18 21:03:34,btc,0.0,0.0,0,btc,0.0,0.0,0.0,113
1,[],17,[],2019-03-18 21:03:36,152738.278,0.00000004,0.00000000000159404,6969815,2019-03-18 21:03:36,btc,1.3368030274790026,0.0,0.00000004,btc,51896.221,0.0,0.0022095311199999998,116
0,[],27,[],2019-03-18 21:03:38,0.0,0,0,6969816,2019-03-18 21:03:38,,0.0,0.0,0,btc,0.0,0.0,0.0,116
1,[],4,[],2019-03-18 21:03:39,64780.18972156,0.00004131,0.00000000164624481,6969817,2019-03-18 21:03:39,btc,103.086627088781,0.0,0.00004131,btc,47740.19145953,0.32256086,1.2535396791903535,120
1,[],7,[],2019-03-18 21:03:40,23234.454746979998,0.0000280199999999999993884926274834157311488525010645389556884765625,0.00000000111662502,6969818,2019-03-18 21:03:40,btc,115651.27472915789,0.0,0.0000280199999999999993884926274834157311488525010645389556884765625,btc,27816.70457454,0.0,0.058603518013798796,120
1,[],20,[],2019-03-18 21:03:44,1562430.1285,0.000000034,0.000000000001354934,6969819,2019-03-18 21:03:44,btc,32.3019190406648,9355.159,0.000000034,btc,1028084.0986,0.000318075406,0.0118051535596,125
1,[],22,[],2019-03-18 21:03:47,3053.0,0.00000001,0.00000000000039851,6969820,2019-03-18 21:03:47,BTC,0.01444887,0.0,0.00000001,BTC,296263.5111111111,0.0,3.053e-05,126
0,[],2,[],2019-01-20 23:25:46,0.0,0,0,6476969,2019-01-20 23:25:46,,0.0,0.0,0,,0.0,0.0,0.0,131
1,[],4,[],2019-03-18 21:03:47,1302776.72481537,0.00001121,0.00000000044672971,6969821,2019-03-18 21:03:47,btc,3.005386815107801,0.0,0.00001121,btc,125917.56517889,0.10271675,0.4819921098407959,131
0,[],17,[],2019-03-18 21:03:59,0.0,0,0,6969822,2019-03-18 21:03:59,btc,0.0953976503951408,0.0,0,btc,5037.62507334,0.0,0.0,131
1,[],4,[],2019-03-18 21:04:00,4604.92794923,0.00025626,0.00000001021221726,6969823,2019-03-18 21:04:00,btc,0.5243344598535936,0.0,0.00025626,btc,191.55119446,0.0311403,0.0186091612474786,135
1,[],3,[],2019-03-07 00:20:44,877702.73244099,0.00000004,0.00000000000154846,6863392,2019-03-07 00:20:44,btc,0.119366241821405,0.0,0.00000004,btc,760637.99421222,0.0,0.023771231960604298,136
1,[],4,[],2019-03-18 21:04:01,166908.03104105,0.00000123,0.00000000004901673,6969824,2019-03-18 21:04:01,btc,38.76634751898247,0.0,0.00000123,btc,580227.60533237,0.19076447,0.1333764205596861,137
1,[],12,[],2019-03-18 21:04:02,170320.74060242,0.00000145000000000000009320343975771638866945068002678453922271728515625,0.000000000057783950000000005,6969825,2019-03-18 21:04:02,btc,37.49959387935846,0.0,0.00000145000000000000009320343975771638866945068002678453922271728515625,btc,5296.32065971,0.0044756538154677,0.010006029999979,137
1,[],4,[],2019-03-18 21:04:03,37041.13606841,0.00003800,0.000000001514338,6969826,2019-03-18 21:04:03,btc,28.813836156981637,0.0,0.00003800,btc,51636.61049717,0.6206,0.3296968576947146,142
1,[],5,[],2019-03-18 21:04:05,0.0,0,0,6969827,2019-03-18 21:04:05,btc,0.0,0.20116568,0,btc,0.0,0.0,0.0,142
1,[],17,[],2019-03-18 21:04:16,22967.386363640002,0.00000088,0.00000000003506888,6969828,2019-03-18 21:04:16,btc,20.0699133484,0.0,0.00000088,btc,405.079105,0.0,0.0104613000000032,142
1,[],20,[],2019-03-18 21:04:18,142007.3012,0.000032001,0.000000001275271851,6969829,2019-03-18 21:04:18,btc,0.3359263738872,3.2093,0.000032001,btc,2242.1771,9.6516995e-05,0.3126921293784,142
1,[],22,[],2019-03-18 21:04:21,1470.2803921568627,0.00001020,0.0000000004064802,6969830,2019-03-18 21:04:21,BTC,3.0054103,0.0,0.00001020,BTC,910.5995,0.0,0.00121106,142
0.0,[],25,[],2019-03-18 21:04:22,0.0,0,0,6969831,2019-03-18 21:04:22,,0.0,0.0,0.0,btc,0.0,0.0,0.0,142
1,[],28,[],2019-03-18 21:04:24,82318.0,0.00001402,0.00000000055871102,6969832,2019-03-18 21:04:24,btc,0.07271678462,956.1636,0.00001402,btc,479.55993,0.0,0.07073498,142
0,[],22,[],2019-03-18 21:04:26,0.0,0,0,6969833,2019-03-18 21:04:26,,65.73454167,0.0,0,,1043215670.8,0.0,0.0,143
0,[],22,[],2019-02-25 15:42:22,0.0,0,0,6783783,2019-02-25 15:42:22,,4.2131946,0.0,0,,2322156.0,0.0,0.0,146
,[],22,[],2018-11-20 23:01:11,0.0,0,0,4862114,2018-11-20 23:01:11,,2.56807021,0.0,,,61828.4988236,0.0,0.0,147
1,[],12,[],2019-03-18 21:04:28,343513.97899001,0.0000022199999999999999207166319348250027587710064835846424102783203125,0.00000000008846922,6969834,2019-03-18 21:04:28,btc,9.691311658624025,0.0,0.0000022199999999999999207166319348250027587710064835846424102783203125,btc,108329.52426484,0.0014051830769232,0.1466253177898157,148
1,[],4,[],2019-03-18 14:38:26,266824.85382063,0.00000030,0.00000000001193823,6964858,2019-03-18 14:38:26,btc,218.95563091013318,0.0,0.00000030,btc,801811.42486661,0.00142141,0.0643635474147626,152
0,[],22,[],2019-03-18 14:38:29,0.0,0,0,6964859,2019-03-18 14:38:29,,0.0,0.0,0,,0.0,0.0,0.0,152
1,[],5,[],2019-03-18 21:04:29,0.0,0,0,6969835,2019-03-18 21:04:29,btc,0.0,0.0,0,btc,0.0,0.0,0.0,153
,[],16,[],2019-01-11 15:38:59,0.0,0,0,6366141,2019-01-11 15:38:59,btc,0.0,0.0,,btc,0.0,0.0,0.0,155
0,[],23,[],2019-01-20 23:24:29,0.0,0,0,6476932,2019-01-20 23:24:29,,0.0,0.0,0,,0.0,0.0,0.0,156
0,[],22,[],2019-03-18 21:04:32,0.0,0,0,6969836,2019-03-18 21:04:32,,6.74640151,0.0,0,,4675792.242592593,0.0,0.0,156
1,[],22,[],2019-03-18 21:04:34,7073.8,0.00005300,0.000000002112103,6969837,2019-03-18 21:04:34,BTC,1.79802465,0.0,0.00005300,BTC,802.6461988741639,0.0,0.00104336,157
0,[],22,[],2019-03-18 21:04:37,0.0,0,0,6969838,2019-03-18 21:04:37,,50175.67608608,0.0,0,,54079135.04179466,0.0,0.0,158
,[],17,[],2018-11-20 22:56:10,0.0,0,0,4861976,2018-11-20 22:56:10,btc,1.1265625,0.0,,btc,1000.0,0.0,0.0,159
,[],20,[],2018-11-20 22:56:12,0.0,0,0,4861977,2018-11-20 22:56:12,btc,11912.7940471,0.0,,btc,34413894.3617,0.0,0.0,159
1,[],12,[],2019-03-18 21:04:38,235038.60161822,0.000007220000000000000329731901504981550488082575611770153045654296875,0.00000000028772422,6969839,2019-03-18 21:04:38,btc,12.667374541440951,0.0,0.000007220000000000000329731901504981550488082575611770153045654296875,btc,7918.73868948,0.0089922936028458,0.1148659784285944,168
1,[],17,[],2019-03-18 21:04:39,29784.95,0.000001,0.000000000039851,6969840,2019-03-18 21:04:39,btc,0.03026736251542,0.0,0.000001,btc,144.46171372,0.0,0.00716147,168
0,[],22,[],2019-03-18 21:04:41,0.0,0,0,6969841,2019-03-18 21:04:41,,45.65713776,0.0,0,,516897.19471078104,0.0,0.0,169
1,[],22,[],2019-03-18 21:04:44,199055.14285714287,0.00000007,0.0000000000027895699999999998,6969842,2019-03-18 21:04:44,BTC,14.35309206,0.0,0.00000007,BTC,170481.20365968585,4.171e-05,0.00215941,171
1,[],22,[],2019-03-18 21:04:48,253339.0,0.00000012,0.00000000000478212,6969843,2019-03-18 21:04:48,BTC,1.95050577,0.0,0.00000012,"BTC,LTC",270517.3724751361,0.02604594,0.01222068,173
1,[],5,[],2019-03-18 21:04:49,0.0,0,0,6969844,2019-03-18 21:04:49,btc,0.0,0.07487601,0,btc,0.0,0.0,0.0,175
1,[],22,[],2019-03-18 21:04:52,133183.2,0.00000011,0.00000000000438361,6969845,2019-03-18 21:04:52,BTC,0.6265795,0.0,0.00000011,BTC,151921.20308941446,0.00036047,0.01140555,176
0,[],2,[],2019-01-20 23:28:34,0.0,0,0,6477001,2019-01-20 23:28:34,,0.0,0.0,0,,0.0,0.0,0.0,178
1,[],7,[],2019-03-18 21:04:54,6126636.99133326,0.00000001,0.00000000000039851,6969846,2019-03-18 21:04:54,btc,410193.9532798709,5509592.36631,0.00000001,btc,35818300.47970597,0.0,0.061266369913332605,178
0,[],22,[],2019-03-18 21:04:56,0.0,0,0,6969847,2019-03-18 21:04:56,,1.00242438,0.0,0,,57522.0,0.0,0.0,178
0,[],23,[],2019-01-20 23:25:08,0.0,0,0,6476952,2019-01-20 23:25:08,,0.0,0.0,0,,0.0,0.0,0.0,179
1,[],5,[],2019-03-18 21:04:58,0.0,0,0,6969848,2019-03-18 21:04:58,btc,0.0,0.11905872,0,btc,0.0,0.0,0.0,179
1,[],22,[],2019-03-18 21:05:03,6704665.0,0.00000002,0.00000000000079702,6969849,2019-03-18 21:05:03,BTC,5.63218152,0.0,0.00000002,"BTC,LTC",17390276.489868753,0.00232229,0.36903402,179
1,[],17,[],2019-03-18 20:57:38,10504.725,0.0000001,0.00000000000398958,6969666,2019-03-18 20:57:38,btc,5.2010695838170005,0.0,0.0000001,btc,4994.45945,0.0,0.0010504725,180
1,[],22,[],2019-03-18 20:57:43,665304.7090909091,0.00000130,0.00000000005186454,6969667,2019-03-18 20:57:43,BTC,38.01112354,0.0,0.00000130,"BTC,LTC",109907.96969408961,0.00147204,0.57039738,180
1,[],26,[],2019-03-18 20:57:43,0.0,0.00000125,0.00000000004986975,6969668,2019-03-18 20:57:43,btc,0.0,0.0,0.00000125,btc,0.0,0.0,0.0,180
,[],7,[],2018-11-20 22:58:01,562227.975654,0.00000085,0.000000000036176765,4862015,2018-11-20 22:58:01,btc,21836.6059674,2491.87645172,,btc,749999.041456,0.00211021,0.127565380455,183
,[],5,[],2019-01-10 08:11:41,0.0,0,0,6347036,2019-01-10 08:11:41,btc,82.15055501,0.00261,,btc,1.19002445,0.0,0.0,187
,[],17,[],2018-11-16 20:58:10,4062536.27273,0.00000001,0.000000000000550501,4708775,2018-11-16 20:58:10,btc,3.36492563466,0.195460381006,,"btc,eth",110697919.549,0.0,0.0157628953496,187
1,[],24,[],2019-03-18 21:05:03,0.0,0.000000000001,3.9851e-17,6969850,2019-03-18 21:05:03,btc,0.0,0.0,0.000000000001,btc,0.0,0.0,0.0,187
1,[],22,[],2019-03-18 18:17:00,13812.0,0.00000001,0.00000000000039819,6968124,2019-03-18 18:17:00,BTC,7.56699454,0.0,0.00000001,BTC,79361.7243344055,0.0,0.00013812,191
0,[],22,[],2019-03-18 21:05:08,0.0,0,0,6969851,2019-03-18 21:05:08,,0.0,0.0,0,,0.0,0.0,0.0,197
0,[],23,[],2019-01-20 23:31:41,0.0,0,0,6477079,2019-01-20 23:31:41,,0.0,0.0,0,,0.0,0.0,0.0,199
0,[],22,[],2019-03-18 21:05:11,0.0,0,0,6969852,2019-03-18 21:05:11,,5.2941966,0.0,0,,24038399.0,0.0,0.0,199
1,[],26,[],2019-03-18 21:05:11,0.0,0.00000000,0,6969853,2019-03-18 21:05:11,btc,0.0,128904.0,0.00000000,btc,0.0,0.0,0.0,199
0,[],2,[],2019-01-20 23:30:49,0.0,0,0,6477059,2019-01-20 23:30:49,,0.0,0.0,0,,0.0,0.0,0.0,201
1,[],4,[],2019-01-25 15:51:35,2084389.58565343,0.00000936,0.000000000333526752,6499557,2019-01-25 15:51:35,btc,2.0092503037378524,0.0,0.00000936,btc,160195.80207885,0.19272417,1.242687955921835,211
1,[],7,[],2019-03-18 21:05:16,4132289.8161852797,0.0000010600000000000000155604695795119596368749625980854034423828125,0.00000000004224206,6969854,2019-03-18 21:05:16,btc,15476712.057374263,671650.490631,0.0000010600000000000000155604695795119596368749625980854034423828125,btc,13772612.48108636,0.0,3.2324544670858417,212
1,[],24,[],2019-03-18 21:05:18,0.0,0.000000220000,0.00000000000876722,6969856,2019-03-18 21:05:18,btc,0.0,0.0,0.000000220000,btc,0.0,0.0,0.0,213
1,[],26,[],2019-03-18 21:05:18,0.0,0.00000040,0.0000000000159404,6969857,2019-03-18 21:05:18,btc,0.0,0.0,0.00000040,btc,0.0,0.0,0.0,213
1,[],12,[],2019-01-25 02:44:32,207462.42853209,0.000001080000000000000035831255497387193287295303889550268650054931640625,0.000000000038610756000000006,6493050,2019-01-25 02:44:32,btc,85023.03793723314,0.0,0.000001080000000000000035831255497387193287295303889550268650054931640625,btc,43675.73520027,0.000146250909087,0.0348620860622024,213
1,[],5,[],2019-03-18 21:05:18,0.0,0,0,6969855,2019-03-18 21:05:18,btc,0.0,0.04951257,0,btc,0.0,0.0,0.0,213
1,[],22,[],2019-03-18 21:05:21,25000.0,0.00000001,0.00000000000039851,6969858,2019-03-18 21:05:21,BTC,2.28287774,0.0,0.00000001,BTC,570573.3963726171,0.0,0.00025,216
1,[],27,[],2019-03-18 21:05:24,1233122.0,0.00000003,0.00000000000119553,6969859,2019-03-18 21:05:24,btc,316.9775071147724,0.0,0.00000003,"btc,ltc",239299.924324,0.0,0.03375764000007434,216
1,[],22,[],2019-03-18 21:05:28,171207.3620689655,0.00000139,0.00000000005539289,6969860,2019-03-18 21:05:28,BTC,12543.63998737,0.0,0.00000139,BTC,447012.960806002,0.01334605,0.15447635,217
1,[],7,[],2019-03-18 21:05:29,0.0,0,0,6969861,2019-03-18 21:05:29,btc,77969.38157402142,0.0,0,btc,136811928.93791,0.0,0.0,219
0,[],27,[],2019-03-18 21:05:32,0.0,0,0,6969862,2019-03-18 21:05:32,,0.03997288,0.0,0,btc,2007233.0,0.0,0.0,219
0.0000000000000052,[],28,[],2019-03-18 21:05:34,170722989.525,2.6e-18,1.036126e-22,6969863,2019-03-18 21:05:34,doge,117038.46072123502,35353.468,0.00050000,"btc,doge",9203399.80861,0.0,1.735449385700524e-11,219
1,[],22,[],2019-03-18 21:05:37,405411.0,0.00000008,0.00000000000318808,6969864,2019-03-18 21:05:37,BTC,18.12562913,0.0,0.00000008,BTC,99204.74459740352,0.0,0.01918633,221
1,[],24,[],2019-03-18 21:05:37,0.0,0.000000200000,0.0000000000079702,6969865,2019-03-18 21:05:37,btc,0.0,0.0,0.000000200000,btc,0.0,0.0,0.0,221
1,[],20,[],2019-03-18 21:05:39,45799100.6093,0.00000001,0.00000000000039851,6969866,2019-03-18 21:05:39,btc,506.0773514140088,3216248.0425,0.00000001,btc,19378196.3433,0.0320686582166,0.0615408757051,224
0,[],22,[],2019-03-18 21:05:42,0.0,0,0,6969867,2019-03-18 21:05:42,,0.0,0.0,0,,0.0,0.0,0.0,224
1,[],26,[],2019-03-18 21:05:42,0.0,0.00000022,0.00000000000876722,6969868,2019-03-18 21:05:42,btc,0.0,0.0,0.00000022,btc,0.0,0.0,0.0,231
1,[],26,[],2019-03-18 21:05:42,0.0,0.00000005,0.00000000000199255,6969869,2019-03-18 21:05:42,btc,0.0,200.0,0.00000005,btc,0.0,0.0,0.0,234
0.00000000034537070000000003,[],27,[],2019-03-18 21:05:45,2000.0,3.4537070000000004e-18,1.37633677657e-22,6969870,2019-03-18 21:05:45,eth,0.01134836604,0.0,0.00000001,"btc,eth",11462.996,0.0,6.907414000000001e-15,234
1,[],4,[],2019-03-18 21:05:47,973935.73513948,0.00000105,0.00000000004184355,6969871,2019-03-18 21:05:47,btc,4.159439346727118,0.0,0.00000105,btc,1058008.08672609,0.30544564,0.410893770102586,236
1,[],24,[],2019-03-18 21:05:47,0.0,0.000000500000,0.0000000000199255,6969872,2019-03-18 21:05:47,btc,0.0,0.0,0.000000500000,btc,0.0,0.0,0.0,236
1,[],20,[],2019-03-18 21:05:50,216996407.8369,0.000000042,0.000000000001673742,6969873,2019-03-18 21:05:50,btc,94.291682868031,7888132.8003,0.000000042,btc,30885849.6054,0.3543291536477,0.3184867589366,237
0.0000000001486875,[],22,[],2019-03-18 21:05:53,751594.9,2.5276875e-17,1.007308745625e-21,6969874,2019-03-18 21:05:53,LTC,1.20370855,0.0,0.00000017,LTC,18673.0,0.0,0.12541949,237
1,[],4,[],2019-03-18 21:05:55,10549164.37512208,0.00000037,0.00000000001474487,6969875,2019-03-18 21:05:55,btc,5.462954977702051,0.0,0.00000037,btc,7834664.630845,0.79427383,3.0018273992290956,238
1,[],5,[],2019-03-18 21:05:57,0.0,0,0,6969876,2019-03-18 21:05:57,btc,0.0,0.18417737,0,btc,0.0,0.0,0.0,238
0,[],22,[],2019-03-12 16:49:32,0.0,0,0,6914458,2019-03-12 16:49:32,,0.40415746,0.0,0,,526736.5639027493,0.0,0.0,249
0.0000000001487644,[],22,[],2019-03-18 20:58:49,48086691.666666664,4.462932e-18,1.780522424856e-22,6969696,2019-03-18 20:58:49,LTC,0.95711324,0.0,0.00000003,LTC,18565111.353636365,0.0,1.04160377,252
1,[],28,[],2019-03-18 21:05:59,1875177.661,0.0000007,0.0000000000278957,6969877,2019-03-18 21:05:59,btc,164753.73412563125,77497.39,0.0000007,btc,570610.951,0.0,0.5645720955,256
1,[],22,[],2019-03-18 21:06:01,1324903.3333333333,0.00000003,0.00000000000119553,6969878,2019-03-18 21:06:01,BTC,34.00324405,0.0,0.00000003,BTC,842096.352203122,0.00055302,0.01868002,258
1,[],22,[],2019-03-13 00:07:30,47146.0,0.00000001,0.000000000000387233,6917028,2019-03-13 00:07:30,BTC,2.415167,0.0,0.00000001,BTC,157.0,0.0,0.00047146,259
1,[],5,[],2019-03-18 21:08:02,0.0,0,0,6969879,2019-03-18 21:08:02,btc,0.0,0.29935522,0,btc,0.0,0.0,0.0,264
1,[],20,[],2019-03-18 21:08:03,1272501.8333,0.00000192,0.00000000007651392,6969880,2019-03-18 21:08:03,btc,7.2052988645425,16910.68,0.00000192,btc,99052.6253,0.0389107624971,0.026441200245,264
0,[],22,[],2019-03-18 21:08:06,0.0,0,0,6969881,2019-03-18 21:08:06,,8.75641439,0.0,0,,455745.2241309945,0.0,0.0,271
0,[],22,[],2019-03-18 21:08:09,0.0,0,0,6969882,2019-03-18 21:08:09,,111821.87121834,0.0,0,,14098217297.692,0.0,0.0,272
0.0000000000000052,[],28,[],2019-03-18 21:08:11,201696804678.671,3.796e-21,1.51274396e-25,6969883,2019-03-18 21:08:11,doge,146101072.39035547,4654970439.8322,0.00000073,doge,247283723119.7726,0.0,5.143183129210455e-10,272
1,[],22,[],2019-03-18 21:08:15,185361.69,0.00000061,0.00000000002430911,6969884,2019-03-18 21:08:15,BTC,276.19557448,0.0,0.00000061,"BTC,LTC",192621.2932424812,0.00456762,0.04649793,281
1,[],22,[],2019-03-18 21:08:19,306599.0,0.00000005,0.00000000000199255,6969885,2019-03-18 21:08:19,BTC,1.32231315,0.0,0.00000005,BTC,409954.05476508307,0.00391466,0.0096029,286
0,[],22,[],2019-03-18 21:08:21,0.0,0,0,6969886,2019-03-18 21:08:21,,1044639.42668954,0.0,0,,762403797.0,0.0,0.0,294
