pairValue,buyBook,exchangeId,sellBook,updated,buyTotal,satoshiPrice,usdPrice,exchangeLogId,created,bestPair,sellTotalBtc,volume,pairPrice,activePairs,sellTotal,volumeBtc,buyTotalBtc,coinId
1,[],3,[],2019-02-18 07:40:46,30564.92674571902,0.01292974000000000033006042343686203821562230587005615234375,0.0000004838425075660001,6704829,2019-02-18 07:40:46,btc,107.09559269244072,0.006176402402,0.01292974000000000033006042343686203821562230587005615234375,btc,23.667147130051,0.0,0.3646261993445471,1
1,[],4,[],2019-02-18 07:40:47,88.3145502,0.01305040,0.00000048835771336,6704830,2019-02-18 07:40:47,btc,0.7144475034144498,0.0,0.01305040,btc,49.82816227,0.70844117,1.0719384571181803,1
1,[],5,[],2019-02-18 07:40:49,0.3072252,0.01300001,0.000000486472074209,6704831,2019-02-18 07:40:49,btc,147.74319829,0.33294166,0.01300001,btc,355556.37514053,0.0,1.9667819,1
1,[],10,[],2019-02-18 07:40:51,415349.38540917,0.00930682,0.000000348269580538,6704832,2019-02-18 07:40:51,btc,6527.2165532777535,1926.88366176,0.00930682,btc,1219.78867856,0.0,3.9245285074747187,1
1,[],12,[],2019-02-18 07:40:54,10443.16972351,0.01298999999999999981070697430141080985777080059051513671875,0.000000486097491,6704833,2019-02-18 07:40:54,btc,0.2961788913052,0.0,0.01298999999999999981070697430141080985777080059051513671875,btc,15.67721514,1.2930371579328,0.4319640896561,1
1,[],20,[],2019-02-18 07:40:56,1152.9273,0.010500212,0.0000003929273832308,6704834,2019-02-18 07:40:56,btc,0.0588401269655,0.0,0.010500212,btc,2.6354,0.0,0.1086609348315,1
1,[],21,[],2019-02-18 07:40:56,2408.92202721,0.01301305999999999990501819980,0.000000486960416954,6704835,2019-02-18 07:40:56,btc,23.617180065709572,4165.24828361,0.013013059999999999905018199797268607653677463531494140625,"btc,eth",2117.18989198,50.4552818883733,25.502602208358624,1
1,[],22,[],2019-02-18 07:41:13,0.0163776,0.01300000,0.0000004864717000000001,6704836,2019-02-18 07:41:13,BTC,0.31407927,0.0,0.01300000,BTC,0.10751954901960785,0.0,0.00020972,1
1,[],24,[],2019-02-18 07:41:14,0.0,0.000000000000,0,6704837,2019-02-18 07:41:14,btc,0.0,0.0,0.000000000000,btc,0.0,0.0,0.0,1
0.0,[],25,[],2019-02-18 07:41:15,0.0,0,0,6704838,2019-02-18 07:41:15,btc,30.436299997182108,1058.30419634,0.0,btc,2279.81273856,13.807,0.0,1
1,[],26,[],2019-02-18 07:41:33,0.0,0,0,6704839,2019-02-18 07:41:33,,0.0,0.0,0,,0.0,0.0,0.0,1
1,[],28,[],2019-02-18 07:41:36,992.968,0.01231000,0.000000460651279,6704840,2019-02-18 07:41:36,btc,0.162839806,18148.3,0.01231000,btc,8.9,0.0,0.086870176,1
0,[],2,[],2019-01-20 23:28:45,0.0,0,0,6477011,2019-01-20 23:28:45,,0.0,0.0,0,,0.0,0.0,0.0,1
1,[],5,[],2019-02-18 07:41:37,1.516e-05,0.00000066,0.000000000024697794000000002,6704841,2019-02-18 07:41:37,btc,0.12696541,0.00291354,0.00000066,btc,6.166e-05,0.0,0.25295546,2
0,[],22,[],2019-02-18 07:41:41,0.0,0,0,6704842,2019-02-18 07:41:41,,0.0,0.0,0,,0.0,0.0,0.0,2
1,[],5,[],2019-02-18 07:41:42,1.29e-06,0.00000017,0.000000000006361553,6704843,2019-02-18 07:41:42,btc,3.54481632,0.02647619,0.00000017,btc,2.345e-05,0.0,3.38920842,3
1,[],12,[],2019-02-18 07:41:43,12773737.23664522,0.000000169,0.0000000000063241321000000004,6704844,2019-02-18 07:41:43,btc,923761.8655441353,0.0,0.000000169,btc,9112549.01512906,0.2455244126670253,0.5487396499915075,3
0,[],28,[],2019-02-18 07:41:45,0.0,0,0,6704845,2019-02-18 07:41:45,,0.0,0.0,0,,0.0,0.0,0.0,3
0,[],2,[],2019-01-20 23:31:32,0.0,0,0,6477077,2019-01-20 23:31:32,,0.0,0.0,0,,0.0,0.0,0.0,4
1,[],4,[],2019-02-18 07:41:46,451515.34115834,0.00000032,0.000000000011974688,6704846,2019-02-18 07:41:46,btc,0.3843001729051422,0.0,0.00000032,btc,337830.34099658,0.0,0.0625366395599025,4
1,[],12,[],2019-02-18 07:41:47,1364161.18866667,0.00000003,0.000000000001122627,6704847,2019-02-18 07:41:47,btc,11113878.263403386,0.0,0.00000003,btc,1200442.19484872,0.00187444,0.0220505104400001,5
0,[],2,[],2019-01-20 23:31:51,0.0,0,0,6477087,2019-01-20 23:31:51,,0.0,0.0,0,,0.0,0.0,0.0,6
1,[],11,[],2019-02-18 07:41:51,1381209.5,0.00000002,0.000000000000748418,6704848,2019-02-18 07:41:51,btc,9433.292073620638,10000.0,0.00000002,btc,40118064.15478057,0.0,0.019133885,6
1,[],3,[],2019-02-18 07:41:54,1098.708222260048,0.00015040999999999999140430639865684270262136124074459075927734375,0.000000005628477569,6704849,2019-02-18 07:41:54,btc,27.605796873748474,0.0,0.00015040999999999999140430639865684270262136124074459075927734375,btc,249.144760639695,0.0,0.03515909991712532,7
1,[],4,[],2019-02-18 07:41:55,14008.48491734,0.00023991,0.000000008977648119000001,6704850,2019-02-18 07:41:55,btc,3.2358255466091714,0.0,0.00023991,btc,12442.73955996,4.56423846,2.7954430505034416,7
1,[],5,[],2019-02-18 07:41:56,0.0081141,0.00024002,0.000000008981764418000001,6704851,2019-02-18 07:41:56,btc,1.71542438,0.62338766,0.00024002,btc,0.01459391,0.0,1.75304299,7
1,[],20,[],2019-02-18 07:29:12,39399800.8418,0.000000001,0.0000000000000374464,6704650,2019-02-18 07:29:12,btc,116.9737581404545,0.0,0.000000001,btc,56932990.8895,0.0,0.0393998008418,8
0,[],2,[],2019-01-20 23:22:42,0.0,0,0,6476876,2019-01-20 23:22:42,,0.0,0.0,0,,0.0,0.0,0.0,9
0,[],23,[],2019-01-20 23:22:48,0.0,0,0,6476878,2019-01-20 23:22:48,,0.0,0.0,0,,0.0,0.0,0.0,9
1,[],1,[],2019-02-17 23:31:42,1822507.21,0.00000181000000000000003456111265232042484285557293333113193511962890625,0.000000000066086901,6701244,2019-02-17 23:31:42,btc,3.6990969245,17153386.5,0.00000181000000000000003456111265232042484285557293333113193511962890625,btc,1997391.71,31.11772986,3.2610482446,9
1,[],4,[],2019-02-18 07:41:58,465885.26453698,0.00000182,0.000000000068106038,6704852,2019-02-18 07:41:58,btc,0.7656956363892284,0.0,0.00000182,btc,406232.30083546,1.94586652,0.8236988281903791,9
1,[],28,[],2019-02-18 07:42:04,43336.934,0.00000167,0.000000000062492903,6704853,2019-02-18 07:42:04,btc,2708.76126858,3614038.0,0.00000167,btc,11769.36,0.0,0.04320967978,9
1,[],4,[],2019-02-17 11:22:43,4341674.27126056,0.00000002,0.0000000000007272960000000001,6696112,2019-02-17 11:22:43,btc,0.1997230937751353,0.0,0.00000002,btc,4109766.79808031,0.00215132,0.0479381022052112,10
0,[],2,[],2019-01-20 23:23:08,0.0,0,0,6476890,2019-01-20 23:23:08,,0.0,0.0,0,,0.0,0.0,0.0,12
1,[],4,[],2019-02-18 07:42:05,1291405.91837671,0.00000160,0.00000000005987344,6704854,2019-02-18 07:42:05,btc,1.584293898436913,0.0,0.00000160,btc,925916.61541425,5.45319352,1.9982418406797284,12
1,[],5,[],2019-02-18 07:42:06,2.934e-05,0.00000158,0.000000000059125022,6704855,2019-02-18 07:42:06,btc,0.48197247,0.67042749,0.00000158,btc,0.00012648,0.0,0.43866574,12
0.0,[],25,[],2019-02-18 07:42:08,0.0,0,0,6704856,2019-02-18 07:42:08,,0.0,0.0,0.0,btc,0.0,0.0,0.0,12
1,[],10,[],2019-02-18 07:29:25,452130.50221348,0.00000611,0.000000000228797504,6704657,2019-02-18 07:29:25,btc,666805.4496169178,6843.25492258,0.00000611,btc,724863.64260914,0.0,0.4084733345060967,13
1,[],4,[],2019-02-18 07:42:08,1400250.15670835,0.00000614,0.00000000022976432600000002,6704857,2019-02-18 07:42:08,btc,0.7612121077438823,0.0,0.00000614,btc,111256.18994074,0.28266689,1.889150950682435,13
1,[],21,[],2019-02-18 07:42:13,858786.03324732,0.000006250000000000000299510850149,0.000000000233880625,6704858,2019-02-18 07:42:13,btc,12.069072526945185,493860.34130053,0.0000062500000000000002995108501491205998945588362403213977813720703125,btc,1691430.59018202,3.0761983,4.963380989610182,13
1,[],26,[],2019-02-18 07:29:39,0.0,0.00000050,0.0000000000187232,6704661,2019-02-18 07:29:39,btc,0.0,0.0,0.00000050,btc,0.0,0.0,0.0,14
0,[],17,[],2019-02-18 05:35:37,0.0,0,0,6704054,2019-02-18 05:35:37,btc,0.0,0.0,0,btc,0.0,0.0,0.0,14
1,[],4,[],2019-02-18 07:42:15,979910.32914531,0.00000135,0.000000000050518215,6704859,2019-02-18 07:42:15,btc,0.0989383180340088,0.0,0.00000135,btc,55906.24652758,0.02605517,0.4035906355806763,14
1,[],12,[],2019-02-18 07:42:16,86061.2231405,0.000001269999999999999910766366496839285815667608403600752353668212890625,0.000000000047524543,6704860,2019-02-18 07:42:16,btc,3.7514595815307774,0.0,0.000001269999999999999910766366496839285815667608403600752353668212890625,btc,31721.22909905,5.67432568e-06,0.009995180000005,14
0,[],4,[],2019-02-18 07:29:40,0.0,0,0,6704662,2019-02-18 07:29:40,,0.0,0.0,0,,0.0,0.0,0.0,15
,[],12,[],2018-12-01 15:15:48,204241.84496,0.00000489,0.000000000202473384,5260204,2018-12-01 15:15:48,btc,49.5475654835,0.0,,btc,35763.2193806,0.0163153972027625,0.0203389899998,15
1,[],4,[],2019-02-18 07:29:41,28445.42365516,0.00001833,0.0000000006863925119999999,6704663,2019-02-18 07:29:41,btc,1.2138371605932974,0.0,0.00001833,btc,6996.02855899,0.01894125,0.1271597153340007,18
1,[],10,[],2019-02-18 07:29:43,787349.94406785,0.00001893,0.000000000708860352,6704664,2019-02-18 07:29:43,btc,15.538832748932972,4739.20544604,0.00001893,btc,10637.14697819,0.0,0.2774148081926778,18
1,[],12,[],2019-02-18 07:29:44,204680.32446061,0.0000177300000000000013470301263307504768818034790456295013427734375,0.000000000663924672,6704665,2019-02-18 07:29:44,btc,21.91115428087115,0.0,0.0000177300000000000013470301263307504768818034790456295013427734375,btc,1814.85997733,0.0024061959853277,0.0371429130819659,18
0,[],17,[],2019-02-18 07:29:46,0.0,0,0,6704666,2019-02-18 07:29:46,btc,0.0,0.0,0,btc,0.0,0.0,0.0,18
0,[],2,[],2019-01-20 23:23:38,0.0,0,0,6476906,2019-01-20 23:23:38,,0.0,0.0,0,,0.0,0.0,0.0,18
1,[],3,[],2019-02-18 07:29:47,123796.5122392436,0.0000230700000000000010418575724369105728328577242791652679443359375,0.000000000863888448,6704667,2019-02-18 07:29:47,btc,0.5151629217797592,29.8912871105,0.0000230700000000000010418575724369105728328577242791652679443359375,btc,7110.107464235501,0.0,0.14866911999357527,19
1,[],4,[],2019-02-18 07:29:47,328860.96069576,0.00002379,0.000000000890849856,6704668,2019-02-18 07:29:47,btc,0.1217219887317204,0.0,0.00002379,btc,4458.72578041,0.41640762,3.573864032315998,19
1,[],5,[],2019-02-18 07:29:49,0.00017231,0.00002102,0.000000000787123328,6704669,2019-02-18 07:29:49,btc,0.25488974,0.00193539,0.00002102,btc,0.00299168,0.0,0.06755415,19
1,[],12,[],2019-02-18 07:29:50,134809.77096914,0.00002301000000000000161631992512401012618283857591450214385986328125,0.0000000008616416640000001,6704670,2019-02-18 07:29:50,btc,0.0295248030524163,0.0,0.00002301000000000000161631992512401012618283857591450214385986328125,btc,292.66393647,0.0,0.0326558599999114,19
0,[],27,[],2019-02-18 07:29:53,0.0,0,0,6704671,2019-02-18 07:29:53,,0.0,0.0,0,btc,0.0,0.0,0.0,19
0,[],2,[],2019-01-20 23:24:19,0.0,0,0,6476924,2019-01-20 23:24:19,,0.0,0.0,0,,0.0,0.0,0.0,19
1,[],4,[],2019-02-18 07:29:54,8073339.77783351,0.00000015,0.0000000000056169599999999995,6704672,2019-02-18 07:29:54,btc,0.7572130042171294,0.0,0.00000015,btc,1593790.99844627,0.00205832,0.2590475804794153,20
1,[],4,[],2019-02-18 07:29:55,111151872.1666164,0.00000002,0.000000000000748928,6704673,2019-02-18 07:29:55,btc,0.4052000963908996,0.0,0.00000002,btc,11921192.93946572,0.0101554,1.2608778872129682,21
1,[],12,[],2019-02-18 07:29:56,18409113.0,0.00000002,0.000000000000748928,6704674,2019-02-18 07:29:56,btc,669.7106956817495,0.0,0.00000002,btc,8598127.27073194,0.00012114997003,0.24040254,21
0,[],17,[],2019-02-18 06:29:32,0.0,0,0,6704272,2019-02-18 06:29:32,btc,0.0,0.0,0,btc,0.0,0.0,0.0,21
1,[],12,[],2019-02-18 07:30:09,2553086336.043896,0.0000000002,0.00000000000000748928,6704675,2019-02-18 07:30:09,btc,880864730545.5945,0.0,0.0000000002,btc,4281358686.0843673,0.009272880406193807,0.25757310605558975,23
0,[],27,[],2019-02-18 07:30:13,0.0,0,0,6704676,2019-02-18 07:30:13,,1.3429826565934113,0.0,0,eth,1964879.85514486,0.0,0.0,23
1,[],4,[],2019-02-18 07:30:14,308256.08247689,0.00000065,0.00000000002434016,6704677,2019-02-18 07:30:14,btc,0.1695978539847451,0.0,0.00000065,btc,176592.50622229,0.02845577,0.1552817226392846,24
1,[],22,[],2019-02-18 07:30:18,11.76,0.00000100,0.0000000000374464,6704678,2019-02-18 07:30:18,BTC,7.415e-05,0.0,0.00000100,BTC,23.919354838709676,0.0,1.176e-05,24
0.0,[],25,[],2019-02-18 07:30:19,0.0,0,0,6704679,2019-02-18 07:30:19,,0.0,0.0,0.0,btc,0.0,0.0,0.0,24
1,[],4,[],2019-02-18 07:30:20,26861734.49750456,0.00000614,0.000000000229920896,6704680,2019-02-18 07:30:20,btc,0.576671555754289,0.0,0.00000614,btc,51472.51294334,0.16381816,0.4490192390192424,26
1,[],10,[],2019-02-18 07:30:23,682874.19163166,0.0000054,0.00000000020221056,6704681,2019-02-18 07:30:23,btc,25.927272136924913,275.07855722,0.0000054,btc,14351.41452713,0.0,0.2128385226438311,26
0,[],2,[],2019-01-20 23:25:56,0.0,0,0,6476976,2019-01-20 23:25:56,,0.0,0.0,0,,0.0,0.0,0.0,26
1,[],3,[],2019-02-18 07:30:24,5844313.95913569,0.00000001,0.000000000000374464,6704682,2019-02-18 07:30:24,btc,2.692702696209302,165050.0,0.00000001,btc,16912524.61059958,0.0,0.0584431395913569,27
1,[],5,[],2019-02-18 07:30:25,1e-08,0.00000001,0.000000000000374464,6704683,2019-02-18 07:30:25,btc,1.67088176,0.0024325,0.00000001,btc,4.335e-05,0.0,0.10640322,27
1,[],11,[],2019-02-18 07:30:26,9803584.35433359,0.00000005,0.00000000000187232,6704684,2019-02-18 07:30:26,btc,67506.53097482225,8080.0,0.00000005,btc,8171781.9463934,0.0,0.458287845339645,27
1,[],4,[],2019-02-18 07:30:27,616882862.4929719,0.00000002,0.000000000000748928,6704685,2019-02-18 07:30:27,btc,0.21832347516388212,0.0,0.00000002,"btc,ltc",17891605.58288779,0.17779257,8.246670350076048,29
1,[],7,[],2019-02-18 07:30:29,28336090.63491832,0.00000002,0.000000000000748928,6704686,2019-02-18 07:30:29,btc,44465227.259257816,40782.0,0.00000002,btc,56272664.01797909,0.00122346,0.41187488825014074,29
1,[],4,[],2019-02-18 07:30:29,1494068.58572925,0.00000030,0.000000000011233919999999999,6704687,2019-02-18 07:30:29,btc,0.2781466546292604,0.0,0.00000030,btc,551522.13036203,0.10759812,0.1193723789960842,30
0,[],17,[],2019-02-18 06:42:37,0.0,0,0,6704486,2019-02-18 06:42:37,btc,0.0,0.0,0,btc,0.0,0.0,0.0,30
1,[],4,[],2019-02-18 07:30:41,1140006.94704622,0.00006105,0.00000000228610272,6704688,2019-02-18 07:30:41,btc,0.6110591517934341,0.0,0.00006105,btc,8940.32695922,1.50346563,1.6853958246012055,31
1,[],21,[],2019-02-18 07:30:42,62084.54911524,0.00006033000000000000005457440055,0.000000002259141312,6704689,2019-02-18 07:30:42,btc,2.2118731604431434,138546.63449185,0.000060330000000000000054574400554230351190199144184589385986328125,btc,33283.8226753,8.59446159,3.5325899495524573,31
0,[],2,[],2019-01-20 23:28:43,0.0,0,0,6477009,2019-01-20 23:28:43,,0.0,0.0,0,,0.0,0.0,0.0,32
1,[],4,[],2019-02-18 07:30:43,135990332.92435947,0.00000004,0.000000000001497856,6704690,2019-02-18 07:30:43,btc,2.592786615431556,0.0,0.00000004,"btc,ltc",54148319.49533369,2.76763385,2.28252818362955,33
1,[],12,[],2019-02-18 07:30:44,14681777.225,0.00000005,0.00000000000187232,6704691,2019-02-18 07:30:44,btc,34508971.12815284,0.0,0.00000005,btc,88935703.37062912,0.0023318207592427,0.47736807125,33
1,[],4,[],2019-02-18 07:30:45,134168126.82863936,0.00000001,0.000000000000374464,6704692,2019-02-18 07:30:45,btc,1.010056271096579,0.0,0.00000001,btc,42413257.31378488,0.03541397,1.3416812682863937,34
1,[],5,[],2019-02-18 07:30:47,1e-08,0.00000001,0.000000000000374464,6704693,2019-02-18 07:30:47,btc,5.09095167,0.00557545,0.00000001,btc,1.343e-05,0.0,0.85129011,34
0.0000000001187119,[],4,[],2019-02-18 07:30:47,907996134.4845062,2.374238e-18,8.890666584320001e-23,6704694,2019-02-18 07:30:47,ltc,9.84818657381718e-09,0.0,0.00000002,ltc,1995154065.8477483,0.0,1.6083853029216454e-09,36
1,[],5,[],2019-02-18 07:30:48,0.0,0,0,6704695,2019-02-18 07:30:48,btc,197.51755732,0.0,0,btc,1.325e-05,0.0,0.0,36
0,[],17,[],2019-02-18 07:30:50,0.0,0,0,6704696,2019-02-18 07:30:50,btc,0.14155809915447679,0.0,0,btc,10796613.27743647,0.0,0.0,36
0,[],27,[],2019-02-18 07:30:53,0.0,0,0,6704697,2019-02-18 07:30:53,,113.82128944818679,7.0,0,"ltc,eth",3757762.7424504,2.5797156000000003e-17,0.0,36
1,[],4,[],2019-02-18 07:30:54,308497.44750689,0.00000067,0.000000000025089088,6704698,2019-02-18 07:30:54,btc,0.23883857065565,0.0,0.00000067,btc,186407.35830157,0.1838315,0.1431412392007661,37
1,[],12,[],2019-02-18 07:30:55,458487.4389698,0.00000072,0.000000000026961407999999998,6704699,2019-02-18 07:30:55,btc,1364.117347044074,0.0,0.00000072,btc,794990.72247357,0.0645447178328364,0.091093893031678,37
1,[],27,[],2019-02-18 07:31:06,16202.0,0.00000046,0.000000000017225344,6704700,2019-02-18 07:31:06,btc,26.25770832162233,0.0,0.00000046,btc,6830.24738508,0.0,0.00549722,37
1,[],17,[],2019-02-18 06:43:02,1752.74075282,0.00000025,0.000000000009323125,6704496,2019-02-18 06:43:02,btc,0.055484923777095005,0.0,0.00000025,btc,1319.19918473,0.0,0.00043818518820499993,37
1,[],5,[],2019-02-18 07:31:07,9.97e-06,0.00000092,0.000000000034450688,6704701,2019-02-18 07:31:07,btc,0.08154148,0.08436773,0.00000092,btc,9.044e-05,0.0,0.03380013,42
1,[],12,[],2019-02-18 07:31:09,136087.28223277,0.0000009,0.00000000003370176,6704702,2019-02-18 07:31:09,btc,93.60645695958122,0.0,0.0000009,btc,89317.20504743,0.000259909090911,0.0429632799999988,42
0,[],27,[],2019-02-18 07:31:11,0.0,0,0,6704703,2019-02-18 07:31:11,,0.00315028,0.0,0,"btc,eth",11.007,0.0,0.0,42
1,[],5,[],2019-02-18 07:31:13,3e-08,0.00000002,0.000000000000748928,6704704,2019-02-18 07:31:13,btc,5.88691955,0.0090995,0.00000002,btc,1.375e-05,0.0,0.61013204,43
1,[],12,[],2019-02-18 07:31:15,4098314.0,0.00000002,0.000000000000748928,6704705,2019-02-18 07:31:15,btc,20007457.494386546,0.0,0.00000002,btc,38970367.21718281,0.000840482827173,0.04098352,43
0,[],17,[],2019-02-18 07:31:16,0.0,0,0,6704706,2019-02-18 07:31:16,btc,0.0,0.0,0,btc,0.0,0.0,0.0,43
1,[],12,[],2019-02-18 07:31:17,697941.0,0.00000005,0.00000000000187232,6704707,2019-02-18 07:31:17,btc,11115167.401633533,0.0,0.00000005,btc,1013050.31470526,0.0011963994005995,0.0179018,44
1,[],4,[],2019-02-18 07:31:18,325072175.49007607,0.00000002,0.000000000000748928,6704708,2019-02-18 07:31:18,btc,0.19032078490299476,0.0,0.00000002,"btc,ltc",4619421.45245401,0.00015554,0.4287297559794046,49
0,[],4,[],2019-02-18 07:31:19,0.0,0,0,6704709,2019-02-18 07:31:19,,4.645173508157699,0.0,0,,3615865275.3628635,0.0,0.0,52
0,[],22,[],2019-02-18 07:31:23,0.0,0,0,6704710,2019-02-18 07:31:23,,4368.07440295,0.0,0,,262751443.67882353,0.0,0.0,57
0,[],27,[],2019-02-18 07:31:28,0.0,0,0,6704711,2019-02-18 07:31:28,,0.0,0.0,0,"btc,eth",0.0,0.0,0.0,57
0.0000000001187119,[],4,[],2019-02-18 07:31:29,976601126.1325742,4.748476e-18,1.7781333168640002e-22,6704712,2019-02-18 07:31:29,ltc,3.272209004105386,0.0,0.00000004,ltc,1108637263.7084205,0.0,2.7503208487130703e-09,58
1,[],12,[],2019-02-18 07:31:31,1764146709.843957,0.0000000005,0.0000000000000187232,6704713,2019-02-18 07:31:31,btc,224005480166.2941,0.0,0.0000000005,btc,3703598276.9505253,0.020329994069854203,0.5971627812011392,58
0.00000000012975220000000002,[],22,[],2019-02-18 07:31:45,137438.0,1.297522e-18,4.85875278208e-23,6704714,2019-02-18 07:31:45,XMR,69.8835922,0.0,0.00000001,XMR,9887963.0,0.0,0.00137438,58
0,[],17,[],2019-02-18 06:43:50,0.0,0,0,6704510,2019-02-18 06:43:50,btc,1e+24,0.0,0,btc,41401875.8285055,0.0,0.0,58
1,[],5,[],2019-02-18 07:31:47,4.34e-06,0.00000048,0.000000000017974272,6704715,2019-02-18 07:31:47,btc,0.11662523,0.0125819,0.00000048,btc,5.291e-05,0.0,0.07647711,61
1,[],22,[],2019-02-18 07:31:51,5149.5,0.00000011,0.000000000004119104,6704716,2019-02-18 07:31:51,BTC,1002.29597012,0.0,0.00000011,BTC,14947.700278135757,0.0,0.00051596,61
1,[],26,[],2019-02-18 07:31:52,0.0,0.00000800,0.0000000002995712,6704717,2019-02-18 07:31:52,btc,0.0,0.0,0.00000800,btc,0.0,0.0,0.0,61
1,[],27,[],2019-02-18 07:32:02,28774.23,0.00000033,0.000000000012357311999999999,6704718,2019-02-18 07:32:02,btc,2.9683433586282,0.0,0.00000033,"btc,eth",18762.955832,0.0,0.0007713997087163719,61
1,[],28,[],2019-02-18 07:32:08,13882.304,0.0000005,0.0000000000187232,6704719,2019-02-18 07:32:08,btc,2.062488404235105,808.0,0.0000005,btc,15611.87550005,0.0,0.00566491304,61
1,[],4,[],2019-02-18 07:32:09,429652.69799161,0.00000332,0.000000000124322048,6704720,2019-02-18 07:32:09,btc,1.1545797387965149,0.0,0.00000332,btc,257834.55441536,0.70462581,0.9499232397105051,67
0.0,[],25,[],2019-02-18 07:32:10,0.0,0,0,6704721,2019-02-18 07:32:10,,0.0,0.0,0.0,btc,0.0,0.0,0.0,67
1,[],12,[],2019-02-18 06:44:07,3418015.4253492,0.00000014,0.000000000005220950000000001,6704519,2019-02-18 06:44:07,btc,11115995.90405737,0.0,0.00000014,btc,1892416.59926134,0.0033988055838294,0.1277006064411106,71
,[],5,[],2018-11-20 23:02:39,1.5e-07,0.00000005,0.000000000002128045,4862160,2018-11-20 23:02:39,btc,2.84511358,0.0,,btc,0.00036572,0.0,0.07381892,74
1,[],5,[],2019-02-18 07:34:13,2.914e-05,0.00000156,0.000000000058416384,6704722,2019-02-18 07:34:13,btc,1.5424315,0.0,0.00000156,btc,0.00016981,0.0,0.29134564,75
1,[],4,[],2019-02-18 07:34:14,29738604.75692337,0.00000001,0.000000000000374464,6704723,2019-02-18 07:34:14,btc,0.8487978482018892,0.0,0.00000001,btc,15391342.79181637,0.0,0.2973860475692337,81
0,[],20,[],2019-01-25 09:30:31,0.0,0,0,6495923,2019-01-25 09:30:31,btc,0.0,0.0,0,btc,0.0,0.0,0.0,81
1,[],4,[],2019-02-18 07:34:15,28755.29968676,0.00008188,0.000000003066111232,6704724,2019-02-18 07:34:15,btc,1.3192138209251687,0.0,0.00008188,btc,11104.25818601,0.0241581,0.203129910376265,82
1,[],21,[],2019-02-18 07:34:17,164161.42425341,0.00007773000000000000286708157216,0.000000002910708672,6704725,2019-02-18 07:34:17,btc,2.6673248500707674,4279.71836912,0.00007773000000000000286708157215542769336025230586528778076171875,btc,25810.49054545,0.34862524,3.0013302522263587,82
0,[],17,[],2019-02-18 05:40:11,0.0,0,0,6704121,2019-02-18 05:40:11,btc,0.0447233088476774,0.0,0,btc,999127.19588126,0.0,0.0,84
0.0000000001187119,[],4,[],2019-02-18 07:34:29,166156459.60134614,8.309833e-18,3.111733304512e-22,6704726,2019-02-18 07:34:29,ltc,0.19541526439480647,0.0,0.00000007,ltc,96821277.8676936,0.00027536,7.853808957943705e-10,85
,[],22,[],2018-11-20 23:09:34,3408.1,0.0000001,0.0000000000041895,4862324,2018-11-20 23:09:34,BTC,0.04624735,0.0,,BTC,4990.0,0.0,0.00033081,86
0,[],22,[],2019-02-18 07:34:31,0.0,0,0,6704727,2019-02-18 07:34:31,,2.0760781,0.0,0,,140622.94736842104,0.0,0.0,87
0,[],27,[],2019-02-18 07:34:35,0.0,0,0,6704728,2019-02-18 07:34:35,,0.0,0.0,0,btc,0.0,0.0,0.0,87
,[],2,[],2018-11-20 23:10:47,0.0,0,0,4862359,2018-11-20 23:10:47,,0.0,0.0,,,0.0,0.0,0.0,88
1,[],11,[],2019-02-18 07:34:37,95769.9780478,0.0001432100000000000061296800968335674042464233934879302978515625,0.0000000053626989440000005,6704729,2019-02-18 07:34:37,btc,609.7760638692447,327.3,0.0001432100000000000061296800968335674042464233934879302978515625,btc,93362.49928474,0.0,6.404832455567537,89
0,[],2,[],2019-01-20 23:31:45,0.0,0,0,6477083,2019-01-20 23:31:45,,0.0,0.0,0,,0.0,0.0,0.0,91
1,[],12,[],2019-02-18 07:34:38,438006.13265168,0.00000206000000000000018206681821897330308956952649168670177459716796875,0.00000000007713958400000001,6704730,2019-02-18 07:34:38,btc,4.1731223245553535,0.0,0.00000206000000000000018206681821897330308956952649168670177459716796875,btc,49056.30743096,0.0030706954487911,0.0601997056729587,91
0,[],17,[],2019-02-18 07:34:40,0.0,0,0,6704731,2019-02-18 07:34:40,btc,0.0,0.0,0,btc,0.0,0.0,0.0,91
0.0000000001187119,[],22,[],2019-02-18 07:34:44,3511520.0,4.748476e-18,1.7781333168640002e-22,6704732,2019-02-18 07:34:44,LTC,9.13211897,0.0,0.00000004,LTC,72065348.1,4.73176136448e-12,0.1052108,95
0.0000000001187119,[],4,[],2019-02-18 07:34:45,135761792.34819254,9.2595282e-17,3.4673599678848e-21,6704733,2019-02-18 07:34:45,ltc,0.9681326686233676,0.0,0.00000078,ltc,47801994.24640562,0.00127007,1.1389773722097388e-09,96
1,[],12,[],2019-02-18 07:34:46,294199.0,0.00000001,0.000000000000374464,6704734,2019-02-18 07:34:46,btc,255074.72067417332,0.0,0.00000001,btc,8790773.71859115,4.90767032966e-05,0.0029419900000000002,96
0,[],17,[],2019-02-18 06:44:40,0.0,0,0,6704532,2019-02-18 06:44:40,btc,0.0,0.0,0,btc,0.0,0.0,0.0,96
1,[],4,[],2019-02-18 07:34:58,1651357.27187816,0.00000032,0.000000000011982848,6704735,2019-02-18 07:34:58,btc,0.2761897283157213,0.0,0.00000032,btc,539144.46076628,0.22254429,0.2168101765518557,99
1,[],4,[],2019-02-18 07:34:59,197664.63424912,0.00003970,0.00000000148662208,6704736,2019-02-18 07:34:59,btc,1.0235318628974532,0.0,0.00003970,btc,23160.1366621,0.70628111,1.2788102271108914,100
0,[],2,[],2019-01-20 23:23:55,0.0,0,0,6476914,2019-01-20 23:23:55,,0.0,0.0,0,,0.0,0.0,0.0,100
1,[],22,[],2019-02-18 07:35:05,50000.0,0.00000001,0.000000000000374464,6704737,2019-02-18 07:35:05,BTC,23.49896609,0.0,0.00000001,BTC,10277.22,0.0,0.0005,101
1,[],4,[],2019-02-18 07:35:06,414046.26868852,0.00000081,0.000000000030331584,6704738,2019-02-18 07:35:06,btc,0.4040805026133604,0.0,0.00000081,btc,167175.07618517,0.02298668,0.2067367736226133,103
1,[],12,[],2019-02-18 07:35:09,40884214.4663887,0.000000016,0.0000000000005991424,6704739,2019-02-18 07:35:09,btc,137279207.8838842,0.0,0.000000016,btc,122283441.06585082,0.05533441780669096,0.1270954774622192,105
1,[],27,[],2019-02-18 07:35:13,3997411.89,0.00000001,0.000000000000374464,6704740,2019-02-18 07:35:13,btc,0.2583299431492299,0.0,0.00000001,btc,303168.20460553,0.0,0.0399741189,105
1,[],22,[],2019-02-18 07:35:23,9328.0,0.00000001,0.000000000000374464,6704741,2019-02-18 07:35:23,BTC,51.10825004,0.0,0.00000001,BTC,468935.0,0.0,9.328e-05,107
1,[],26,[],2019-02-18 07:35:23,0.0,0.00000000,0,6704742,2019-02-18 07:35:23,btc,0.0,0.0,0.00000000,btc,0.0,0.0,0.0,107
1,[],5,[],2019-02-18 07:35:25,1e-08,0.00000001,0.000000000000374464,6704743,2019-02-18 07:35:25,btc,2.92407407,1.128e-05,0.00000001,btc,1.523e-05,0.0,0.08576752,112
1,[],22,[],2019-02-18 07:35:28,1966.0,0.00000001,0.000000000000374464,6704744,2019-02-18 07:35:28,BTC,2.81183288,0.0,0.00000001,BTC,808524.0833333334,0.0,1.966e-05,112
0,[],27,[],2019-02-18 07:35:33,0.0,0,0,6704745,2019-02-18 07:35:33,,1.35132491849924,0.0,0,"btc,eth",1328.641654,0.0,0.0,112
1,[],4,[],2019-02-18 07:35:33,455284.93309823,0.00000335,0.00000000012544544,6704746,2019-02-18 07:35:33,btc,0.3007609652564161,0.0,0.00000335,btc,72748.89805024,0.24166638,0.2016859941117508,113
1,[],5,[],2019-02-18 07:35:35,1.453e-05,0.00000312,0.000000000116832768,6704747,2019-02-18 07:35:35,btc,1.03425662,7.32e-05,0.00000312,btc,0.00234005,0.0,0.23350727,113
1,[],17,[],2019-02-18 07:35:48,152738.278,0.00000004,0.000000000001497856,6704748,2019-02-18 07:35:48,btc,1.33680302678,0.0,0.00000004,btc,50696.221,0.0,0.0022095311199999998,116
0,[],27,[],2019-02-18 07:35:50,0.0,0,0,6704749,2019-02-18 07:35:50,,0.0,0.0,0,btc,0.0,0.0,0.0,116
1,[],4,[],2019-02-18 07:35:52,32231.89626051,0.00003191,0.000000001194914624,6704750,2019-02-18 07:35:52,btc,0.8333505647124932,0.0,0.00003191,btc,24106.242525,1.92094828,0.8020513269301655,120
1,[],7,[],2019-02-18 07:35:53,18253.49717145,0.00003004000000000000037705082112093890600590384565293788909912109375,0.000000001124889856,6704751,2019-02-18 07:35:53,btc,115647.13425076652,9.60769026,0.00003004000000000000037705082112093890600590384565293788909912109375,btc,27770.59585249,0.00032336,0.0770966600956308,120
1,[],20,[],2019-02-18 07:35:55,1076585.3897,0.000000017,0.0000000000006365888,6704752,2019-02-18 07:35:55,btc,31.909198496025,4188.2,0.000000017,btc,1141978.7853,6.70112e-05,0.0051311490174,125
1,[],22,[],2019-02-18 07:36:00,3053.0,0.00000001,0.000000000000374464,6704753,2019-02-18 07:36:00,BTC,0.01444887,0.0,0.00000001,BTC,296263.5111111111,0.0,3.053e-05,126
0,[],17,[],2019-02-18 05:41:57,0.0,0,0,6704150,2019-02-18 05:41:57,btc,0.0009561751951600001,0.0,0,btc,35.42829368,0.0,0.0,131
1,[],4,[],2019-02-18 07:36:01,121111.31727404,0.00001728,0.000000000647073792,6704754,2019-02-18 07:36:01,btc,1.0160664684379337,0.0,0.00001728,btc,50043.65806595,0.37522441,0.9569900517119648,131
0,[],2,[],2019-01-20 23:25:46,0.0,0,0,6476969,2019-01-20 23:25:46,,0.0,0.0,0,,0.0,0.0,0.0,131
1,[],4,[],2019-02-18 07:36:11,4559.3722443,0.00016039,0.000000006006028096,6704755,2019-02-18 07:36:11,btc,1.642035329786246,0.0,0.00016039,btc,307.87409808,0.00010658,0.0093058613672208,135
1,[],3,[],2019-02-18 07:36:12,1793630.03905174,0.00000005,0.00000000000187232,6704756,2019-02-18 07:36:12,btc,0.1275363531211645,42731.75,0.00000005,btc,524595.71602917,0.0,0.0660789217803675,136
1,[],4,[],2019-02-18 07:36:13,61292.25671757,0.00000184,0.000000000068901376,6704757,2019-02-18 07:36:13,btc,0.1245230688970947,0.0,0.00000184,btc,57525.10964954,0.11816328,0.074018228613294,137
1,[],12,[],2019-02-18 07:36:14,301277.32495968,0.000001769999999999999994019540816569957542014890350401401519775390625,0.000000000066280128,6704758,2019-02-18 07:36:14,btc,11981.702032589312,0.0,0.000001769999999999999994019540816569957542014890350401401519775390625,btc,157935.15676263,0.0011826870095241,0.0351591598320059,137
1,[],4,[],2019-02-18 07:36:15,115154.58741315,0.00005292,0.000000001981663488,6704759,2019-02-18 07:36:15,btc,0.6837160852608298,0.0,0.00005292,btc,10521.61072113,0.55554765,0.4658247860544222,142
1,[],5,[],2019-02-18 07:36:16,0.00167058,0.00005077,0.0000000019011537279999998,6704760,2019-02-18 07:36:16,btc,1.28442224,0.27762314,0.00005077,btc,0.00338142,0.0,1.33219886,142
1,[],17,[],2019-02-18 07:36:18,22967.386363640002,0.00000088,0.000000000032952832,6704761,2019-02-18 07:36:18,btc,20.0699133484,0.0,0.00000088,btc,405.079105,0.0,0.0104613000000032,142
1,[],20,[],2019-02-18 07:36:20,133867.9447,0.000034962,0.0000000013092010368,6704762,2019-02-18 07:36:20,btc,0.3508303524462,0.0,0.000034962,btc,3170.3501,0.0,0.2515306851173,142
1,[],22,[],2019-02-18 07:36:25,1613.354305200341,0.00003220,0.00000000120577408,6704763,2019-02-18 07:36:25,BTC,3.0070065,0.0,0.00003220,BTC,896.9784641392417,0.0,0.0018856,142
0.0,[],25,[],2019-02-18 07:36:27,0.0,0,0,6704764,2019-02-18 07:36:27,,0.0,0.0,0.0,btc,0.0,0.0,0.0,142
1,[],28,[],2019-02-18 07:36:33,77743.0,0.00004500,0.000000001685088,6704765,2019-02-18 07:36:33,btc,0.057100837,1995.0,0.00004500,btc,356.4989,0.0,0.0519372,142
0,[],22,[],2019-02-18 07:36:36,0.0,0,0,6704766,2019-02-18 07:36:36,,67.48874799,0.0,0,,840795081.3,0.0,0.0,143
1,[],21,[],2019-02-18 07:36:36,34323123.80650092,0.00000026,0.000000000009736064,6704767,2019-02-18 07:36:36,btc,63.40343217731169,9068948.62404621,0.00000026,btc,99331553.70173877,2.46477703,5.081218981907334,145
0,[],22,[],2019-02-18 07:36:39,0.0,0,0,6704768,2019-02-18 07:36:39,,4.24946284,0.0,0,,1812156.0,0.0,0.0,146
,[],22,[],2018-11-20 23:01:11,0.0,0,0,4862114,2018-11-20 23:01:11,,2.56807021,0.0,,,61828.4988236,0.0,0.0,147
1,[],12,[],2019-02-18 07:36:40,8679048.6344785,0.000002810000000000000201067461291781768295550136826932430267333984375,0.00000000010522438400000001,6704769,2019-02-18 07:36:40,btc,16.584096072123845,0.0,0.000002810000000000000201067461291781768295550136826932430267333984375,btc,122576.2262754,0.0007535764321568,0.108253119999997,148
1,[],4,[],2019-02-18 07:36:41,252439.56402332,0.00000030,0.000000000011233919999999999,6704770,2019-02-18 07:36:41,btc,0.7784126257356097,0.0,0.00000030,btc,592738.21898097,0.0,0.0600404256786116,152
0,[],22,[],2019-02-18 07:36:44,0.0,0,0,6704771,2019-02-18 07:36:44,,0.0,0.0,0,,0.0,0.0,0.0,152
1,[],5,[],2019-02-18 07:36:46,0.0,0,0,6704772,2019-02-18 07:36:46,btc,10.61570492,0.0,0,btc,0.00092785,0.0,0.0,153
,[],16,[],2019-01-11 15:38:59,0.0,0,0,6366141,2019-01-11 15:38:59,btc,0.0,0.0,,btc,0.0,0.0,0.0,155
0,[],23,[],2019-01-20 23:24:29,0.0,0,0,6476932,2019-01-20 23:24:29,,0.0,0.0,0,,0.0,0.0,0.0,156
0,[],22,[],2019-02-18 07:36:51,0.0,0,0,6704773,2019-02-18 07:36:51,,6.74608761,0.0,0,,4644402.242592593,0.0,0.0,156
1,[],22,[],2019-02-18 07:36:54,7073.8,0.00005300,0.0000000019846592,6704774,2019-02-18 07:36:54,BTC,43.78801181,0.0,0.00005300,BTC,1067.5805334758436,0.0,0.00104336,157
0,[],22,[],2019-02-18 07:36:57,0.0,0,0,6704775,2019-02-18 07:36:57,,50175.68008609,0.0,0,,54479136.04179466,0.0,0.0,158
,[],17,[],2018-11-20 22:56:10,0.0,0,0,4861976,2018-11-20 22:56:10,btc,1.1265625,0.0,,btc,1000.0,0.0,0.0,159
,[],20,[],2018-11-20 22:56:12,0.0,0,0,4861977,2018-11-20 22:56:12,btc,11912.7940471,0.0,,btc,34413894.3617,0.0,0.0,159
1,[],12,[],2019-02-18 07:36:58,187996.58610367,0.00000711999999999999959310326147488012793473899364471435546875,0.000000000266618368,6704776,2019-02-18 07:36:58,btc,6.657120776894167,0.0,0.00000711999999999999959310326147488012793473899364471435546875,btc,14449.00629987,0.0003919697,0.0981581294866172,168
1,[],17,[],2019-02-18 06:46:52,29784.95,0.000001,0.0000000000372925,6704573,2019-02-18 06:46:52,btc,0.03026736251542,0.0,0.000001,btc,144.46171372,0.0,0.00716147,168
1,[],22,[],2019-02-18 07:37:13,17704.5,0.00000002,0.000000000000748928,6704777,2019-02-18 07:37:13,BTC,1.14470145,0.0,0.00000002,BTC,603735.7234250928,0.00263423,0.00035309,169
1,[],22,[],2019-02-18 07:37:16,176276.0,0.00000019,0.000000000007114816,6704778,2019-02-18 07:37:16,BTC,13.28996241,0.0,0.00000019,BTC,159646.54822383198,0.00070444,0.02446036,171
1,[],22,[],2019-02-18 07:37:21,158688.41176470587,0.00000017,0.000000000006365888,6704779,2019-02-18 07:37:21,BTC,2.66641211,0.0,0.00000017,BTC,271368.79665050836,0.0,0.00911019,173
1,[],5,[],2019-02-18 07:37:23,2.763e-05,0.00000201,0.000000000075267264,6704780,2019-02-18 07:37:23,btc,0.26849614,7.66e-06,0.00000201,btc,0.00024683,0.0,0.28885904,175
1,[],22,[],2019-02-18 07:37:26,51114.0,0.0000002,0.00000000000748928,6704781,2019-02-18 07:37:26,BTC,0.52247321,0.0,0.0000002,BTC,134986.47031396697,0.000355,0.0052914,176
1,[],7,[],2019-02-18 07:37:27,0.0,0,0,6704782,2019-02-18 07:37:27,btc,410918.63489866455,1108.89110889,0,btc,115828955.16222881,1.109e-05,0.0,178
0,[],22,[],2019-02-18 07:37:30,0.0,0,0,6704783,2019-02-18 07:37:30,,1.00242428,0.0,0,,57512.0,0.0,0.0,178
0,[],2,[],2019-01-20 23:28:34,0.0,0,0,6477001,2019-01-20 23:28:34,,0.0,0.0,0,,0.0,0.0,0.0,178
1,[],5,[],2019-02-18 07:37:31,3e-08,0.00000002,0.000000000000748928,6704784,2019-02-18 07:37:31,btc,18.51340219,0.00297935,0.00000002,btc,1.664e-05,0.0,0.74843723,179
1,[],22,[],2019-02-18 07:37:36,7779285.0,0.00000002,0.000000000000748928,6704785,2019-02-18 07:37:36,BTC,5.50797558,0.0,0.00000002,"BTC,LTC",17857364.676989965,0.0,0.38284554,179
0,[],23,[],2019-01-20 23:25:08,0.0,0,0,6476952,2019-01-20 23:25:08,,0.0,0.0,0,,0.0,0.0,0.0,179
1,[],22,[],2019-02-18 07:37:52,129174.85333333333,0.00000150,0.0000000000561696,6704786,2019-02-18 07:37:52,BTC,0.13774116,0.0,0.00000150,"BTC,LTC",27870.388894466552,0.0001228,0.00215962,180
1,[],26,[],2019-02-18 07:37:52,0.0,0.00000100,0.0000000000374464,6704787,2019-02-18 07:37:52,btc,0.0,0.0,0.00000100,btc,0.0,0.0,0.0,180
1,[],17,[],2019-02-18 06:47:37,10504.725,0.0000001,0.00000000000372925,6704583,2019-02-18 06:47:37,btc,5.201913593536971,0.0,0.0000001,btc,5466.1328087,0.0,0.0010504725,180
,[],7,[],2018-11-20 22:58:01,562227.975654,0.00000085,0.000000000036176765,4862015,2018-11-20 22:58:01,btc,21836.6059674,2491.87645172,,btc,749999.041456,0.00211021,0.127565380455,183
,[],5,[],2019-01-10 08:11:41,0.0,0,0,6347036,2019-01-10 08:11:41,btc,82.15055501,0.00261,,btc,1.19002445,0.0,0.0,187
1,[],24,[],2019-02-18 07:37:52,0.0,0.000000000001,3.74464e-17,6704788,2019-02-18 07:37:52,btc,0.0,0.0,0.000000000001,btc,0.0,0.0,0.0,187
,[],17,[],2018-11-16 20:58:10,4062536.27273,0.00000001,0.000000000000550501,4708775,2018-11-16 20:58:10,btc,3.36492563466,0.195460381006,,"btc,eth",110697919.549,0.0,0.0157628953496,187
0,[],22,[],2019-02-18 07:37:56,0.0,0,0,6704789,2019-02-18 07:37:56,,1.19374426,0.0,0,,16338.869534405507,0.0,0.0,191
0,[],22,[],2019-02-18 07:38:11,0.0,0,0,6704790,2019-02-18 07:38:11,,0.0,0.0,0,,0.0,0.0,0.0,197
0,[],23,[],2019-01-20 23:31:41,0.0,0,0,6477079,2019-01-20 23:31:41,,0.0,0.0,0,,0.0,0.0,0.0,199
0,[],22,[],2019-02-18 07:38:23,0.0,0,0,6704791,2019-02-18 07:38:23,,5.17192327,0.0,0,,21801494.0,0.0,0.0,199
1,[],26,[],2019-02-18 07:38:23,0.0,0.00000000,0,6704792,2019-02-18 07:38:23,btc,0.0,374698.0,0.00000000,btc,0.0,0.0,0.0,199
0,[],17,[],2019-01-30 16:32:01,0.0,0,0,6540827,2019-01-30 16:32:01,btc,6.802544163788159,0.0,0,btc,105897.55575295,0.0,0.0,200
0,[],2,[],2019-01-20 23:30:49,0.0,0,0,6477059,2019-01-20 23:30:49,,0.0,0.0,0,,0.0,0.0,0.0,201
1,[],4,[],2019-01-25 15:51:35,2084389.58565343,0.00000936,0.000000000333526752,6499557,2019-01-25 15:51:35,btc,2.0092503037378524,0.0,0.00000936,btc,160195.80207885,0.19272417,1.242687955921835,211
1,[],7,[],2019-02-18 07:38:28,5282046.94231162,0.0000015000000000000000380012861456169304119612206704914569854736328125,0.0000000000561696,6704793,2019-02-18 07:38:28,btc,15475863.759844981,704548.501373,0.0000015000000000000000380012861456169304119612206704914569854736328125,btc,12400559.03550678,1.02437031,3.838861860184355,212
1,[],12,[],2019-01-25 02:44:32,207462.42853209,0.000001080000000000000035831255497387193287295303889550268650054931640625,0.000000000038610756000000006,6493050,2019-01-25 02:44:32,btc,85023.03793723314,0.0,0.000001080000000000000035831255497387193287295303889550268650054931640625,btc,43675.73520027,0.000146250909087,0.0348620860622024,213
1,[],5,[],2019-02-18 07:38:29,2.95e-06,0.00000029,0.000000000010859456,6704794,2019-02-18 07:38:29,btc,0.9910788,0.11445269,0.00000029,btc,2.899e-05,0.0,0.24879712,213
1,[],24,[],2019-02-18 07:38:29,0.0,0.000000050000,0.00000000000187232,6704795,2019-02-18 07:38:29,btc,0.0,0.0,0.000000050000,btc,0.0,0.0,0.0,213
1,[],26,[],2019-02-18 07:38:29,0.0,0.00000009,0.0000000000033701759999999998,6704796,2019-02-18 07:38:29,btc,0.0,0.0,0.00000009,btc,0.0,0.0,0.0,213
0,[],22,[],2019-02-18 07:38:32,0.0,0,0,6704797,2019-02-18 07:38:32,,2.19551377,0.0,0,,211112.59081706151,0.0,0.0,216
1,[],27,[],2019-02-18 07:38:36,5204157.5615,0.00000006,0.000000000002246784,6704798,2019-02-18 07:38:36,btc,362.0759367606,0.0,0.00000006,"btc,ltc",273491.775,0.0,0.05478726246,216
1,[],22,[],2019-02-18 07:38:39,191804.7251545866,0.00000189,0.00000000007077369599999999,6704799,2019-02-18 07:38:39,BTC,12677.11433606,0.0,0.00000189,BTC,451138.3108103337,0.01339273,0.21309562,217
1,[],7,[],2019-02-18 07:38:41,0.0,0,0,6704800,2019-02-18 07:38:41,btc,77969.6156418105,0.0,0,btc,137055636.5050253,0.0,0.0,219
0,[],27,[],2019-02-18 07:38:44,0.0,0,0,6704801,2019-02-18 07:38:44,,5.341833788316972,0.0,0,btc,1599140.99226595,0.0,0.0,219
0.0000000000000054,[],28,[],2019-02-18 07:38:50,168566769.653,2.4301080000000002e-18,9.09987962112e-23,6704802,2019-02-18 07:38:50,doge,84062.9976427895,14703.0,0.00045002,"btc,doge",4762557.44411,0.0,1.1924395374754351e-11,219
1,[],22,[],2019-02-18 07:38:54,244807.6,0.00000014,0.000000000005242496,6704803,2019-02-18 07:38:54,BTC,3.03110627,0.0,0.00000014,BTC,124292.57041875875,0.0,0.02637076,221
1,[],24,[],2019-02-18 07:38:54,0.0,0.000000170000,0.000000000006365888,6704804,2019-02-18 07:38:54,btc,0.0,28042.67826,0.000000170000,btc,0.0,0.00453642,0.0,221
1,[],20,[],2019-02-18 07:38:57,50869322.3415,0.000000002,0.0000000000000748928,6704805,2019-02-18 07:38:57,btc,47.9783305350875,255256.0808,0.000000002,btc,10158214.059,0.0007707393782,0.0517226281053,224
0,[],22,[],2019-02-18 07:38:59,0.0,0,0,6704806,2019-02-18 07:38:59,,0.0,0.0,0,,0.0,0.0,0.0,224
1,[],26,[],2019-02-18 07:39:00,0.0,0.00000033,0.000000000012357311999999999,6704807,2019-02-18 07:39:00,btc,0.0,0.0,0.00000033,btc,0.0,0.0,0.0,231
1,[],26,[],2019-02-18 07:39:00,0.0,0.00000006,0.000000000002246784,6704808,2019-02-18 07:39:00,btc,0.0,0.0,0.00000006,btc,0.0,0.0,0.0,234
0,[],27,[],2019-02-18 07:39:05,0.0,0,0,6704809,2019-02-18 07:39:05,,0.0113483662182,0.0,0,"btc,eth",11462.99618,0.0,0.0,234
0,[],22,[],2019-02-18 07:39:08,0.0,0,0,6704810,2019-02-18 07:39:08,,3.02211091,0.0,0,,107455782.06349206,0.0,0.0,235
1,[],4,[],2019-02-18 07:39:09,1111710.26406246,0.00000084,0.000000000031454976,6704811,2019-02-18 07:39:09,btc,0.501886845400676,0.0,0.00000084,btc,350957.22000319,0.06779119,0.4093508117681511,236
1,[],24,[],2019-02-18 07:39:09,0.0,0.000000020010,0.000000000000749302464,6704812,2019-02-18 07:39:09,btc,0.0,0.0,0.000000020010,btc,0.0,0.0,0.0,236
1,[],20,[],2019-02-18 07:39:11,74174486.2508,0.000000077,0.0000000000028833728,6704813,2019-02-18 07:39:11,btc,16.0978688796763,23830128.309,0.000000077,btc,35696129.4651,1.9238190118463,0.9017809903525,237
1,[],22,[],2019-02-18 07:39:16,116403.0,0.00000004,0.000000000001497856,6704814,2019-02-18 07:39:16,BTC,0.0405823,0.0,0.00000004,"BTC,LTC",3164.0,0.0,0.00482009,237
1,[],4,[],2019-02-18 07:39:17,5483990.07641078,0.00000033,0.000000000012357311999999999,6704815,2019-02-18 07:39:17,btc,0.4742923219200684,0.0,0.00000033,btc,1306655.41882615,0.07478558,1.6873884071945504,238
1,[],5,[],2019-02-18 07:39:19,4.43e-06,0.00000033,0.000000000012357311999999999,6704816,2019-02-18 07:39:19,btc,0.78936133,0.00037686,0.00000033,btc,3.008e-05,0.0,0.29099209,238
0,[],22,[],2019-02-18 07:39:22,0.0,0,0,6704817,2019-02-18 07:39:22,,1978.15996288,0.0,0,,370860.0639027493,0.0,0.0,249
0.0000000001187119,[],22,[],2019-02-18 07:39:25,7021097.666666667,3.561357e-18,1.333599987648e-22,6704818,2019-02-18 07:39:25,LTC,0.56670218,0.0,0.00000003,LTC,15147487.09,1.6625601595e-14,0.20963595,252
1,[],28,[],2019-02-18 07:39:32,4391956.698,0.0000001,0.00000000000374464,6704819,2019-02-18 07:39:32,btc,164693.69249005214,14146.5,0.0000001,btc,1044622.2751,0.0,0.2663411375,256
1,[],22,[],2019-02-18 07:39:37,1494873.6666666667,0.00000003,0.000000000001123392,6704820,2019-02-18 07:39:37,BTC,30.15633433,0.0,0.00000003,BTC,391113.92423192423,0.00042873,0.04370093,258
1,[],22,[],2019-02-18 07:39:40,49651.0,0.00000002,0.000000000000748928,6704821,2019-02-18 07:39:40,BTC,2.629917,0.0,0.00000002,BTC,1762.0,0.0,0.00050551,259
1,[],22,[],2019-02-18 07:40:00,10540.0,0.00001220,0.00000000045684608,6704822,2019-02-18 07:40:00,BTC,1293.02494735,0.0,0.00001220,"BTC,LTC",6073.977338492881,0.0,0.01253465,262
1,[],5,[],2019-02-18 07:40:02,9.78e-06,0.00000125,0.000000000046808,6704823,2019-02-18 07:40:02,btc,0.6222242,0.00503868,0.00000125,btc,0.00028871,0.0,0.15848358,264
1,[],20,[],2019-02-18 07:40:03,1219124.3371,0.000004004,0.0000000001499353856,6704824,2019-02-18 07:40:03,btc,7.3247985176738,75427.7828,0.000004004,btc,83875.3821,0.205822592258,0.0210871085485,264
1,[],22,[],2019-02-18 07:40:07,69663.5,0.00000002,0.000000000000748928,6704825,2019-02-18 07:40:07,BTC,8.50078806,0.0,0.00000002,BTC,408009.1588548506,7.886e-05,0.00089564,271
0,[],22,[],2019-02-18 07:40:10,0.0,0,0,6704826,2019-02-18 07:40:10,,385.44178703,0.0,0,,15173097515.9,0.0,0.0,272
0.0000000000000054,[],28,[],2019-02-18 07:40:23,214453613274.711,4.374e-21,1.6379055360000002e-25,6704827,2019-02-18 07:40:23,doge,441833764.14415807,32947842841.9992,0.00000081,doge,197224578767.20148,0.0,5.87570761730177e-10,272
1,[],22,[],2019-02-18 07:40:27,25563.363076923077,0.00001500,0.000000000561696,6704828,2019-02-18 07:40:27,BTC,74.24524289,0.0,0.00001500,"BTC,LTC",4195.787545323318,0.00365968,0.10087415,281
