pairValue,buyBook,exchangeId,sellBook,updated,buyTotal,satoshiPrice,usdPrice,exchangeLogId,created,bestPair,sellTotalBtc,volume,pairPrice,activePairs,sellTotal,volumeBtc,buyTotalBtc,coinId
1,[],3,[],2019-02-11 18:49:29,131.030399360721,0.01317245000000000047790660318014488439075648784637451171875,0.000000479607587255,6637086,2019-02-11 18:49:29,btc,107.09688431938888,0.019595272549,0.01317245000000000047790660318014488439075648784637451171875,btc,23.568689026471002,0.0,0.2928783242440152,1
1,[],4,[],2019-02-11 18:49:30,110.86394715,0.01325200,0.0000004825039948,6637087,2019-02-11 18:49:30,btc,1.0343428988309602,0.0,0.01325200,btc,74.67279751,0.70045573,1.180329149234147,1
1,[],5,[],2019-02-11 18:49:32,0.31192669,0.01300096,0.00000047336365350399997,6637088,2019-02-11 18:49:32,btc,14577.90471307,3.771e-05,0.01300096,btc,35555556.04462136,0.0,2.63814061,1
1,[],10,[],2019-02-11 18:49:34,414493.32423767,0.01220001,0.00000044420114409900003,6637089,2019-02-11 18:49:34,btc,6531.425999901258,1548.46182803,0.01220001,btc,891.62224321,0.0,3.958055525220048,1
1,[],12,[],2019-02-11 18:49:37,10436.81073393,0.01307000000000000002053912595556539599783718585968017578125,0.00000047587739299999996,6637090,2019-02-11 18:49:37,btc,0.4668885583889,0.0,0.01307000000000000002053912595556539599783718585968017578125,btc,28.09307394,1.1764424638026,0.3671186134117,1
1,[],20,[],2019-02-11 18:49:43,1151.3756,0.010400104,0.0000003786667466296,6637091,2019-02-11 18:49:43,btc,0.0573537536243,0.0,0.010400104,btc,2.5253,0.0,0.0832230535083,1
1,[],21,[],2019-02-11 18:49:44,2455.93477446,0.01320000999999999986844745337,0.000000480611044099,6637092,2019-02-11 18:49:44,btc,15.835650485889047,4350.20955669,0.01320000999999999986844745336611595121212303638458251953125,"btc,eth",1719.76649807,52.16545642101921,17.30714607660459,1
1,[],22,[],2019-02-11 18:49:48,0.0280576,0.01350000,0.00000049153365,6637093,2019-02-11 18:49:48,BTC,0.3139634,0.0,0.01350000,BTC,0.10070366666666666,1.62e-05,0.00036518,1
1,[],24,[],2019-02-11 18:49:49,0.0,0.000000000000,0,6637094,2019-02-11 18:49:49,btc,0.0,0.0,0.000000000000,btc,0.0,0.0,0.0,1
0.0,[],25,[],2019-02-11 18:49:50,0.0,0,0,6637095,2019-02-11 18:49:50,btc,25.03349999703169,690.79948921,0.0,btc,1840.85627939,9.1753,0.0,1
1,[],26,[],2019-02-11 18:50:00,0.0,0,0,6637096,2019-02-11 18:50:00,,0.0,0.0,0,,0.0,0.0,0.0,1
1,[],28,[],2019-02-11 18:50:06,992.968,0.01231000,0.00000044820586899999996,6637097,2019-02-11 18:50:06,btc,0.163517306,17996.45,0.01231000,btc,8.95,0.0,0.086870176,1
0,[],2,[],2019-01-20 23:28:45,0.0,0,0,6477011,2019-01-20 23:28:45,,0.0,0.0,0,,0.0,0.0,0.0,1
1,[],5,[],2019-02-11 18:50:08,8.23e-06,0.00000049,0.000000000017840851,6637098,2019-02-11 18:50:08,btc,0.1480919,0.07336395,0.00000049,btc,6.169e-05,0.0,0.15380866,2
1,[],22,[],2019-02-11 18:50:13,1348.0,0.00000018,0.000000000006553782,6637099,2019-02-11 18:50:13,BTC,4.22139106,0.0,0.00000018,"BTC,XMR",14654.709143333333,0.0,0.00091235,2
1,[],5,[],2019-02-11 18:50:14,1.12e-06,0.00000016,0.000000000005825583999999999,6637100,2019-02-11 18:50:14,btc,4.33137069,0.00414441,0.00000016,btc,2.278e-05,0.0,2.89842162,3
1,[],12,[],2019-02-11 18:50:15,12113628.80878449,0.000000167,0.0000000000060804533,6637101,2019-02-11 18:50:15,btc,923494.5755576701,0.0,0.000000167,btc,8361469.98143074,0.03400050232704351,0.4877869751557716,3
0,[],28,[],2019-02-11 18:50:20,0.0,0,0,6637102,2019-02-11 18:50:20,,0.0,0.0,0,,0.0,0.0,0.0,3
0,[],2,[],2019-01-20 23:31:32,0.0,0,0,6477077,2019-01-20 23:31:32,,0.0,0.0,0,,0.0,0.0,0.0,4
1,[],4,[],2019-02-11 18:50:20,393321.46891834,0.00000033,0.000000000012015266999999999,6637103,2019-02-11 18:50:20,btc,0.3813419301034616,0.0,0.00000033,btc,338565.10181884,0.00148985,0.052294280466178,4
1,[],12,[],2019-02-11 18:50:22,1574078.67700001,0.00000005,0.0000000000018204949999999997,6637104,2019-02-11 18:50:22,btc,11113878.352124901,0.0,0.00000005,btc,1001384.27743282,0.001532757492507,0.0268554981900005,5
0,[],2,[],2019-01-20 23:31:51,0.0,0,0,6477087,2019-01-20 23:31:51,,0.0,0.0,0,,0.0,0.0,0.0,6
1,[],11,[],2019-02-11 18:50:24,1013270.9999525,0.00000002,0.000000000000728198,6637105,2019-02-11 18:50:24,btc,9433.30688095041,694817.5,0.00000002,btc,40403947.85665806,0.0,0.01157511499905,6
1,[],3,[],2019-02-11 18:50:24,1074.273146428111,0.00014521000000000000053346216333238771767355501651763916015625,0.000000005287081579,6637106,2019-02-11 18:50:24,btc,28.399990609446498,0.0,0.00014521000000000000053346216333238771767355501651763916015625,btc,235.145665820227,0.0,0.031531977816658056,7
1,[],4,[],2019-02-11 18:50:25,23924.73348677,0.00019102,0.000000006955019098,6637107,2019-02-11 18:50:25,btc,1.459165152880184,0.0,0.00019102,btc,7079.34205024,2.22837723,3.9335361138319103,7
1,[],5,[],2019-02-11 18:50:27,0.00543847,0.00018900,0.000000006881471099999999,6637108,2019-02-11 18:50:27,btc,1.4428672,0.19181188,0.00018900,btc,0.01187801,0.0,1.59476097,7
1,[],20,[],2019-02-11 18:50:28,59781135.5697,0.000000001,0.0000000000000364099,6637109,2019-02-11 18:50:28,btc,116.5923532606651,315535.1265,0.000000001,btc,33662875.6586,0.0003155351265,0.0597811355697,8
1,[],1,[],2019-02-11 18:50:29,1412637.26,0.000001959999999999999868954651816022050070387194864451885223388671875,0.00000000007136340399999999,6637110,2019-02-11 18:50:29,btc,5.1036461457,14869217.4,0.000001959999999999999868954651816022050070387194864451885223388671875,btc,2543332.4,29.23007488,2.7326939303,9
1,[],4,[],2019-02-11 18:50:30,659368.67384379,0.00000195,0.00000000007099930499999999,6637111,2019-02-11 18:50:30,btc,0.8077939509818464,0.0,0.00000195,btc,403326.17119387,1.22330693,1.243653179022613,9
1,[],28,[],2019-02-11 18:50:32,34500.0,0.00000165,0.000000000060076335,6637112,2019-02-11 18:50:32,btc,2708.767537584,3493496.0,0.00000165,btc,15216.36,0.0,0.02854,9
0,[],2,[],2019-01-20 23:22:42,0.0,0,0,6476876,2019-01-20 23:22:42,,0.0,0.0,0,,0.0,0.0,0.0,9
0,[],23,[],2019-01-20 23:22:48,0.0,0,0,6476878,2019-01-20 23:22:48,,0.0,0.0,0,,0.0,0.0,0.0,9
1,[],4,[],2019-02-10 09:54:02,5828483.02026053,0.00000002,0.000000000000726692,6623074,2019-02-10 09:54:02,btc,0.2014004865591215,0.0,0.00000002,btc,4198675.28035349,0.00021932,0.0653957035452106,10
1,[],4,[],2019-02-11 18:50:33,1880178.08738705,0.00000144,0.000000000052430256,6637113,2019-02-11 18:50:33,btc,1.3324803533184566,0.0,0.00000144,btc,867745.5923388,1.21965998,2.5749200132674206,12
1,[],5,[],2019-02-11 18:50:36,2.103e-05,0.00000140,0.00000000005097386,6637114,2019-02-11 18:50:36,btc,0.44237153,0.53337884,0.00000140,btc,0.00010734,0.0,0.28506081,12
0.0,[],25,[],2019-02-11 18:50:38,0.0,0,0,6637115,2019-02-11 18:50:38,,0.0,0.0,0.0,btc,0.0,0.0,0.0,12
0,[],2,[],2019-01-20 23:23:08,0.0,0,0,6476890,2019-01-20 23:23:08,,0.0,0.0,0,,0.0,0.0,0.0,12
1,[],4,[],2019-02-11 18:50:38,1302586.75482673,0.00000615,0.000000000223920885,6637116,2019-02-11 18:50:38,btc,0.8941547431181694,0.0,0.00000615,btc,128828.49329606,0.61858215,1.2426924289167463,13
1,[],10,[],2019-02-11 18:50:40,441151.10177684,0.00000579,0.00000000021081332099999997,6637117,2019-02-11 18:50:40,btc,666806.4191437591,6796.68873411,0.00000579,btc,745675.04755133,0.0,0.3508971643241422,13
1,[],21,[],2019-02-11 18:50:42,1045654.94392477,0.000006049999999999999673286517343,0.00000000022027989499999999,6637118,2019-02-11 18:50:42,btc,3.9269272338791943,1010981.7383212,0.000006049999999999999673286517343218093856194172985851764678955078125,btc,579461.87429743,6.21923088,4.1604627290156175,13
1,[],4,[],2019-02-11 18:50:43,1079219.54943106,0.00000137,0.000000000049881563,6637119,2019-02-11 18:50:43,btc,0.1395771975776787,0.0,0.00000137,btc,78552.88256205,0.01319402,0.4762375948716267,14
1,[],12,[],2019-02-11 18:50:44,92471.2231405,0.000001239999999999999986239306026813977723577409051358699798583984375,0.000000000045148276,6637120,2019-02-11 18:50:44,btc,1.7668897840232891,0.0,0.000001239999999999999986239306026813977723577409051358699798583984375,btc,28860.33636749,6.273e-05,0.015134860000005,14
0,[],17,[],2019-02-11 18:50:45,0.0,0,0,6637121,2019-02-11 18:50:45,btc,0.0,0.0,0,btc,0.0,0.0,0.0,14
1,[],26,[],2019-02-11 18:50:46,0.0,0.00000050,0.00000000001820495,6637122,2019-02-11 18:50:46,btc,0.0,0.0,0.00000050,btc,0.0,0.0,0.0,14
0,[],4,[],2019-02-11 18:50:47,0.0,0,0,6637123,2019-02-11 18:50:47,,0.0,0.0,0,,0.0,0.0,0.0,15
,[],12,[],2018-12-01 15:15:48,204241.84496,0.00000489,0.000000000202473384,5260204,2018-12-01 15:15:48,btc,49.5475654835,0.0,,btc,35763.2193806,0.0163153972027625,0.0203389899998,15
1,[],4,[],2019-02-11 18:50:48,23590.29748873,0.00001745,0.000000000635352755,6637124,2019-02-11 18:50:48,btc,2.4375075461582747,0.0,0.00001745,btc,19140.20292189,0.01637996,0.0407019988286562,18
1,[],10,[],2019-02-11 18:50:50,789321.17712831,0.0000184,0.00000000066994216,6637125,2019-02-11 18:50:50,btc,15.53529711008975,329.93743233,0.0000184,btc,10419.16742853,0.0,0.3019506928572426,18
1,[],12,[],2019-02-11 18:50:52,204203.98429016,0.00001783000000000000038959287185225122129850205965340137481689453125,0.000000000649188517,6637126,2019-02-11 18:50:52,btc,21.66203473784984,0.0,0.00001783000000000000038959287185225122129850205965340137481689453125,btc,1820.26259192,2.91229597e-05,0.032729420052872396,18
0,[],17,[],2019-02-11 18:50:53,0.0,0,0,6637127,2019-02-11 18:50:53,btc,0.0,0.0,0,btc,0.0,0.0,0.0,18
0,[],2,[],2019-01-20 23:23:38,0.0,0,0,6476906,2019-01-20 23:23:38,,0.0,0.0,0,,0.0,0.0,0.0,18
1,[],3,[],2019-02-11 18:50:54,129649.59871618681,0.0000250099999999999994082337806400317958832602016627788543701171875,0.000000000910611599,6637128,2019-02-11 18:50:54,btc,0.4672449630434957,0.0,0.0000250099999999999994082337806400317958832602016627788543701171875,btc,5018.393100515442,0.0,0.09980301493181616,19
1,[],4,[],2019-02-11 18:50:56,224440.22281199,0.00002861,0.000000001041687239,6637129,2019-02-11 18:50:56,btc,0.349505111904582,0.0,0.00002861,btc,10650.62930202,0.6341998,2.66823759579605,19
1,[],5,[],2019-02-11 18:50:57,0.00024428,0.00002521,0.000000000917893579,6637130,2019-02-11 18:50:57,btc,0.23048573,0.00021616,0.00002521,btc,0.00292688,0.0,0.07690917,19
1,[],12,[],2019-02-11 18:50:58,134777.39508217,0.000023790000000000000924572918226118645179667510092258453369140625,0.000000000866191521,6637131,2019-02-11 18:50:58,btc,0.030289619718922602,0.0,0.000023790000000000000924572918226118645179667510092258453369140625,btc,313.64095945,0.0,0.0318149690048243,19
0,[],27,[],2019-02-11 18:51:00,0.0,0,0,6637132,2019-02-11 18:51:00,,0.0,0.0,0,btc,0.0,0.0,0.0,19
0,[],2,[],2019-01-20 23:24:19,0.0,0,0,6476924,2019-01-20 23:24:19,,0.0,0.0,0,,0.0,0.0,0.0,19
1,[],4,[],2019-02-11 18:51:00,8246276.30099508,0.00000015,0.000000000005461485,6637133,2019-02-11 18:51:00,btc,0.7687784087825957,0.0,0.00000015,btc,1574056.40843545,0.0060426,0.2847909977503537,20
1,[],4,[],2019-02-11 18:51:02,111640294.18584271,0.00000002,0.0000000000007281979999999999,6637134,2019-02-11 18:51:02,btc,0.6231021459510098,0.0,0.00000002,btc,17146788.24575441,0.02536472,1.3009730879266945,21
1,[],12,[],2019-02-11 18:51:03,17624470.0,0.00000002,0.000000000000728198,6637135,2019-02-11 18:51:03,btc,669.7258355491022,0.0,0.00000002,btc,8580204.84915351,0.0276,0.22552968,21
0,[],17,[],2019-02-11 18:51:04,0.0,0,0,6637136,2019-02-11 18:51:04,btc,0.0,0.0,0,btc,0.0,0.0,0.0,21
1,[],12,[],2019-02-11 18:51:06,2904286605.043896,0.0000000002,0.00000000000000728198,6637137,2019-02-11 18:51:06,btc,825864718658.6882,0.0,0.0000000002,btc,4294253282.400802,0.006232638321678446,0.3335447214555898,23
0,[],27,[],2019-02-11 18:51:08,0.0,0,0,6637138,2019-02-11 18:51:08,,0.7240921565934114,0.0,0,eth,727098.85514486,0.0,0.0,23
1,[],4,[],2019-02-11 18:51:09,377929.5216963,0.00000065,0.000000000023666434999999998,6637139,2019-02-11 18:51:09,btc,0.1642526070598509,0.0,0.00000065,btc,150767.55455994,0.02879762,0.1902550845809269,24
1,[],22,[],2019-02-11 18:51:13,11.76,0.00000100,0.0000000000364099,6637140,2019-02-11 18:51:13,BTC,7.415e-05,0.0,0.00000100,BTC,23.919354838709676,0.0,1.176e-05,24
0.0,[],25,[],2019-02-11 18:51:15,0.0,0,0,6637141,2019-02-11 18:51:15,,0.0,0.0,0.0,btc,0.0,0.0,0.0,24
1,[],4,[],2019-02-11 18:51:16,27834029.64511103,0.00000581,0.00000000021154151899999998,6637142,2019-02-11 18:51:16,btc,0.5118627781260137,0.0,0.00000581,btc,50250.10638091,0.09675859,0.4092980518158688,26
1,[],10,[],2019-02-11 18:51:18,730947.4321827,0.00000601,0.00000000021882349899999998,6637143,2019-02-11 18:51:18,btc,25.915728239321066,0.0,0.00000601,btc,13164.47848257,0.0,0.213205382896882,26
0,[],2,[],2019-01-20 23:25:56,0.0,0,0,6476976,2019-01-20 23:25:56,,0.0,0.0,0,,0.0,0.0,0.0,26
1,[],3,[],2019-02-11 18:51:18,4738722.0,0.00000001,0.000000000000364099,6637144,2019-02-11 18:51:18,btc,2.5118346426117757,171951.039432,0.00000001,btc,16318822.24773268,0.0,0.04738722,27
1,[],5,[],2019-02-11 18:51:21,1e-08,0.00000001,0.00000000000036409899999999996,6637145,2019-02-11 18:51:21,btc,1.59370642,0.00029891,0.00000001,btc,4.577e-05,0.0,0.11923465,27
1,[],11,[],2019-02-11 18:51:22,10063996.7912115,0.00000005,0.0000000000018204949999999997,6637146,2019-02-11 18:51:22,btc,370.63310344475406,219.9,0.00000005,btc,8170877.7193934005,0.0,0.4661006184459823,27
1,[],4,[],2019-02-11 18:51:23,523401410.3348614,0.00000002,0.0000000000007281979999999999,6637147,2019-02-11 18:51:23,btc,0.2444638287971472,0.0,0.00000002,"btc,ltc",26677583.97922305,0.30400582,7.153876701705012,29
1,[],7,[],2019-02-11 18:51:24,29035416.775896247,0.00000002,0.000000000000728198,6637148,2019-02-11 18:51:24,btc,44465207.127922386,8676.13668053,0.00000002,btc,52569078.26659874,0.0002529,0.4259103721086603,29
1,[],4,[],2019-02-11 18:51:26,1586034.76872956,0.00000028,0.000000000010194772,6637149,2019-02-11 18:51:26,btc,0.1999717868550414,0.0,0.00000028,btc,427111.70212775,0.00758177,0.1376415725222689,30
0,[],17,[],2019-02-11 18:51:28,0.0,0,0,6637150,2019-02-11 18:51:28,btc,0.0,0.0,0,btc,0.0,0.0,0.0,30
1,[],4,[],2019-02-11 18:51:28,1763350.00516201,0.00006300,0.0000000022938236999999998,6637151,2019-02-11 18:51:28,btc,1.0422500469760896,0.0,0.00006300,btc,13095.17773356,1.15289022,2.661054160136345,31
1,[],21,[],2019-02-11 18:51:31,61592.58663269,0.00006439999999999999327413013894,0.0000000023447975599999995,6637152,2019-02-11 18:51:31,btc,2.1681325306506958,97483.55710452,0.0000643999999999999932741301389427235335460864007472991943359375,btc,31062.05747241,6.26698666,3.6800275758407452,31
0,[],2,[],2019-01-20 23:28:43,0.0,0,0,6477009,2019-01-20 23:28:43,,0.0,0.0,0,,0.0,0.0,0.0,32
1,[],4,[],2019-02-11 18:51:32,134026457.69242372,0.00000004,0.0000000000014563959999999998,6637153,2019-02-11 18:51:32,btc,2.1040004127919882,0.0,0.00000004,"btc,ltc",45810971.66069297,0.26371624,1.8721482672492233,33
1,[],12,[],2019-02-11 18:51:33,12149059.0,0.00000005,0.0000000000018204949999999997,6637154,2019-02-11 18:51:33,btc,34509093.83961917,0.0,0.00000005,btc,89768937.00199784,0.0802012993006986,0.37136613,33
1,[],4,[],2019-02-11 18:51:34,119713773.20615792,0.00000002,0.0000000000007281979999999999,6637155,2019-02-11 18:51:34,btc,0.7469392382411442,0.0,0.00000002,btc,24897974.60803814,0.10473307,1.2188124952515793,34
1,[],5,[],2019-02-11 18:51:35,1e-08,0.00000001,0.00000000000036409899999999996,6637156,2019-02-11 18:51:35,btc,4.27518241,1.07410556,0.00000001,btc,1.394e-05,0.0,0.73531939,34
0.0000000001177974,[],4,[],2019-02-11 18:51:37,692759635.6765068,3.533922e-18,1.286697466278e-22,6637157,2019-02-11 18:51:37,ltc,1.0290104122962559e-08,0.0,0.00000003,ltc,1860064677.6895533,0.0,1.2357578901904077e-09,36
1,[],5,[],2019-02-11 18:51:38,0.0,0,0,6637158,2019-02-11 18:51:38,btc,197.40695613,0.0,0,btc,1.325e-05,0.0,0.0,36
0,[],17,[],2019-02-11 18:51:40,0.0,0,0,6637159,2019-02-11 18:51:40,btc,0.14155809867531394,0.0,0,btc,10796613.27743647,0.0,0.0,36
0.0000000001177974,[],27,[],2019-02-11 18:51:43,1000000.0,2.355948e-18,8.57798310852e-23,6637160,2019-02-11 18:51:43,ltc,240.2503276744,0.0,0.00000002,"ltc,eth",3711879.06,0.0,2.355948e-12,36
1,[],4,[],2019-02-11 18:51:44,274821.87524775,0.00000132,0.000000000048061067999999996,6637161,2019-02-11 18:51:44,btc,0.5411355538502584,0.0,0.00000132,btc,329704.16823619,0.15302308,0.1743231041583543,37
1,[],12,[],2019-02-11 18:51:46,391147.68342153,0.0000013299999999999999715787242504649867669286322779953479766845703125,0.000000000048425166999999996,6637162,2019-02-11 18:51:46,btc,1341.277569205228,0.0,0.0000013299999999999999715787242504649867669286322779953479766845703125,btc,744077.81051644,0.1372461279221067,0.1749235200000078,37
1,[],17,[],2019-02-11 18:51:47,1752.74075282,0.00000025,0.000000000009102474999999999,6637163,2019-02-11 18:51:47,btc,0.0554849239797086,0.0,0.00000025,btc,1387.19918473,0.0,0.00043818518820499993,37
1,[],27,[],2019-02-11 17:51:54,14852.0,0.0000005,0.00000000001815945,6636767,2019-02-11 17:51:54,btc,51.75602025030353,0.0,0.0000005,btc,29579.81438508,0.0,0.00488022,37
1,[],5,[],2019-02-11 18:02:42,1.62e-05,0.00000105,0.000000000038188395,6636968,2019-02-11 18:02:42,btc,0.10438102,0.11003644,0.00000105,btc,9.697e-05,0.0,0.04549805,42
1,[],12,[],2019-02-11 18:02:43,131069.51948503,0.000001069999999999999919816744131662034078544820658862590789794921875,0.000000000038915792999999995,6636969,2019-02-11 18:02:43,btc,93.36769342173719,0.0,0.000001069999999999999919816744131662034078544820658862590789794921875,btc,100542.43257886,0.036981161021313,0.0500652799999262,42
0,[],27,[],2019-02-11 18:02:45,0.0,0,0,6636970,2019-02-11 18:02:45,,0.00315028,0.0,0,"btc,eth",11.007,0.0,0.0,42
1,[],5,[],2019-02-11 18:02:47,6e-08,0.00000003,0.000000000001091097,6636971,2019-02-11 18:02:47,btc,6.25851383,0.00052003,0.00000003,btc,1.425e-05,0.0,0.56206155,43
1,[],12,[],2019-02-11 18:02:48,3951767.903,0.00000002,0.000000000000727398,6636972,2019-02-11 18:02:48,btc,20007456.492501527,0.0,0.00000002,btc,38967697.19920079,2.2e-06,0.03951772806,43
0,[],17,[],2019-02-11 18:02:50,0.0,0,0,6636973,2019-02-11 18:02:50,btc,0.0,0.0,0,btc,0.0,0.0,0.0,43
1,[],12,[],2019-02-11 18:02:51,760915.0,0.00000005,0.000000000001818495,6636974,2019-02-11 18:02:51,btc,11115166.91779671,0.0,0.00000005,btc,1021507.64235763,0.0029483000899094,0.02130255,44
1,[],4,[],2019-02-11 18:02:53,225376983.73602155,0.00000002,0.000000000000727398,6636975,2019-02-11 18:02:53,btc,0.19246547814995402,0.0,0.00000002,"btc,ltc",4618887.18819572,0.00393722,0.4296352376477461,49
0.0000000001178538,[],4,[],2019-02-11 18:02:54,2614101487.101079,1.178538e-18,4.28633092062e-23,6636976,2019-02-11 18:02:54,ltc,4.645173507316656,0.0,0.00000001,ltc,3085005624.009269,0.0,3.0808179384051313e-09,52
0,[],22,[],2019-02-11 09:44:56,0.0,0,0,6632671,2019-02-11 09:44:56,,3935.19376955,0.0,0,,263411682.90882352,0.0,0.0,57
0,[],27,[],2019-02-11 09:44:58,0.0,0,0,6632672,2019-02-11 09:44:58,,0.0,0.0,0,"btc,eth",0.0,0.0,0.0,57
0.0000000001178538,[],4,[],2019-02-11 18:02:54,1186650691.8423588,5.89269e-18,2.14316546031e-22,6636977,2019-02-11 18:02:54,ltc,3.279408607604578,0.0,0.00000005,ltc,929716188.3217124,0.00023558,3.6155180026140464e-09,58
1,[],12,[],2019-02-11 18:02:56,1929457436.843957,0.0000000005,0.00000000000001818495,6636978,2019-02-11 18:02:56,btc,224005489739.29062,0.0,0.0000000005,btc,3723350169.8444605,0.010393262302197784,0.6797813141011392,58
0,[],17,[],2019-02-11 18:02:57,0.0,0,0,6636979,2019-02-11 18:02:57,btc,1e+24,0.0,0,btc,41481695.95832568,0.0,0.0,58
0.000000000130364,[],22,[],2019-02-11 18:03:00,137438.0,1.30364e-18,4.7413256435999997e-23,6636980,2019-02-11 18:03:00,XMR,69.8835922,0.0,0.00000001,XMR,9887963.0,0.0,0.00137438,58
1,[],5,[],2019-02-11 18:03:02,1.372e-05,0.00000085,0.000000000030914414999999996,6636981,2019-02-11 18:03:02,btc,0.28763105,0.02404581,0.00000085,btc,0.00017169,0.0,0.07240799,61
1,[],22,[],2019-02-11 18:03:06,5149.5,0.00000011,0.000000000004000689,6636982,2019-02-11 18:03:06,BTC,1002.29598212,0.0,0.00000011,BTC,14957.700278135757,0.0,0.00051596,61
1,[],26,[],2019-02-11 18:03:06,0.0,0.00000800,0.0000000002909592,6636983,2019-02-11 18:03:06,btc,0.0,0.0,0.00000800,btc,0.0,0.0,0.0,61
1,[],27,[],2019-02-11 18:03:08,12554.3559,0.00000059,0.000000000021458241,6636984,2019-02-11 18:03:08,btc,10.764440334806674,0.0,0.00000059,"btc,eth",15310.44146575,0.0,0.001386389982757732,61
1,[],28,[],2019-02-11 18:03:10,19904.304,0.00000101,0.000000000036733598999999995,6636985,2019-02-11 18:03:10,btc,2.056400593700105,705.0,0.00000101,btc,9787.52450005,0.0,0.00994531304,61
1,[],4,[],2019-02-11 17:52:25,507137.09472326,0.00000244,0.000000000088618116,6636786,2019-02-11 17:52:25,btc,1.0673850300083358,0.0,0.00000244,btc,269342.02932783,0.09347365,0.7424842631754107,67
0.0,[],25,[],2019-02-11 17:52:26,0.0,0,0,6636787,2019-02-11 17:52:26,,0.0,0.0,0.0,btc,0.0,0.0,0.0,67
1,[],12,[],2019-02-11 18:03:11,2773541.33250749,0.0000003,0.000000000010910969999999999,6636986,2019-02-11 18:03:11,btc,11115896.084221613,0.0,0.0000003,btc,1624935.47132168,0.0348184318081959,0.1083420755320185,71
,[],5,[],2018-11-20 23:02:39,1.5e-07,0.00000005,0.000000000002128045,4862160,2018-11-20 23:02:39,btc,2.84511358,0.0,,btc,0.00036572,0.0,0.07381892,74
1,[],5,[],2019-01-25 15:53:51,3.303e-05,0.00000156,0.000000000055588884,6499610,2019-01-25 15:53:51,btc,1.42844212,0.0,0.00000156,btc,0.00015937,0.0,0.49487621,75
0,[],20,[],2019-01-25 09:30:31,0.0,0,0,6495923,2019-01-25 09:30:31,btc,0.0,0.0,0,btc,0.0,0.0,0.0,81
1,[],4,[],2019-02-11 18:03:13,42510294.16892337,0.00000001,0.000000000000363699,6636987,2019-02-11 18:03:13,btc,0.7675855249914513,0.0,0.00000001,btc,14662066.58791845,0.0,0.4251029416892337,81
1,[],4,[],2019-02-11 18:03:15,23860.43792739,0.00007410,0.00000000269500959,6636988,2019-02-11 18:03:15,btc,0.8926984300589969,0.0,0.00007410,btc,8039.16831006,0.00516002,0.0919488724363738,82
1,[],21,[],2019-02-11 18:03:15,64704.377846489995,0.00007511999999999999905707370740,0.0000000027321068879999997,6636989,2019-02-11 18:03:15,btc,3.436426493713288,3280.19857141,0.00007511999999999999905707370739804673576145432889461517333984375,btc,39898.01117089,0.24658501,2.9401456539995663,82
0,[],17,[],2019-02-07 10:02:39,0.0,0,0,6611495,2019-02-07 10:02:39,btc,0.0447233088476774,0.0,0,btc,999127.19588126,0.0,0.0,84
0.0000000001178538,[],4,[],2019-02-11 18:03:17,152830877.50187042,1.0606842e-17,3.8576978285579997e-22,6636990,2019-02-11 18:03:17,ltc,0.19569063246400653,0.0,0.00000009,ltc,76206999.8994605,0.0,7.168776455181692e-10,85
,[],22,[],2018-11-20 23:09:34,3408.1,0.0000001,0.0000000000041895,4862324,2018-11-20 23:09:34,BTC,0.04624735,0.0,,BTC,4990.0,0.0,0.00033081,86
0,[],22,[],2019-02-11 18:03:20,0.0,0,0,6636991,2019-02-11 18:03:20,,2.0760781,0.0,0,,140622.94736842104,0.0,0.0,87
0,[],27,[],2019-02-11 18:03:22,0.0,0,0,6636992,2019-02-11 18:03:22,,0.0,0.0,0,btc,0.0,0.0,0.0,87
,[],2,[],2018-11-20 23:10:47,0.0,0,0,4862359,2018-11-20 23:10:47,,0.0,0.0,,,0.0,0.0,0.0,88
1,[],11,[],2019-02-11 18:03:24,94420.015326,0.0001530500000000000067855443486308786305016838014125823974609375,0.000000005566413195,6636993,2019-02-11 18:03:24,btc,702.3084012839378,1399.45246475,0.0001530500000000000067855443486308786305016838014125823974609375,btc,187475.81573475,0.0,6.2485438606929975,89
0,[],2,[],2019-01-20 23:31:45,0.0,0,0,6477083,2019-01-20 23:31:45,,0.0,0.0,0,,0.0,0.0,0.0,91
1,[],12,[],2019-02-11 13:47:32,437960.33682877,0.000003019999999999999884515121395534009707262157462537288665771484375,0.000000000109760692,6634220,2019-02-11 13:47:32,btc,1115.1226716710362,0.0,0.000003019999999999999884515121395534009707262157462537288665771484375,btc,41720.28046543,0.0086842655559191,0.0662389005708671,91
0,[],17,[],2019-02-11 13:47:34,0.0,0,0,6634221,2019-02-11 13:47:34,btc,0.0,0.0,0,btc,0.0,0.0,0.0,91
0.0000000001178538,[],22,[],2019-02-11 18:03:36,23303133.4,5.89269e-18,2.14316546031e-22,6636994,2019-02-11 18:03:36,LTC,8.17576354,0.0,0.00000005,LTC,67492261.1,5.307055611192e-12,0.89647531,95
1,[],4,[],2019-02-11 18:03:37,136138962.599352,0.00000001,0.000000000000363699,6636995,2019-02-11 18:03:37,btc,0.9622962391694545,0.0,0.00000001,"btc,ltc",48005237.5643683,0.00673244,0.014077541785484036,96
1,[],12,[],2019-02-11 18:03:38,759873.0,0.00000001,0.000000000000363699,6636996,2019-02-11 18:03:38,btc,255063.4736351099,0.0,0.00000001,btc,8812348.54676297,0.00055735,0.007598730000000001,96
0,[],17,[],2019-02-11 18:03:40,0.0,0,0,6636997,2019-02-11 18:03:40,btc,0.0,0.0,0,btc,0.0,0.0,0.0,96
1,[],4,[],2019-02-11 18:03:40,1770118.50518424,0.00000032,0.000000000011638368,6636998,2019-02-11 18:03:40,btc,0.117690094886433,0.0,0.00000032,btc,264549.57269709,0.00872307,0.2116023780379114,99
0,[],2,[],2019-01-20 23:23:55,0.0,0,0,6476914,2019-01-20 23:23:55,,0.0,0.0,0,,0.0,0.0,0.0,100
1,[],4,[],2019-02-11 18:03:41,210638.16068379,0.00004182,0.0000000015209892179999999,6636999,2019-02-11 18:03:41,btc,1.7915812864349216,0.0,0.00004182,btc,38216.47204368,1.54441355,1.202843106109903,100
0,[],22,[],2019-02-11 18:05:43,50000.0,0,0,6637000,2019-02-11 18:05:43,,23.49896609,0.0,0,,10277.22,0.0,0.0005,101
1,[],4,[],2019-02-11 18:05:44,116066.80749739,0.00000102,0.000000000037097298,6637001,2019-02-11 18:05:44,btc,0.4222597326271695,0.0,0.00000102,btc,160186.15851836,0.02030539,0.0660966884090913,103
1,[],12,[],2019-02-11 18:05:47,52781478.4663887,0.000000016,0.0000000000005819184,6637002,2019-02-11 18:05:47,btc,137278794.65331513,0.0,0.000000016,btc,128403013.07059622,0.04604993640759302,0.3110725014622192,105
1,[],27,[],2019-02-11 18:05:50,4209342.89,0.00000001,0.000000000000363699,6637003,2019-02-11 18:05:50,btc,1.62008275136923,0.0,0.00000001,btc,575169.42860553,0.0,0.0420934289,105
0,[],22,[],2019-02-11 18:05:52,0.0,0,0,6637004,2019-02-11 18:05:52,,1.07253299,0.0,0,,94300.0,0.0,0.0,107
1,[],26,[],2019-02-11 18:05:52,0.0,0.00000000,0,6637005,2019-02-11 18:05:52,btc,0.0,0.0,0.00000000,btc,0.0,0.0,0.0,107
1,[],5,[],2019-02-11 17:53:02,1e-08,0.00000001,0.000000000000363189,6636808,2019-02-11 17:53:02,btc,2.89340861,0.01218504,0.00000001,btc,1.571e-05,0.0,0.08636319,112
1,[],22,[],2019-02-11 17:53:06,189099.0,0.00000002,0.000000000000726378,6636809,2019-02-11 17:53:06,BTC,2.81183288,0.0,0.00000002,BTC,808524.0833333334,0.0,0.00189105,112
0.0000000003329475,[],27,[],2019-02-11 17:53:08,500000.0,3.3294749999999998e-18,1.209228695775e-22,6636810,2019-02-11 17:53:08,eth,1.35132491849924,0.0,0.00000001,"btc,eth",1328.641654,0.0,1.6647375e-12,112
1,[],4,[],2019-02-11 18:05:53,472264.18907648,0.00000334,0.00000000012147546599999998,6637006,2019-02-11 18:05:53,btc,0.2496984019252661,0.0,0.00000334,btc,57025.33418552,0.10057164,0.2828690048367679,113
1,[],5,[],2019-02-11 18:05:55,1.232e-05,0.00000320,0.00000000011638368,6637007,2019-02-11 18:05:55,btc,0.88316837,0.0,0.00000320,btc,0.00160736,0.0,0.29770362,113
1,[],17,[],2019-02-11 18:05:57,172038.724,0.00000004,0.000000000001454796,6637008,2019-02-11 18:05:57,btc,1.337363027454921,0.0001,0.00000004,btc,60896.221,0.0,0.0029815489599999997,116
0,[],27,[],2019-02-11 18:05:59,0.0,0,0,6637009,2019-02-11 18:05:59,,0.0,0.0,0,btc,0.0,0.0,0.0,116
1,[],4,[],2019-02-11 18:06:00,24754.24641084,0.00002701,0.000000000982350999,6637010,2019-02-11 18:06:00,btc,0.8237909518459959,0.0,0.00002701,btc,26484.08980308,4.76251869,0.5481270693172777,120
1,[],7,[],2019-02-11 18:06:01,6354.31792185,0.0000299800000000000009515131738080384593558846972882747650146484375,0.000000001090369602,6637011,2019-02-11 18:06:01,btc,115647.2948760826,52.67484043,0.0000299800000000000009515131738080384593558846972882747650146484375,btc,29657.89256801,0.00187635,0.0573466994798835,120
1,[],20,[],2019-02-11 17:53:22,1094534.6666,0.000000014,0.0000000000005084646,6636817,2019-02-11 17:53:22,btc,33.8688445501599,0.0,0.000000014,btc,1142782.3764,0.0,0.0052806482171,125
1,[],22,[],2019-02-11 18:06:07,3053.0,0.00000001,0.000000000000363699,6637012,2019-02-11 18:06:07,BTC,0.01444889,0.0,0.00000001,BTC,296264.5111111111,0.0,3.053e-05,126
0,[],2,[],2019-01-20 23:25:46,0.0,0,0,6476969,2019-01-20 23:25:46,,0.0,0.0,0,,0.0,0.0,0.0,131
1,[],4,[],2019-02-11 18:06:08,140825.69587301,0.00001415,0.000000000514634085,6637013,2019-02-11 18:06:08,btc,0.6404671075579156,0.0,0.00001415,btc,35310.10398975,0.14224944,0.6050329604087339,131
0,[],17,[],2019-02-11 18:06:10,0.0,0,0,6637014,2019-02-11 18:06:10,btc,0.0009561751951600001,0.0,0,btc,35.42829368,0.0,0.0,131
1,[],4,[],2019-02-11 18:06:11,4618.72413213,0.00016009,0.000000005822457291,6637015,2019-02-11 18:06:11,btc,1.6397450704738545,0.0,0.00016009,btc,295.92689166,0.0,0.0082576416605759,135
1,[],3,[],2019-02-11 18:06:11,1875334.19227397,0.00000006,0.000000000002182194,6637016,2019-02-11 18:06:11,btc,0.12396011445949519,15710.0,0.00000006,btc,428123.58715515,0.0,0.0704036194414789,136
1,[],4,[],2019-02-11 18:06:12,93530.31882338,0.00000172,0.000000000062556228,6637017,2019-02-11 18:06:12,btc,0.0629024584819265,0.0,0.00000172,btc,30091.85279421,0.03294558,0.1290052025863124,137
1,[],12,[],2019-02-11 18:06:13,308495.42731964,0.000001749999999999999973748754898694723891594549058936536312103271484375,0.000000000063647325,6637018,2019-02-11 18:06:13,btc,11982.946338839294,0.0,0.000001749999999999999973748754898694723891594549058936536312103271484375,btc,158108.23843048,0.0211018714552932,0.0478902669408988,137
1,[],4,[],2019-02-11 18:06:14,3674.25904322,0.00005665,0.000000002060354835,6637019,2019-02-11 18:06:14,btc,1.1648614747564434,0.0,0.00005665,btc,16116.32729663,2.38679135,0.1653294446701384,142
1,[],5,[],2019-02-11 18:06:15,0.00175476,0.00005151,0.0000000018734135489999998,6637020,2019-02-11 18:06:15,btc,1.91330174,2.8384635,0.00005151,btc,0.00359547,0.0,1.52732687,142
1,[],17,[],2019-02-11 18:06:17,22967.386363640002,0.00000088,0.000000000032005512,6637021,2019-02-11 18:06:17,btc,20.069913352564,0.0,0.00000088,btc,2746.079105,0.0,0.0104613000000032,142
1,[],20,[],2019-02-11 18:06:19,139660.5344,0.000050001,0.0000000018185313698999999,6637022,2019-02-11 18:06:19,btc,0.4132146264108,9451.5938,0.000050001,btc,3949.4598,0.7549210403048,0.2902984827294,142
1,[],22,[],2019-02-11 18:08:20,1621.4,0.00001020,0.00000000037097298,6637023,2019-02-11 18:08:20,BTC,3.0087007,0.0,0.00001020,BTC,897.0985020382753,0.0,0.00189903,142
0.0,[],25,[],2019-02-11 18:08:22,0.0,0,0,6637024,2019-02-11 18:08:22,,0.0,0.0,0.0,btc,0.0,0.0,0.0,142
1,[],28,[],2019-02-11 18:08:27,78053.0,0.00004500,0.0000000016366455,6637025,2019-02-11 18:08:27,btc,0.048809112,2396.3746,0.00004500,btc,249.5089,0.0,0.0602872,142
0,[],22,[],2019-02-11 18:08:29,0.0,0,0,6637026,2019-02-11 18:08:29,,68.2153069,0.0,0,,876105972.3,0.0,0.0,143
1,[],21,[],2019-02-11 18:08:31,46997359.34915507,0.00000029,0.000000000010547270999999998,6637027,2019-02-11 18:08:31,btc,39.51310098553291,5613052.30824888,0.00000029,btc,76447189.93001413,1.63455886,8.181843295273303,145
0,[],22,[],2019-02-10 17:04:30,0.0,0,0,6625727,2019-02-10 17:04:30,,4.25427726,0.0,0,,2259598.0,0.0,0.0,146
,[],22,[],2018-11-20 23:01:11,0.0,0,0,4862114,2018-11-20 23:01:11,,2.56807021,0.0,,,61828.4988236,0.0,0.0,147
1,[],12,[],2019-02-11 18:08:32,8679748.70195093,0.00000349999999999999994749750979738944778318909811787307262420654296875,0.00000000012729465,6637028,2019-02-11 18:08:32,btc,16.562741739863682,0.0,0.00000349999999999999994749750979738944778318909811787307262420654296875,btc,122161.71584867,0.038657562470881,0.1106105900000053,148
1,[],4,[],2019-02-11 17:53:52,391435.73542515,0.00000045,0.000000000016343505,6636835,2019-02-11 17:53:52,btc,0.7854299091257327,0.0,0.00000045,btc,586983.44659021,0.00056047,0.1177041520115168,152
0,[],22,[],2019-02-11 17:53:55,0.0,0,0,6636836,2019-02-11 17:53:55,,0.0,0.0,0,,0.0,0.0,0.0,152
1,[],5,[],2019-02-11 18:08:34,0.0,0,0,6637029,2019-02-11 18:08:34,btc,4.35601725,0.0,0,btc,0.0021126,0.0,0.0,153
,[],16,[],2019-01-11 15:38:59,0.0,0,0,6366141,2019-01-11 15:38:59,btc,0.0,0.0,,btc,0.0,0.0,0.0,155
0,[],23,[],2019-01-20 23:24:29,0.0,0,0,6476932,2019-01-20 23:24:29,,0.0,0.0,0,,0.0,0.0,0.0,156
0,[],22,[],2019-02-11 18:08:37,0.0,0,0,6637030,2019-02-11 18:08:37,,6.74578916,0.0,0,,4614557.242592593,0.0,0.0,156
1,[],22,[],2019-02-11 18:08:41,7906.0,0.00000801,0.000000000291322899,6637031,2019-02-11 18:08:41,BTC,43.78801181,0.0,0.00000801,BTC,1067.5805334758436,0.0,0.00743836,157
0,[],22,[],2019-02-11 18:08:44,0.0,0,0,6637032,2019-02-11 18:08:44,,50175.67558609,0.0,0,,54029136.04179466,0.0,0.0,158
,[],17,[],2018-11-20 22:56:10,0.0,0,0,4861976,2018-11-20 22:56:10,btc,1.1265625,0.0,,btc,1000.0,0.0,0.0,159
,[],20,[],2018-11-20 22:56:12,0.0,0,0,4861977,2018-11-20 22:56:12,btc,11912.7940471,0.0,,btc,34413894.3617,0.0,0.0,159
1,[],12,[],2019-02-11 18:08:45,186452.64111911,0.000007449999999999999821692110713033940783134312368929386138916015625,0.00000000027095575499999997,6637033,2019-02-11 18:08:45,btc,6.6632051988979875,0.0,0.000007449999999999999821692110713033940783134312368929386138916015625,btc,14905.950160460001,0.0070414279,0.0884853779999914,168
1,[],17,[],2019-02-11 18:08:47,29784.95,0.000001,0.0000000000363699,6637034,2019-02-11 18:08:47,btc,0.03026736251542,0.0,0.000001,btc,144.46171372,0.0,0.00716147,168
0,[],22,[],2019-02-11 18:08:50,0.0,0,0,6637035,2019-02-11 18:08:50,,1.14776715,0.0,0,,721548.0900917595,0.0,0.0,169
1,[],22,[],2019-02-11 18:08:53,245000.0,0.00000011,0.000000000004000689,6637036,2019-02-11 18:08:53,BTC,11.3317861,0.0,0.00000011,BTC,133310.7953486459,0.0,0.0224,171
1,[],22,[],2019-02-11 18:08:57,230377.04554865425,0.00000023,0.000000000008365077,6637037,2019-02-11 18:08:57,BTC,2.6547797,0.0,0.00000023,BTC,236744.02370514462,0.0,0.01861125,173
1,[],5,[],2019-02-11 18:08:59,1.413e-05,0.00000312,0.00000000011347408799999999,6637038,2019-02-11 18:08:59,btc,0.32467312,0.02361933,0.00000312,btc,0.00028286,0.0,0.68786247,175
1,[],22,[],2019-02-11 18:09:03,48834.52380952381,0.00000062,0.000000000022549337999999998,6637039,2019-02-11 18:09:03,BTC,0.50041593,0.0,0.00000062,BTC,127686.46882822087,0.0,0.01774008,176
0,[],2,[],2019-01-20 23:28:34,0.0,0,0,6477001,2019-01-20 23:28:34,,0.0,0.0,0,,0.0,0.0,0.0,178
1,[],7,[],2019-02-11 18:09:04,0.0,0,0,6637040,2019-02-11 18:09:04,btc,410973.9169089935,0.0,0,btc,115465110.28145695,0.0,0.0,178
0,[],22,[],2019-02-11 18:09:07,0.0,0,0,6637041,2019-02-11 18:09:07,,1.00242428,0.0,0,,57512.0,0.0,0.0,178
0,[],23,[],2019-01-20 23:25:08,0.0,0,0,6476952,2019-01-20 23:25:08,,0.0,0.0,0,,0.0,0.0,0.0,179
1,[],5,[],2019-02-11 18:09:09,3e-08,0.00000002,0.000000000000727398,6637042,2019-02-11 18:09:09,btc,26.34383984,0.00507307,0.00000002,btc,2.088e-05,0.0,0.93596738,179
1,[],22,[],2019-02-11 18:09:13,7820284.0,0.00000002,0.000000000000727398,6637043,2019-02-11 18:09:13,BTC,5.48293504,0.0,0.00000002,"BTC,LTC",17867921.468656633,0.0,0.38366552,179
1,[],17,[],2019-02-11 18:09:15,10504.725,0.0000001,0.00000000000363699,6637044,2019-02-11 18:09:15,btc,5.206166879879127,0.0,0.0000001,btc,6755.0074587,0.0,0.0010504725,180
1,[],22,[],2019-02-11 18:09:19,18252.178947368422,0.00000098,0.000000000035642501999999996,6637045,2019-02-11 18:09:19,BTC,0.09852595,0.0,0.00000098,"BTC,LTC",18836.625478042326,0.00065589,0.00627333,180
1,[],26,[],2019-02-11 18:09:19,0.0,0.00000010,0.00000000000363699,6637046,2019-02-11 18:09:19,btc,0.0,0.0,0.00000010,btc,0.0,0.0,0.0,180
,[],7,[],2018-11-20 22:58:01,562227.975654,0.00000085,0.000000000036176765,4862015,2018-11-20 22:58:01,btc,21836.6059674,2491.87645172,,btc,749999.041456,0.00211021,0.127565380455,183
,[],5,[],2019-01-10 08:11:41,0.0,0,0,6347036,2019-01-10 08:11:41,btc,82.15055501,0.00261,,btc,1.19002445,0.0,0.0,187
,[],17,[],2018-11-16 20:58:10,4062536.27273,0.00000001,0.000000000000550501,4708775,2018-11-16 20:58:10,btc,3.36492563466,0.195460381006,,"btc,eth",110697919.549,0.0,0.0157628953496,187
1,[],24,[],2019-02-11 18:09:19,0.0,0.000000000001,3.63699e-17,6637047,2019-02-11 18:09:19,btc,0.0,0.0,0.000000000001,btc,0.0,0.0,0.0,187
0,[],22,[],2019-02-11 18:09:22,0.0,0,0,6637048,2019-02-11 18:09:22,,1.19383767,0.0,0,,14406.036201072173,0.0,0.0,191
0,[],22,[],2019-02-11 18:09:28,0.0,0,0,6637049,2019-02-11 18:09:28,,0.0,0.0,0,,0.0,0.0,0.0,197
0,[],23,[],2019-01-20 23:31:41,0.0,0,0,6477079,2019-01-20 23:31:41,,0.0,0.0,0,,0.0,0.0,0.0,199
1,[],26,[],2019-02-11 18:09:28,0.0,0.00000000,0,6637050,2019-02-11 18:09:28,btc,0.0,793775.0,0.00000000,btc,0.0,0.0,0.0,199
0,[],17,[],2019-01-30 16:32:01,0.0,0,0,6540827,2019-01-30 16:32:01,btc,6.802544163788159,0.0,0,btc,105897.55575295,0.0,0.0,200
0,[],2,[],2019-01-20 23:30:49,0.0,0,0,6477059,2019-01-20 23:30:49,,0.0,0.0,0,,0.0,0.0,0.0,201
1,[],4,[],2019-01-25 15:51:35,2084389.58565343,0.00000936,0.000000000333526752,6499557,2019-01-25 15:51:35,btc,2.0092503037378524,0.0,0.00000936,btc,160195.80207885,0.19272417,1.242687955921835,211
1,[],7,[],2019-02-11 18:09:31,4668552.6331876,0.00000154000000000000007854285798136739771280190325342118740081787109375,0.000000000056009646,6637051,2019-02-11 18:09:31,btc,16567792.959511865,752484.917141,0.00000154000000000000007854285798136739771280190325342118740081787109375,btc,12890707.20668411,0.0,3.5862254861217613,212
1,[],12,[],2019-01-25 02:44:32,207462.42853209,0.000001080000000000000035831255497387193287295303889550268650054931640625,0.000000000038610756000000006,6493050,2019-01-25 02:44:32,btc,85023.03793723314,0.0,0.000001080000000000000035831255497387193287295303889550268650054931640625,btc,43675.73520027,0.000146250909087,0.0348620860622024,213
1,[],5,[],2019-02-11 18:09:32,4.21e-06,0.00000033,0.000000000012002067,6637052,2019-02-11 18:09:32,btc,1.14224056,0.19282155,0.00000033,btc,3.049e-05,0.0,0.26059331,213
1,[],24,[],2019-02-11 18:09:32,0.0,0.000000050000,0.000000000001818495,6637053,2019-02-11 18:09:32,btc,0.0,0.0,0.000000050000,btc,0.0,0.0,0.0,213
1,[],26,[],2019-02-11 18:09:32,0.0,0.00000009,0.000000000003273291,6637054,2019-02-11 18:09:32,btc,0.0,0.0,0.00000009,btc,0.0,0.0,0.0,213
1,[],27,[],2019-02-11 18:09:39,5081157.5555,0.00000004,0.000000000001454796,6637056,2019-02-11 18:09:39,btc,391.91107336756,0.0,0.00000004,"btc,ltc",274171.569,0.0,0.05225726222,216
1,[],22,[],2019-02-11 18:09:37,172299.0,0.00000002,0.000000000000727398,6637055,2019-02-11 18:09:37,BTC,2.19644618,0.0,0.00000002,BTC,205021.63137942314,0.00197762,0.00263198,216
1,[],22,[],2019-02-11 18:09:42,304521.8247499803,0.00000210,0.00000000007637679,6637057,2019-02-11 18:09:42,BTC,12677.00132847,0.0,0.00000210,BTC,394463.1412294151,0.02135529,0.43428173,217
1,[],7,[],2019-02-11 18:09:44,0.0,0,0,6637058,2019-02-11 18:09:44,btc,77970.05582791512,0.0,0,btc,137091858.32140028,0.0,0.0,219
0,[],27,[],2019-02-11 18:09:46,0.0,0,0,6637059,2019-02-11 18:09:46,,5.3418937883169715,0.0,0,btc,1605140.99226592,0.0,0.0,219
0.0000000000000053,[],28,[],2019-02-11 18:09:48,203372734.944,6.625053e-18,2.409525151047e-22,6637060,2019-02-11 18:09:48,doge,88584.47496696751,13759.0,0.00125001,"btc,doge",4974548.69631,0.0,1.849894705668702e-11,219
1,[],22,[],2019-02-11 18:09:53,229483.57777777777,0.00000099,0.000000000036006201,6637061,2019-02-11 18:09:53,BTC,3.00989392,0.0,0.00000099,BTC,68801.14955994174,0.05872025,0.04399315,221
1,[],24,[],2019-02-11 18:09:53,0.0,0.000000610000,0.000000000022185639,6637062,2019-02-11 18:09:53,btc,0.0,0.0,0.000000610000,btc,0.0,0.0,0.0,221
1,[],20,[],2019-02-11 18:09:55,52202920.2575,0.000000003,0.00000000000010910969999999999,6637063,2019-02-11 18:09:55,btc,49.923482619049,523024.2584,0.000000003,btc,10284905.1748,0.0015690727752,0.0547525771171,224
0,[],22,[],2019-02-11 18:09:57,0.0,0,0,6637064,2019-02-11 18:09:57,,0.0,0.0,0,,0.0,0.0,0.0,224
1,[],26,[],2019-02-11 18:09:58,0.0,0.00000045,0.000000000016366455,6637065,2019-02-11 18:09:58,btc,0.0,0.0,0.00000045,btc,0.0,0.0,0.0,231
1,[],26,[],2019-02-11 18:09:58,0.0,0.00000004,0.000000000001454796,6637066,2019-02-11 18:09:58,btc,0.0,100.0,0.00000004,btc,0.0,0.0,0.0,234
0,[],27,[],2019-02-11 18:10:00,0.0,0,0,6637067,2019-02-11 18:10:00,,0.0113483662182,0.0,0,"btc,eth",11462.99618,0.0,0.0,234
0,[],22,[],2019-02-11 18:10:06,0.0,0,0,6637068,2019-02-11 18:10:06,,3.06868068,0.0,0,,103318217.06349206,0.0,0.0,235
1,[],4,[],2019-02-11 18:10:08,1309659.21108715,0.00000065,0.000000000023640434999999998,6637069,2019-02-11 18:10:08,btc,0.1411857637122097,0.0,0.00000065,btc,133276.83473333,0.0875332,0.3722055243764966,236
1,[],24,[],2019-02-11 18:10:08,0.0,0.000000020000,0.000000000000727398,6637070,2019-02-11 18:10:08,btc,0.0,0.0,0.000000020000,btc,0.0,0.0,0.0,236
1,[],20,[],2019-02-11 18:10:10,65947011.6049,0.000000064,0.0000000000023276736,6637071,2019-02-11 18:10:10,btc,14.6984811044613,26361979.7136,0.000000064,btc,28606557.7066,1.7790170592567,0.3997591228569,237
0.0000000001178538,[],22,[],2019-02-11 18:10:14,14400.0,1.178538e-17,4.28633092062e-22,6637072,2019-02-11 18:10:14,LTC,0.04083605,0.0,0.0000001,LTC,4179.0,0.0,0.00144,237
1,[],4,[],2019-02-11 18:10:15,4984260.2326022,0.00000033,0.000000000012002067,6637073,2019-02-11 18:10:15,btc,0.6186135077567702,0.0,0.00000033,btc,1606992.3120644,0.59210612,1.5313364893526986,238
1,[],5,[],2019-02-11 18:10:17,4.25e-06,0.00000033,0.000000000012002067,6637074,2019-02-11 18:10:17,btc,0.73021516,0.01172629,0.00000033,btc,2.957e-05,0.0,0.26580434,238
0,[],22,[],2019-02-11 18:10:21,0.0,0,0,6637075,2019-02-11 18:10:21,,15.41678688,0.0,0,,370860.0639027493,0.0,0.0,249
0.0000000001178538,[],22,[],2019-02-11 18:10:46,7124354.333333333,3.535614e-18,1.285899276186e-22,6637076,2019-02-11 18:10:46,LTC,0.36811719,0.0,0.00000003,LTC,11588757.09,0.0,0.21273365,252
1,[],28,[],2019-02-11 18:10:48,3479213.286,0.00000013,0.000000000004728087,6637077,2019-02-11 18:10:48,btc,164693.5026367203,41022.9,0.00000013,btc,555324.17,0.0,0.2108710963,256
1,[],22,[],2019-02-11 18:10:51,114807.0,0.00000001,0.000000000000363699,6637078,2019-02-11 18:10:51,BTC,30.20524227,0.0,0.00000001,BTC,445890.0289327789,0.0,0.00114807,258
1,[],22,[],2019-01-26 20:58:41,368451.0,0.00000001,0.000000000000356135,6510120,2019-01-26 20:58:41,BTC,2.642917,0.0,0.00000001,"BTC,LTC",1862.0,0.0,0.02488451,259
1,[],22,[],2019-02-11 18:10:55,13604.436495933667,0.00000711,0.000000000258589989,6637079,2019-02-11 18:10:55,BTC,1293.13982505,0.0,0.00000711,"BTC,LTC",13283.51591503372,0.01049308,0.02779819,262
1,[],5,[],2019-02-11 18:10:57,6.396e-05,0.00000243,0.000000000088378857,6637080,2019-02-11 18:10:57,btc,0.6151713,0.35620589,0.00000243,btc,0.0004235,0.0,0.1828147,264
1,[],20,[],2019-02-11 18:10:58,1264323.292,0.000001511,0.0000000000549549189,6637081,2019-02-11 18:10:58,btc,4.9581410990762,26270.8149,0.000001511,btc,94612.7706,0.079534310411,0.020507588253,264
1,[],22,[],2019-02-11 18:11:03,95356.5,0.00000002,0.000000000000727398,6637082,2019-02-11 18:11:03,BTC,9.07980096,0.0,0.00000002,BTC,228209.31707431233,0.0,0.0014095,271
0,[],22,[],2019-02-11 18:11:06,0.0,0,0,6637083,2019-02-11 18:11:06,,384.77798703,0.0,0,,15106717515.9,0.0,0.0,272
0.0000000000000053,[],28,[],2019-02-11 18:11:08,186576535602.097,4.611e-21,1.677016089e-25,6637084,2019-02-11 18:11:08,doge,374590197.45930415,4502248378.0,0.00000087,doge,226361355840.4426,0.0,4.908008889020401e-10,272
1,[],22,[],2019-02-11 18:11:13,11542.0,0.00001000,0.000000000363699,6637085,2019-02-11 18:11:13,BTC,74.0785149,0.0,0.00001000,"BTC,LTC",1524.3826333333334,0.0219928,0.01653632,281
