pairValue,buyBook,exchangeId,sellBook,updated,buyTotal,satoshiPrice,usdPrice,exchangeLogId,created,bestPair,sellTotalBtc,volume,pairPrice,activePairs,sellTotal,volumeBtc,buyTotalBtc,coinId
1,[],3,[],2019-03-05 06:56:05,30535.224799544783,0.01255040999999999969116704079397095483727753162384033203125,0.000000466169918958,6847586,2019-03-05 06:56:05,btc,61.1010464276521,0.232596862745,0.01255040999999999969116704079397095483727753162384033203125,btc,24.464351721169002,0.0,0.2471017823993536,1
1,[],4,[],2019-03-05 06:56:07,207903.6434086,0.01275914,0.000000473922944332,6847587,2019-03-05 06:56:07,btc,9.481693020732795,0.0,0.01275914,btc,278.47548395,0.64175455,2.9899604958025017,1
1,[],5,[],2019-03-05 06:56:10,0.0,0,0,6847588,2019-03-05 06:56:10,btc,0.0,0.0511812,0,btc,0.0,0.0,0.0,1
1,[],10,[],2019-03-05 06:03:32,414657.06460742,0.01131391,0.000000421258730767,6847404,2019-03-05 06:03:32,btc,6521.099302415299,1702.55147125,0.01131391,btc,1002.94270341,0.0,5.601646262943789,1
1,[],12,[],2019-03-05 06:03:36,10498.71892496,0.01255000000000000039135361618036768049933016300201416015625,0.000000467282935,6847405,2019-03-05 06:03:36,btc,0.5122882968537,0.0,0.01255000000000000039135361618036768049933016300201416015625,btc,31.19740195,0.2205623266337,0.474096730816,1
1,[],20,[],2019-03-05 06:03:38,1152.5468,0.010500223,0.0000003909621531151,6847406,2019-03-05 06:03:38,btc,0.0569787246464,0.4422,0.010500223,btc,2.6477,0.0055274938092,0.1055916181694,1
1,[],21,[],2019-03-05 06:03:39,2186.19306675,0.01256760999999999989240606624,0.00000046793862045699997,6847407,2019-03-05 06:03:39,btc,18.25790921312819,2970.6960158399997,0.012567609999999999892406066237526829354465007781982421875,"btc,eth",2089.14374115,28.322710810830188,22.41726904331546,1
1,[],22,[],2019-03-05 06:03:43,0.006382215384615385,0.01300000,0.0000004840381,6847408,2019-03-05 06:03:43,BTC,0.31439419,0.0,0.01300000,BTC,0.12751438772928525,0.0,7.978e-05,1
1,[],24,[],2019-03-05 06:03:43,0.0,0.000000000000,0,6847409,2019-03-05 06:03:43,btc,0.0,0.0,0.000000000000,btc,0.0,0.0,0.0,1
0.0,[],25,[],2019-03-05 06:03:45,0.0,0,0,6847410,2019-03-05 06:03:45,btc,30.43749999838119,4964.57872499,0.0,btc,2366.77126727,63.5116,0.0,1
1,[],26,[],2019-03-05 06:03:55,0.0,0,0,6847411,2019-03-05 06:03:55,,0.0,0.0,0,,0.0,0.0,0.0,1
1,[],28,[],2019-03-05 06:04:07,993.142,0.01323000,0.000000492601851,6847412,2019-03-05 06:04:07,btc,0.162839806,18012.65,0.01323000,btc,8.9,0.0,0.089302756,1
0,[],2,[],2019-01-20 23:28:45,0.0,0,0,6477011,2019-01-20 23:28:45,,0.0,0.0,0,,0.0,0.0,0.0,1
1,[],5,[],2019-03-05 06:04:08,0.0,0,0,6847413,2019-03-05 06:04:08,btc,0.0,0.0105425,0,btc,0.0,0.0,0.0,2
0.000000000125253,[],22,[],2019-03-05 06:04:17,1148.0,1.377783e-16,5.12999588871e-21,6847414,2019-03-05 06:04:17,XMR,21.01373823,0.0,0.00000110,XMR,14319.12581,0.0,0.00087635,2
1,[],5,[],2019-03-05 06:04:18,0.0,0,0,6847415,2019-03-05 06:04:18,btc,0.0,0.98147039,0,btc,0.0,0.0,0.0,3
1,[],12,[],2019-03-05 06:04:20,13459515.9909,0.000000176,0.0000000000065531312,6847416,2019-03-05 06:04:20,btc,924384.5403209606,0.0,0.000000176,btc,8034206.80669234,0.04492686370515196,0.7646811253407,3
0,[],28,[],2019-03-05 06:04:29,0.0,0,0,6847417,2019-03-05 06:04:29,,0.0,0.0,0,,0.0,0.0,0.0,3
0,[],2,[],2019-01-20 23:31:32,0.0,0,0,6477077,2019-01-20 23:31:32,,0.0,0.0,0,,0.0,0.0,0.0,4
1,[],4,[],2019-03-05 06:04:30,379180.85505819,0.00000032,0.000000000011914784,6847418,2019-03-05 06:04:30,btc,32.10772888956506,0.0,0.00000032,btc,715647.52175842,0.0,0.0485486592953074,4
1,[],12,[],2019-03-05 05:55:55,1380156.35333333,0.00000003,0.0000000000011159669999999998,6847221,2019-03-05 05:55:55,btc,11013925.647185193,0.0,0.00000003,btc,1487826.32371984,6.786e-05,0.0214473703999999,5
0,[],2,[],2019-01-20 23:31:51,0.0,0,0,6477087,2019-01-20 23:31:51,,0.0,0.0,0,,0.0,0.0,0.0,6
1,[],11,[],2019-03-05 06:04:32,5580884.5,0.00000002,0.000000000000744674,6847419,2019-03-05 06:04:32,btc,9568.203380782814,133333.333333,0.00000002,btc,41644298.74119657,0.0,0.079092525,6
1,[],3,[],2019-03-05 06:04:33,1082.073199672546,0.0001514099999999999886061974319062528593349270522594451904296875,0.000000005637554516999999,6847420,2019-03-05 06:04:33,btc,28.402034233092024,0.0,0.0001514099999999999886061974319062528593349270522594451904296875,btc,243.122414578101,0.0,0.03342267641723667,7
1,[],4,[],2019-03-05 06:04:33,100337.50533822,0.00025465,0.000000009481561705,6847421,2019-03-05 06:04:33,btc,21.67884607316167,0.0,0.00025465,btc,55451.43746078,5.44246525,6.933375669536722,7
1,[],5,[],2019-03-05 06:04:35,0.0,0,0,6847422,2019-03-05 06:04:35,btc,0.0,0.89689146,0,btc,0.0,0.0,0.0,7
1,[],20,[],2019-02-20 02:16:17,39399275.8418,0.000000001,0.0000000000000390183,6728586,2019-02-20 02:16:17,btc,116.9737569154545,525.0,0.000000001,btc,56932965.8895,5.25e-07,0.0393992758418,8
0,[],2,[],2019-01-20 23:22:42,0.0,0,0,6476876,2019-01-20 23:22:42,,0.0,0.0,0,,0.0,0.0,0.0,9
0,[],23,[],2019-01-20 23:22:48,0.0,0,0,6476878,2019-01-20 23:22:48,,0.0,0.0,0,,0.0,0.0,0.0,9
1,[],1,[],2019-02-17 23:31:42,1822507.21,0.00000181000000000000003456111265232042484285557293333113193511962890625,0.000000000066086901,6701244,2019-02-17 23:31:42,btc,3.6990969245,17153386.5,0.00000181000000000000003456111265232042484285557293333113193511962890625,btc,1997391.71,31.11772986,3.2610482446,9
1,[],4,[],2019-03-05 06:04:38,1065298.5233112,0.00000166,0.000000000061807942,6847423,2019-03-05 06:04:38,btc,6.151038616282973,0.0,0.00000166,btc,2821098.49832306,1.07167568,0.8892071070115986,9
1,[],28,[],2019-03-05 06:04:44,47563.15,0.00000166,0.000000000061807942,6847424,2019-03-05 06:04:44,btc,2708.761281370583,3631968.29,0.00000166,btc,11954.1497,0.0,0.050224829,9
1,[],4,[],2019-02-17 11:22:43,4341674.27126056,0.00000002,0.0000000000007272960000000001,6696112,2019-02-17 11:22:43,btc,0.1997230937751353,0.0,0.00000002,btc,4109766.79808031,0.00215132,0.0479381022052112,10
0,[],2,[],2019-01-20 23:23:08,0.0,0,0,6476890,2019-01-20 23:23:08,,0.0,0.0,0,,0.0,0.0,0.0,12
1,[],4,[],2019-03-05 06:04:46,6589118.40440134,0.00000120,0.000000000044680439999999997,6847425,2019-03-05 06:04:46,btc,10.782548108504331,0.0,0.00000120,btc,5941151.18105974,4.02072677,4.1160857658659245,12
1,[],5,[],2019-03-05 06:04:49,0.0,0,0,6847426,2019-03-05 06:04:49,btc,0.0,0.46243179,0,btc,0.0,0.0,0.0,12
0.0,[],25,[],2019-03-05 06:04:50,0.0,0,0,6847427,2019-03-05 06:04:50,,0.0,0.0,0.0,btc,0.0,0.0,0.0,12
1,[],10,[],2019-03-05 05:03:49,415717.64200335,0.00000534,0.00000000019885625999999999,6847038,2019-03-05 05:03:49,btc,666802.4900421449,12373.2721553,0.00000534,btc,728836.06594158,0.0,0.2323446102255868,13
1,[],4,[],2019-03-05 06:04:50,31943073.20195954,0.00000560,0.00000000020850872,6847428,2019-03-05 06:04:50,btc,2.9678655185670344,0.0,0.00000560,btc,416034.71948694,0.39241327,0.7841199877350751,13
1,[],21,[],2019-03-05 06:04:54,909668.70902803,0.000005630000000000000306391197136,0.000000000209625731,6847429,2019-03-05 06:04:54,btc,4.607419040963026,898544.06485719,0.000005630000000000000306391197135713611032770131714642047882080078125,btc,728274.2829938399,5.13138347,4.723877631860943,13
1,[],4,[],2019-03-05 06:04:55,759317.64141482,0.00000133,0.000000000049520820999999996,6847430,2019-03-05 06:04:55,btc,21.517057418624667,0.0,0.00000133,btc,912323.41002803,0.06254729,0.2216624621732486,14
1,[],12,[],2019-03-05 06:04:55,213668.69615935,0.000001359999999999999896105784720490294859018831630237400531768798828125,0.000000000050637831999999995,6847431,2019-03-05 06:04:55,btc,5.291273084472009,0.0,0.000001359999999999999896105784720490294859018831630237400531768798828125,btc,31237.09622013,3.1968032e-06,0.022802519999856,14
0,[],17,[],2019-03-05 06:05:07,0.0,0,0,6847432,2019-03-05 06:05:07,btc,0.0,0.0,0,btc,0.0,0.0,0.0,14
1,[],26,[],2019-03-05 06:05:07,0.0,0.00000050,0.00000000001861685,6847433,2019-03-05 06:05:07,btc,0.0,0.0,0.00000050,btc,0.0,0.0,0.0,14
,[],12,[],2018-12-01 15:15:48,204241.84496,0.00000489,0.000000000202473384,5260204,2018-12-01 15:15:48,btc,49.5475654835,0.0,,btc,35763.2193806,0.0163153972027625,0.0203389899998,15
0,[],4,[],2019-03-05 06:05:08,0.0,0,0,6847434,2019-03-05 06:05:08,,0.0,0.0,0,,0.0,0.0,0.0,15
0,[],17,[],2019-03-05 05:56:35,0.0,0,0,6847240,2019-03-05 05:56:35,btc,0.0,0.0,0,btc,0.0,0.0,0.0,18
0,[],2,[],2019-01-20 23:23:38,0.0,0,0,6476906,2019-01-20 23:23:38,,0.0,0.0,0,,0.0,0.0,0.0,18
1,[],4,[],2019-03-05 06:05:10,25253.91229718,0.00001770,0.00000000065903649,6847435,2019-03-05 06:05:10,btc,1.3577199971673237,0.0,0.00001770,btc,15775.48953458,0.01559587,0.0707990495764993,18
1,[],10,[],2019-03-05 06:05:12,786334.62440935,0.00001728,0.000000000643398336,6847436,2019-03-05 06:05:12,btc,15.382095764755839,2083.26031403,0.00001728,btc,13044.20887395,0.0,0.1799399431970108,18
1,[],12,[],2019-03-05 06:05:13,193529.31650496,0.00001650999999999999947523747489963596990492078475654125213623046875,0.0000000006147283869999999,6847437,2019-03-05 06:05:13,btc,23.63293788965524,0.0,0.00001650999999999999947523747489963596990492078475654125213623046875,btc,2012.80065022,0.0283416254998039,0.0359920887430126,18
0,[],2,[],2019-01-20 23:24:19,0.0,0,0,6476924,2019-01-20 23:24:19,,0.0,0.0,0,,0.0,0.0,0.0,19
1,[],3,[],2019-03-05 06:05:25,118685.06197955304,0.000020100000000000000678623823802126935333944857120513916015625,0.00000000074839737,6847438,2019-03-05 06:05:25,btc,0.5483373544727321,2.19435136,0.000020100000000000000678623823802126935333944857120513916015625,btc,9920.83263074671,0.0,0.03690891229888234,19
1,[],4,[],2019-03-05 06:05:26,424229.01091215,0.00001901,0.000000000707812637,6847439,2019-03-05 06:05:26,btc,2.1957910370983345,0.0,0.00001901,btc,76980.35106671,0.39373173,2.5897531141091616,19
1,[],5,[],2019-03-05 06:05:27,0.0,0,0,6847440,2019-03-05 06:05:27,btc,0.0,0.00548902,0,btc,0.0,0.0,0.0,19
1,[],12,[],2019-03-05 06:05:29,134877.38176094,0.00001836999999999999860756348668555659742196439765393733978271484375,0.0000000006839830689999999,6847441,2019-03-05 06:05:29,btc,0.11187289071027991,0.0,0.00001836999999999999860756348668555659742196439765393733978271484375,btc,417.56200924,0.00131037,0.11341638989835891,19
0,[],27,[],2019-03-05 06:05:32,0.0,0,0,6847442,2019-03-05 06:05:32,,0.0,0.0,0,btc,0.0,0.0,0.0,19
1,[],4,[],2019-03-05 06:05:33,2777931.30750687,0.00000013,0.000000000004840381,6847443,2019-03-05 06:05:33,btc,7.37859059072158,0.0,0.00000013,btc,2855684.97012105,0.0001008,0.0778367123002956,20
0,[],17,[],2019-03-05 05:56:55,0.0,0,0,6847249,2019-03-05 05:56:55,btc,0.0,0.0,0,btc,0.0,0.0,0.0,21
1,[],4,[],2019-03-05 06:05:34,104056136.21537024,0.00000002,0.000000000000744674,6847444,2019-03-05 06:05:34,btc,1799.0982216782281,0.0,0.00000002,btc,55494697.40039335,0.0,1.1678631674280453,21
1,[],12,[],2019-03-05 06:05:35,17916951.0,0.00000002,0.000000000000744674,6847445,2019-03-05 06:05:35,btc,670.8733402334847,0.0,0.00000002,btc,8127598.32857329,0.0,0.23057926,21
1,[],12,[],2019-03-05 06:07:37,3121629407.531895,0.0000000001,0.00000000000000372337,6847446,2019-03-05 06:07:37,btc,975866455574.2466,0.0,0.0000000001,btc,5126597287.664552,0.01685405717602397,0.3121629407531895,23
0,[],27,[],2019-03-05 06:07:39,0.0,0,0,6847447,2019-03-05 06:07:39,,13.503633221578426,0.0,0,eth,2004616.85364636,0.0,0.0,23
1,[],4,[],2019-03-05 06:07:39,483949.47180707,0.00000042,0.000000000015638154,6847448,2019-03-05 06:07:39,btc,9.074031578972896,0.0,0.00000042,btc,1556781.4929346,0.00010794,0.1460739122242805,24
1,[],22,[],2019-03-05 06:07:43,11.76,0.00000100,0.0000000000372337,6847449,2019-03-05 06:07:43,BTC,7.415e-05,0.0,0.00000100,BTC,23.919354838709676,0.0,1.176e-05,24
0.0,[],25,[],2019-03-05 06:07:44,0.0,0,0,6847450,2019-03-05 06:07:44,,0.0,0.0,0.0,btc,0.0,0.0,0.0,24
0,[],2,[],2019-01-20 23:25:56,0.0,0,0,6476976,2019-01-20 23:25:56,,0.0,0.0,0,,0.0,0.0,0.0,26
1,[],4,[],2019-03-05 06:07:45,26578445.56744199,0.00000610,0.00000000022712557,6847451,2019-03-05 06:07:45,btc,62.31842942792145,0.0,0.00000610,btc,238501.2521977,0.09785439,0.4392662504487372,26
1,[],10,[],2019-03-05 06:07:47,686609.99303294,0.00000601,0.000000000223774537,6847452,2019-03-05 06:07:47,btc,26.129400145229088,4285.47242456,0.00000601,btc,14528.32708054,0.0,0.2281595116486506,26
1,[],3,[],2019-03-05 06:07:48,10350241.88133568,0.00000001,0.000000000000372337,6847453,2019-03-05 06:07:48,btc,2.1370564372749867,1654958.44107,0.00000001,btc,16393079.64130495,0.0,0.1035024188133568,27
1,[],5,[],2019-03-05 06:07:49,0.0,0,0,6847454,2019-03-05 06:07:49,btc,0.0,5.968e-05,0,btc,0.0,0.0,0.0,27
1,[],11,[],2019-03-05 06:07:51,9462011.01151506,0.00000005,0.000000000001861685,6847455,2019-03-05 06:07:51,btc,67506.37927837588,8043.88,0.00000005,btc,7972323.38084264,0.0,0.4410008448653851,27
1,[],4,[],2019-03-05 06:07:52,1389732381.7782083,0.00000002,0.000000000000744674,6847456,2019-03-05 06:07:52,btc,2.805789439260963,0.0,0.00000002,"btc,ltc",201354314.66828993,0.19765437,9.688749181713014,29
1,[],7,[],2019-03-05 06:07:54,35371020.80426009,0.00000002,0.000000000000744674,6847457,2019-03-05 06:07:54,btc,44462590.67847827,65405.0516408,0.00000002,btc,46262771.90297369,0.0013359,0.37653996184622773,29
0,[],17,[],2019-03-05 05:57:15,0.0,0,0,6847263,2019-03-05 05:57:15,btc,0.0,0.0,0,btc,0.0,0.0,0.0,30
1,[],4,[],2019-03-05 06:07:55,2329626.08040086,0.00000023,0.000000000008563751,6847458,2019-03-05 06:07:55,btc,2.4323336983679162,0.0,0.00000023,btc,1684756.66441747,0.00595561,0.1000389781014387,30
1,[],4,[],2019-03-05 06:07:57,209214.55101368,0.00007330,0.00000000272923021,6847459,2019-03-05 06:07:57,btc,10.318415710185574,0.0,0.00007330,btc,93569.89671938,4.17672473,3.560591664691012,31
1,[],21,[],2019-03-05 06:07:58,126556.39022002,0.00007656999999999999364456299000,0.000000002850984409,6847460,2019-03-05 06:07:58,btc,9.971512765621318,1654336.03885115,0.000076569999999999993644562990002810920486808754503726959228515625,btc,117543.02979245,125.92574095,8.82675775922095,31
0,[],2,[],2019-01-20 23:28:43,0.0,0,0,6477009,2019-01-20 23:28:43,,0.0,0.0,0,,0.0,0.0,0.0,32
0.0000000001238949,[],4,[],2019-03-05 06:09:58,78069543.0912197,4.36110048e-16,1.62379906942176e-20,6847461,2019-03-05 06:09:58,ltc,3.330460406488081e-05,0.0,0.00000352,ltc,11766625.91973189,0.2290735,1.2932688858956363e-09,33
1,[],12,[],2019-03-05 06:09:59,16607205.35,0.00000004,0.000000000001489348,6847462,2019-03-05 06:09:59,btc,35634691.07204225,0.0,0.00000004,btc,96298504.45854135,0.001548560399601,0.3205536605,33
1,[],4,[],2019-03-05 06:10:00,112819500.00525624,0.00000001,0.000000000000372337,6847463,2019-03-05 06:10:00,btc,3.574362643744869,0.0,0.00000001,btc,101174562.96702377,0.01845855,1.1281950000525622,34
1,[],5,[],2019-03-05 06:10:02,0.0,0,0,6847464,2019-03-05 06:10:02,btc,0.0,0.10468558,0,btc,0.0,0.0,0.0,34
0.0000000001238949,[],4,[],2019-03-05 06:10:03,2962984183.6693335,1.238949e-18,4.6130655381299997e-23,6847465,2019-03-05 06:10:03,ltc,6.269026003120173e-08,0.0,0.00000001,ltc,8347570672.494629,0.0,3.6709862913729368e-09,36
1,[],5,[],2019-03-05 06:10:04,0.0,0,0,6847466,2019-03-05 06:10:04,btc,0.0,0.0,0,btc,0.0,0.0,0.0,36
0,[],17,[],2019-03-05 06:10:16,0.0,0,0,6847467,2019-03-05 06:10:16,btc,0.0746458232965017,0.0,0,btc,4103573.70243647,0.0,0.0,36
0.0000000003392829,[],27,[],2019-03-05 06:10:18,11290000.0,3.392829e-18,1.263275771373e-22,6847468,2019-03-05 06:10:18,eth,222.6013767858684,0.0,0.00000001,"ltc,eth",11165403.32426039,0.0,2.042218728e-11,36
1,[],4,[],2019-03-05 05:57:26,191155.15088353,0.00000055,0.000000000020459395,6847273,2019-03-05 05:57:26,btc,19772.47853354329,0.0,0.00000055,btc,558583.39431048,0.02797003,0.0761597872919972,37
1,[],12,[],2019-03-05 05:57:27,448031.16407516,0.00000056,0.000000000020831384,6847274,2019-03-05 05:57:27,btc,1345.8112837796261,0.0,0.00000056,btc,945269.8932846,0.1058467562590887,0.1015164488487078,37
1,[],17,[],2019-03-05 05:57:29,1752.74075282,0.00000025,0.000000000009299724999999999,6847275,2019-03-05 05:57:29,btc,0.055484923777095005,0.0,0.00000025,btc,1319.19918473,0.0,0.00043818518820499993,37
1,[],27,[],2019-03-05 05:57:31,14685.567,0.00000045,0.000000000016739505,6847276,2019-03-05 05:57:31,btc,25.77745805411233,0.0,0.00000045,btc,6527.38138508,0.0,0.00480032515,37
1,[],5,[],2019-03-05 06:10:20,0.0,0,0,6847469,2019-03-05 06:10:20,btc,0.0,0.00126576,0,btc,0.0,0.0,0.0,42
1,[],12,[],2019-03-05 06:10:21,261801.1321483,0.00000110000000000000005610204141526242693771564518101513385772705078125,0.00000000004095707,6847470,2019-03-05 06:10:21,btc,94.6382271330987,0.0,0.00000110000000000000005610204141526242693771564518101513385772705078125,btc,90622.00461036,0.0640460022606246,0.0683690749475494,42
0.0000000003392829,[],27,[],2019-03-05 06:10:23,2000.0,3.392829e-18,1.263275771373e-22,6847471,2019-03-05 06:10:23,eth,0.00315028,0.0,0.00000001,"btc,eth",11.007,0.0,6.785658e-15,42
0,[],17,[],2019-03-05 05:57:41,0.0,0,0,6847282,2019-03-05 05:57:41,btc,0.0,0.0,0,btc,0.0,0.0,0.0,43
1,[],5,[],2019-03-05 06:10:25,0.0,0,0,6847472,2019-03-05 06:10:25,btc,0.0,0.00027471,0,btc,0.0,0.0,0.0,43
1,[],12,[],2019-03-05 06:10:27,1209361.0,0.00000001,0.000000000000372337,6847473,2019-03-05 06:10:27,btc,3569.074552336114,0.0,0.00000001,btc,11768494.65174823,0.0,0.01209361,43
1,[],12,[],2019-03-05 01:54:08,639326.02,0.00000004,0.000000000001486676,6845775,2019-03-05 01:54:08,btc,11116042.728239931,0.0,0.00000004,btc,1103841.4595604,0.0003330765234764,0.014975410599999999,44
1,[],4,[],2019-03-05 06:10:40,292189704.448442,0.00000002,0.000000000000744674,6847474,2019-03-05 06:10:40,btc,473.63054462878733,0.0,0.00000002,"btc,ltc",12404322.33540933,0.02088876,0.20927907585142036,49
0,[],4,[],2019-03-05 06:10:41,0.0,0,0,6847475,2019-03-05 06:10:41,,25.808783853278847,0.0,0,,9708415059.333303,0.0,0.0,52
0.000000000125253,[],22,[],2019-03-05 06:10:45,80845862.0,1.25253e-18,4.6636326261e-23,6847476,2019-03-05 06:10:45,XMR,4366.97466637,0.0,0.00000001,XMR,255820234.67882353,0.0,0.80845862,57
0.0000000003392829,[],27,[],2019-03-05 06:10:47,2000.0,3.392829e-18,1.263275771373e-22,6847477,2019-03-05 06:10:47,eth,0.0,0.0,0.00000001,"btc,eth",0.0,0.0,6.785658e-15,57
0,[],17,[],2019-03-05 05:57:52,0.0,0,0,6847289,2019-03-05 05:57:52,btc,1e+24,0.0,0,btc,49226522.0897055,0.0,0.0,58
0.0000000001238949,[],4,[],2019-03-05 06:10:48,796891471.8568333,3.716847e-18,1.383919661439e-22,6847478,2019-03-05 06:10:48,ltc,18.80718541278199,0.0,0.00000003,ltc,4244821546.602819,0.0,1.7363096441262156e-09,58
1,[],12,[],2019-03-05 06:10:49,1724208701.843957,0.0000000004,0.00000000000001489348,6847479,2019-03-05 06:10:49,btc,224005953968.941,0.0,0.0000000004,btc,3816750516.180397,0.025608018537158436,0.5648293649011391,58
0.000000000125253,[],22,[],2019-03-05 06:10:54,137438.0,1.25253e-18,4.6636326261e-23,6847480,2019-03-05 06:10:54,XMR,69.8835922,0.0,0.00000001,XMR,9887963.0,0.0,0.00137438,58
1,[],5,[],2019-03-05 06:10:55,0.0,0,0,6847481,2019-03-05 06:10:55,btc,0.0,0.00589067,0,btc,0.0,0.0,0.0,61
1,[],22,[],2019-03-05 06:10:58,13759.5,0.00000012,0.000000000004468044,6847482,2019-03-05 06:10:58,BTC,1002.29597012,0.0,0.00000012,BTC,14947.700278135757,0.0,0.00155017,61
1,[],26,[],2019-03-05 06:10:58,0.0,0.00000800,0.0000000002978696,6847483,2019-03-05 06:10:58,btc,0.0,0.0,0.00000800,btc,0.0,0.0,0.0,61
1,[],27,[],2019-03-05 06:11:01,4413.2201,0.00000047,0.000000000017499839,6847484,2019-03-05 06:11:01,btc,7.76072757961638,0.0,0.00000047,"btc,eth",19950.11257617,0.0,0.0012446999688537706,61
1,[],28,[],2019-03-05 06:11:10,13880.304,0.0000005,0.00000000001861685,6847485,2019-03-05 06:11:10,btc,2.056312978300105,771.0,0.0000005,btc,9730.59500005,0.0,0.00566391304,61
1,[],4,[],2019-03-05 06:11:11,1303676.46081424,0.00000272,0.000000000101275664,6847486,2019-03-05 06:11:11,btc,11.159319641309901,0.0,0.00000272,btc,775837.36251048,0.18124729,1.0801148383719288,67
0.0,[],25,[],2019-03-05 06:11:12,0.0,0,0,6847487,2019-03-05 06:11:12,,0.0,0.0,0.0,btc,0.0,0.0,0.0,67
1,[],12,[],2019-03-05 06:11:14,1787250.51139765,0.0000002,0.00000000000744674,6847488,2019-03-05 06:11:14,btc,11115899.277342215,0.0,0.0000002,btc,2222744.2609257,0.000387588681321,0.0816799264411096,71
,[],5,[],2018-11-20 23:02:39,1.5e-07,0.00000005,0.000000000002128045,4862160,2018-11-20 23:02:39,btc,2.84511358,0.0,,btc,0.00036572,0.0,0.07381892,74
1,[],5,[],2019-03-05 06:11:17,0.0,0,0,6847489,2019-03-05 06:11:17,btc,0.0,0.0,0,btc,0.0,0.0,0.0,75
1,[],4,[],2019-03-05 06:11:17,15824487.347575,0.00000001,0.000000000000372337,6847490,2019-03-05 06:11:17,btc,11388.971513954408,0.0,0.00000001,btc,39319058.17822428,0.0,0.15824487347575,81
0,[],20,[],2019-01-25 09:30:31,0.0,0,0,6495923,2019-01-25 09:30:31,btc,0.0,0.0,0,btc,0.0,0.0,0.0,81
1,[],4,[],2019-03-05 06:11:19,28163.64936379,0.00007710,0.00000000287071827,6847491,2019-03-05 06:11:19,btc,18.135117555936674,0.0,0.00007710,btc,12366.79390039,0.0250741,0.1642963801655288,82
1,[],21,[],2019-03-05 06:11:20,747723.20661392,0.00007414999999999999987388560330,0.000000002760878855,6847492,2019-03-05 06:11:20,btc,2.2645588488794197,430.68835768,0.000074149999999999999873885603296486124236253090202808380126953125,btc,25967.59879429,0.03169238,1.7275279732854407,82
0,[],17,[],2019-03-05 06:11:25,0.0,0,0,6847493,2019-03-05 06:11:25,btc,0.0447233088476774,0.0,0,btc,999127.19588126,0.0,0.0,84
0.0000000001238949,[],4,[],2019-03-05 06:11:26,121090030.66553254,3.716847e-18,1.383919661439e-22,6847494,2019-03-05 06:11:26,ltc,1.7494931026566998,0.0,0.00000003,ltc,412172946.8867975,0.0,2.3094688586177376e-10,85
,[],22,[],2018-11-20 23:09:34,3408.1,0.0000001,0.0000000000041895,4862324,2018-11-20 23:09:34,BTC,0.04624735,0.0,,BTC,4990.0,0.0,0.00033081,86
0,[],22,[],2019-02-22 12:52:35,0.0,0,0,6758847,2019-02-22 12:52:35,,2.0760781,0.0,0,,140622.94736842104,0.0,0.0,87
0,[],27,[],2019-02-22 12:52:37,0.0,0,0,6758848,2019-02-22 12:52:37,,0.0,0.0,0,btc,0.0,0.0,0.0,87
,[],2,[],2018-11-20 23:10:47,0.0,0,0,4862359,2018-11-20 23:10:47,,0.0,0.0,,,0.0,0.0,0.0,88
1,[],11,[],2019-03-05 06:11:29,93237.65107827,0.00014210000000000001167503593801910710681113414466381072998046875,0.00000000529090877,6847495,2019-03-05 06:11:29,btc,609.9077505361186,204.4,0.00014210000000000001167503593801910710681113414466381072998046875,btc,104907.94486909,0.0,6.288413736210734,89
1,[],12,[],2019-03-05 06:11:30,474347.69424370996,0.0000011400000000000000966436132510128942385563277639448642730712890625,0.000000000042446418000000006,6847496,2019-03-05 06:11:30,btc,39.562405284944745,0.0,0.0000011400000000000000966436132510128942385563277639448642730712890625,btc,71666.05348564,0.0013437705579455,0.08672646349998869,91
1,[],22,[],2019-03-05 06:11:44,65900.0,0.00000001,0.000000000000372337,6847497,2019-03-05 06:11:44,BTC,3e-06,0.0,0.00000001,BTC,1.0,0.0,0.000659,91
0,[],2,[],2019-01-20 23:31:45,0.0,0,0,6477083,2019-01-20 23:31:45,,0.0,0.0,0,,0.0,0.0,0.0,91
0,[],17,[],2019-03-05 05:58:23,0.0,0,0,6847307,2019-03-05 05:58:23,btc,0.0,0.0,0,btc,0.0,0.0,0.0,91
0.0000000001238949,[],22,[],2019-03-05 06:11:48,1820000.0,6.194745e-18,2.306532769065e-22,6847498,2019-03-05 06:11:48,LTC,8.54731773,0.0,0.00000005,LTC,72219994.1,0.0,0.091,95
0.0000000001238949,[],4,[],2019-03-05 06:11:48,646374873.2527385,8.4248532e-17,3.1368845659284e-21,6847499,2019-03-05 06:11:48,ltc,11.894686018468558,0.0,0.00000068,ltc,136359063.75997812,0.00010079,1.9268480791001863e-09,96
1,[],12,[],2019-03-05 06:11:49,75309.47400001,0.00000001,0.000000000000372337,6847500,2019-03-05 06:11:49,btc,378535.46164871764,0.0,0.00000001,btc,8978849.42490483,0.0005340308491508,0.0007530947400001,96
0,[],17,[],2019-03-05 06:12:01,0.0,0,0,6847501,2019-03-05 06:12:01,btc,0.0,0.0,0,btc,0.0,0.0,0.0,96
1,[],4,[],2019-03-05 06:12:02,1757887.58994787,0.00000023,0.000000000008563751,6847502,2019-03-05 06:12:02,btc,2.6520887331349483,0.0,0.00000023,btc,2533383.18291206,0.04537084,0.108163107862003,99
1,[],4,[],2019-03-05 06:12:02,340840.95449335,0.00004146,0.000000001543709202,6847503,2019-03-05 06:12:02,btc,11.177464180985833,0.0,0.00004146,btc,153023.35801911,2.70092622,2.6193934856760555,100
0,[],2,[],2019-01-20 23:23:55,0.0,0,0,6476914,2019-01-20 23:23:55,,0.0,0.0,0,,0.0,0.0,0.0,100
1,[],22,[],2019-03-05 06:12:06,50000.0,0.00000001,0.000000000000372337,6847504,2019-03-05 06:12:06,BTC,23.49896609,0.0,0.00000001,BTC,10277.22,0.0,0.0005,101
1,[],4,[],2019-03-05 06:12:07,476699.56108085,0.00000083,0.000000000030903971,6847505,2019-03-05 06:12:07,btc,308.0504376741799,0.0,0.00000083,btc,502826.00273697,0.10142433,0.2385011270019698,103
1,[],12,[],2019-03-05 06:12:09,66059669.746,0.000000009,0.0000000000003351033,6847506,2019-03-05 06:12:09,btc,137279914.4634551,0.0,0.000000009,btc,126511000.63340381,0.03267520695904116,0.24782864271399999,105
1,[],27,[],2019-03-05 06:12:11,115397.89,0.00000001,0.000000000000372337,6847507,2019-03-05 06:12:11,btc,36.59332814491341,1044311.50067673,0.00000001,btc,822331.73571724,0.02088623,0.0011539789,105
1,[],22,[],2019-03-05 06:12:15,9328.0,0.00000001,0.000000000000372337,6847508,2019-03-05 06:12:15,BTC,51.10837004,0.0,0.00000001,BTC,470435.0,0.0,9.328e-05,107
1,[],26,[],2019-03-05 06:12:15,0.0,0.00000000,0,6847509,2019-03-05 06:12:15,btc,0.0,0.0,0.00000000,btc,0.0,0.0,0.0,107
1,[],5,[],2019-03-05 06:12:17,0.0,0,0,6847510,2019-03-05 06:12:17,btc,0.0,1.907e-05,0,btc,0.0,0.0,0.0,112
1,[],22,[],2019-03-05 06:12:20,1966.0,0.00000001,0.000000000000372337,6847511,2019-03-05 06:12:20,BTC,2.81243288,0.0,0.00000001,BTC,828524.0833333334,0.0,1.966e-05,112
0.0000000003392829,[],27,[],2019-03-05 06:12:23,22000.0,2.0356974e-17,7.579654628238e-22,6847512,2019-03-05 06:12:23,eth,1.24892491849924,0.0,0.00000006,"btc,eth",1288.641654,0.0,4.13925138e-13,112
1,[],4,[],2019-03-05 06:12:25,1237509.35072259,0.00000192,0.000000000071488704,6847513,2019-03-05 06:12:25,btc,4.846797935055629,0.0,0.00000192,btc,340098.13926095,0.06426167,0.8987088267508478,113
1,[],5,[],2019-03-05 06:12:26,0.0,0,0,6847514,2019-03-05 06:12:26,btc,0.0,0.0,0,btc,0.0,0.0,0.0,113
0,[],27,[],2019-03-05 05:59:09,0.0,0,0,6847326,2019-03-05 05:59:09,,0.0,0.0,0,btc,0.0,0.0,0.0,116
1,[],17,[],2019-03-05 05:09:18,152738.278,0.00000004,0.0000000000014895600000000002,6847129,2019-03-05 05:09:18,btc,1.33680302678,0.0,0.00000004,btc,50696.221,0.0,0.0022095311199999998,116
1,[],4,[],2019-03-05 06:12:27,95624.27710326,0.00002628,0.000000000978501636,6847515,2019-03-05 06:12:27,btc,29.351210544221914,0.0,0.00002628,btc,86799.74402194,1.53119941,1.3321960457709743,120
1,[],7,[],2019-03-05 06:12:29,21330.02094879,0.000026380000000000001537936444861998097621835768222808837890625,0.000000000982225006,6847516,2019-03-05 06:12:29,btc,115647.69108813601,30.12407667,0.000026380000000000001537936444861998097621835768222808837890625,btc,56501.30881301,0.00092773,0.054961141779705604,120
1,[],20,[],2019-03-05 06:12:32,1950003.9527,0.000000035,0.0000000000013031795,6847517,2019-03-05 06:12:32,btc,32.2957660501996,18424.2,0.000000035,btc,1009791.7699,0.0006727775,0.0223334331066,125
1,[],22,[],2019-03-05 05:59:18,3053.0,0.00000001,0.000000000000371989,6847330,2019-03-05 05:59:18,BTC,0.01444887,0.0,0.00000001,BTC,296263.5111111111,0.0,3.053e-05,126
1,[],4,[],2019-03-05 06:12:33,154724.42877244,0.00001281,0.000000000476963697,6847518,2019-03-05 06:12:33,btc,4.126439596893317,0.0,0.00001281,btc,116558.7100866,0.19010965,0.747615033596914,131
0,[],17,[],2019-03-05 06:12:44,0.0,0,0,6847519,2019-03-05 06:12:44,btc,0.0009561751951600001,0.0,0,btc,35.42829368,0.0,0.0,131
0,[],2,[],2019-01-20 23:25:46,0.0,0,0,6476969,2019-01-20 23:25:46,,0.0,0.0,0,,0.0,0.0,0.0,131
1,[],4,[],2019-03-05 06:12:45,4557.1686402,0.00016001,0.000000005957764337,6847520,2019-03-05 06:12:45,btc,1.6199264436973568,0.0,0.00016001,btc,238.12730989,0.0,0.0084138371883655,135
1,[],3,[],2019-03-04 23:53:52,1063515.28776843,0.00000004,0.000000000001486156,6845230,2019-03-04 23:53:52,btc,0.10322328207855509,23700.2,0.00000004,btc,531673.35144011,0.0,0.0312037341737019,136
1,[],4,[],2019-03-05 06:12:46,278070.45556349,0.00000159,0.000000000059201583,6847521,2019-03-05 06:12:46,btc,38.23732021474398,0.0,0.00000159,btc,517954.653775,0.02233996,0.0794687596955414,137
1,[],12,[],2019-03-05 06:12:47,293121.27918829,0.00000154999999999999998279913253351747215447176131419837474822998046875,0.000000000057712235,6847522,2019-03-05 06:12:47,btc,11807.60044707881,0.0,0.00000154999999999999998279913253351747215447176131419837474822998046875,btc,125097.44127342,0.0018787391066254,0.0183385800000119,137
1,[],4,[],2019-03-05 06:12:48,107544.47817679,0.00004143,0.000000001542592191,6847523,2019-03-05 06:12:48,btc,28.749736171848827,0.0,0.00004143,btc,42098.66770887,0.1132561,0.7332284874598443,142
1,[],5,[],2019-03-05 06:12:50,0.0,0,0,6847524,2019-03-05 06:12:50,btc,0.0,0.18855963,0,btc,0.0,0.0,0.0,142
1,[],20,[],2019-03-05 06:13:02,132787.2097,0.000028061,0.0000000010448148557,6847525,2019-03-05 06:13:02,btc,0.3065065109112,0.0,0.000028061,btc,1594.2632,0.0,0.2221733438435,142
1,[],22,[],2019-03-05 06:13:06,1685.8988921568628,0.00004000,0.000000001489348,6847526,2019-03-05 06:13:06,BTC,3.00385504,0.0,0.00004000,BTC,891.218,0.0,0.00174536,142
0.0,[],25,[],2019-03-05 06:13:07,0.0,0,0,6847527,2019-03-05 06:13:07,,0.0,0.0,0.0,btc,0.0,0.0,0.0,142
1,[],28,[],2019-03-05 06:13:09,76144.0,0.00000820,0.00000000030531634,6847528,2019-03-05 06:13:09,btc,0.0639742472,1755.0,0.00000820,btc,500.6113,0.0,0.004468,142
1,[],17,[],2019-03-05 05:09:38,22967.386363640002,0.00000088,0.000000000032770320000000004,6847140,2019-03-05 05:09:38,btc,20.069913352637705,0.0,0.00000088,btc,2746.079105,0.0,0.0104613000000032,142
0,[],22,[],2019-03-05 06:13:11,0.0,0,0,6847529,2019-03-05 06:13:11,,60.71782865,0.0,0,,695843617.3,0.0,0.0,143
0,[],22,[],2019-02-25 15:42:22,0.0,0,0,6783783,2019-02-25 15:42:22,,4.2131946,0.0,0,,2322156.0,0.0,0.0,146
,[],22,[],2018-11-20 23:01:11,0.0,0,0,4862114,2018-11-20 23:01:11,,2.56807021,0.0,,,61828.4988236,0.0,0.0,147
1,[],12,[],2019-03-05 06:13:13,224328.60168212,0.000002120000000000000031120939159023919273749925196170806884765625,0.000000000078935444,6847530,2019-03-05 06:13:13,btc,28.614937688195123,0.0,0.000002120000000000000031120939159023919273749925196170806884765625,btc,117338.96938791,2.13459e-05,0.0351238399998962,148
1,[],4,[],2019-03-05 06:13:13,258344.56791432,0.00000029,0.000000000010797773,6847531,2019-03-05 06:13:13,btc,219.99195278822913,0.0,0.00000029,btc,840539.28760321,0.00445332,0.0615852236639211,152
0,[],22,[],2019-03-05 06:13:16,0.0,0,0,6847532,2019-03-05 06:13:16,,0.0,0.0,0,,0.0,0.0,0.0,152
1,[],5,[],2019-03-05 06:13:18,0.0,0,0,6847533,2019-03-05 06:13:18,btc,0.0,0.0,0,btc,0.0,0.0,0.0,153
,[],16,[],2019-01-11 15:38:59,0.0,0,0,6366141,2019-01-11 15:38:59,btc,0.0,0.0,,btc,0.0,0.0,0.0,155
0,[],22,[],2019-03-05 06:13:27,0.0,0,0,6847534,2019-03-05 06:13:27,,6.7463875,0.0,0,,4674391.242592593,0.0,0.0,156
0,[],23,[],2019-01-20 23:24:29,0.0,0,0,6476932,2019-01-20 23:24:29,,0.0,0.0,0,,0.0,0.0,0.0,156
1,[],22,[],2019-03-05 06:13:31,7073.8,0.00005300,0.0000000019733861,6847535,2019-03-05 06:13:31,BTC,1.80343699,0.0,0.00005300,BTC,899.6422341958436,0.0,0.00104336,157
0,[],22,[],2019-03-05 06:13:38,0.0,0,0,6847536,2019-03-05 06:13:38,,50175.67608608,0.0,0,,54079135.04179466,0.0,0.0,158
,[],17,[],2018-11-20 22:56:10,0.0,0,0,4861976,2018-11-20 22:56:10,btc,1.1265625,0.0,,btc,1000.0,0.0,0.0,159
,[],20,[],2018-11-20 22:56:12,0.0,0,0,4861977,2018-11-20 22:56:12,btc,11912.7940471,0.0,,btc,34413894.3617,0.0,0.0,159
1,[],12,[],2019-03-05 06:13:39,180397.29134081,0.00000740000000000000030041073795228356857478502206504344940185546875,0.00000000027552938,6847537,2019-03-05 06:13:39,btc,6.641656195546528,0.0,0.00000740000000000000030041073795228356857478502206504344940185546875,btc,13564.69488146,0.0129408562509048,0.0846512648231614,168
1,[],17,[],2019-03-05 05:10:16,29784.95,0.000001,0.000000000037239,6847154,2019-03-05 05:10:16,btc,0.03026736251542,0.0,0.000001,btc,144.46171372,0.0,0.00716147,168
0,[],22,[],2019-03-05 06:13:42,0.0,0,0,6847538,2019-03-05 06:13:42,,1.1341504,0.0,0,,539283.174707144,0.0,0.0,169
1,[],22,[],2019-03-05 06:13:46,203600.0,0.00000002,0.000000000000744674,6847539,2019-03-05 06:13:46,BTC,13.25047031,0.0,0.00000002,BTC,146217.2939341018,0.0,0.002072,171
1,[],22,[],2019-03-05 06:13:50,804828.6666666666,0.00000005,0.000000000001861685,6847540,2019-03-05 06:13:50,BTC,2.19435675,0.0,0.00000005,"BTC,LTC",237796.90307429337,2.36e-06,0.02489686,173
1,[],5,[],2019-03-05 01:59:40,0.0,0,0,6845846,2019-03-05 01:59:40,btc,0.0,0.00384852,0,btc,0.0,0.0,0.0,175
1,[],22,[],2019-03-05 06:13:53,36490.833333333336,0.0000003,0.000000000011170109999999999,6847541,2019-03-05 06:13:53,BTC,0.54826403,0.0,0.0000003,BTC,138776.41384013777,0.0,0.00239125,176
1,[],7,[],2019-03-05 06:13:54,0.0,0,0,6847542,2019-03-05 06:13:54,btc,410918.84255256574,0.0,0,btc,117734633.84370454,0.0,0.0,178
0,[],22,[],2019-03-05 06:13:57,0.0,0,0,6847543,2019-03-05 06:13:57,,1.00242438,0.0,0,,57522.0,0.0,0.0,178
0,[],2,[],2019-01-20 23:28:34,0.0,0,0,6477001,2019-01-20 23:28:34,,0.0,0.0,0,,0.0,0.0,0.0,178
1,[],5,[],2019-03-05 06:13:58,0.0,0,0,6847544,2019-03-05 06:13:58,btc,0.0,0.12454305,0,btc,0.0,0.0,0.0,179
1,[],22,[],2019-03-05 06:14:03,6949180.5,0.00000002,0.000000000000744674,6847545,2019-03-05 06:14:03,BTC,5.66994705,0.0,0.00000002,"BTC,LTC",18378268.089868754,0.0,0.37392433,179
0,[],23,[],2019-01-20 23:25:08,0.0,0,0,6476952,2019-01-20 23:25:08,,0.0,0.0,0,,0.0,0.0,0.0,179
1,[],17,[],2019-03-05 06:14:05,10504.725,0.0000001,0.00000000000372337,6847546,2019-03-05 06:14:05,btc,5.201069583843634,0.0,0.0000001,btc,5033.45945,0.0,0.0010504725,180
1,[],22,[],2019-03-05 06:14:10,148605.4,0.00000100,0.0000000000372337,6847547,2019-03-05 06:14:10,BTC,0.24514472,0.0,0.00000100,"BTC,LTC",83009.47835911435,0.02170155,0.01180544,180
1,[],26,[],2019-03-05 06:14:10,0.0,0.00000125,0.000000000046542125,6847548,2019-03-05 06:14:10,btc,0.0,150.0,0.00000125,btc,0.0,0.0,0.0,180
,[],7,[],2018-11-20 22:58:01,562227.975654,0.00000085,0.000000000036176765,4862015,2018-11-20 22:58:01,btc,21836.6059674,2491.87645172,,btc,749999.041456,0.00211021,0.127565380455,183
,[],5,[],2019-01-10 08:11:41,0.0,0,0,6347036,2019-01-10 08:11:41,btc,82.15055501,0.00261,,btc,1.19002445,0.0,0.0,187
1,[],24,[],2019-03-05 06:14:11,0.0,0.000000000001,3.72337e-17,6847549,2019-03-05 06:14:11,btc,0.0,0.0,0.000000000001,btc,0.0,0.0,0.0,187
,[],17,[],2018-11-16 20:58:10,4062536.27273,0.00000001,0.000000000000550501,4708775,2018-11-16 20:58:10,btc,3.36492563466,0.195460381006,,"btc,eth",110697919.549,0.0,0.0157628953496,187
0,[],22,[],2019-03-04 23:55:24,0.0,0,0,6845261,2019-03-04 23:55:24,,7.42841024,0.0,0,,79361.7243078683,0.0,0.0,191
0,[],22,[],2019-03-05 06:14:15,0.0,0,0,6847550,2019-03-05 06:14:15,,0.0,0.0,0,,0.0,0.0,0.0,197
0,[],23,[],2019-01-20 23:31:41,0.0,0,0,6477079,2019-01-20 23:31:41,,0.0,0.0,0,,0.0,0.0,0.0,199
0,[],22,[],2019-03-05 06:14:18,0.0,0,0,6847551,2019-03-05 06:14:18,,5.19477622,0.0,0,,21058553.0,0.0,0.0,199
1,[],26,[],2019-03-05 06:14:18,0.0,0.00000000,0,6847552,2019-03-05 06:14:18,btc,0.0,153623.0,0.00000000,btc,0.0,0.0,0.0,199
0,[],17,[],2019-01-30 16:32:01,0.0,0,0,6540827,2019-01-30 16:32:01,btc,6.802544163788159,0.0,0,btc,105897.55575295,0.0,0.0,200
0,[],2,[],2019-01-20 23:30:49,0.0,0,0,6477059,2019-01-20 23:30:49,,0.0,0.0,0,,0.0,0.0,0.0,201
1,[],4,[],2019-01-25 15:51:35,2084389.58565343,0.00000936,0.000000000333526752,6499557,2019-01-25 15:51:35,btc,2.0092503037378524,0.0,0.00000936,btc,160195.80207885,0.19272417,1.242687955921835,211
1,[],7,[],2019-03-05 06:14:21,2391692.01598998,0.000001269999999999999910766366496839285815667608403600752353668212890625,0.000000000047286799,6847553,2019-03-05 06:14:21,btc,15476656.044797806,227829.592865,0.000001269999999999999910766366496839285815667608403600752353668212890625,btc,13511981.55328693,0.0,1.9971130367248446,212
1,[],5,[],2019-03-05 06:14:24,0.0,0,0,6847554,2019-03-05 06:14:24,btc,0.0,0.11301855,0,btc,0.0,0.0,0.0,213
1,[],24,[],2019-03-05 06:14:24,0.0,0.000000120000,0.000000000004468044,6847555,2019-03-05 06:14:24,btc,0.0,0.0,0.000000120000,btc,0.0,0.0,0.0,213
1,[],26,[],2019-03-05 06:14:24,0.0,0.00000010,0.00000000000372337,6847556,2019-03-05 06:14:24,btc,0.0,0.0,0.00000010,btc,0.0,0.0,0.0,213
1,[],12,[],2019-01-25 02:44:32,207462.42853209,0.000001080000000000000035831255497387193287295303889550268650054931640625,0.000000000038610756000000006,6493050,2019-01-25 02:44:32,btc,85023.03793723314,0.0,0.000001080000000000000035831255497387193287295303889550268650054931640625,btc,43675.73520027,0.000146250909087,0.0348620860622024,213
1,[],22,[],2019-03-05 06:14:28,45166.0,0.00000002,0.000000000000744674,6847557,2019-03-05 06:14:28,BTC,2.23272342,0.0,0.00000002,BTC,620045.3963726171,0.00038792,0.00061247,216
1,[],27,[],2019-03-05 06:14:31,1298602.0,0.00000003,0.000000000001117011,6847558,2019-03-05 06:14:31,btc,316.25863360644,0.0,0.00000003,"btc,ltc",238161.907,0.0,0.03377204000022301,216
1,[],22,[],2019-03-05 06:14:34,175317.06081954937,0.00000178,0.000000000066275986,6847559,2019-03-05 06:14:34,BTC,12673.43101952,0.0,0.00000178,BTC,389504.3423827462,0.01154136,0.20048877,217
1,[],7,[],2019-03-05 06:14:36,0.0,0,0,6847560,2019-03-05 06:14:36,btc,77969.65966620563,0.0,0,btc,136168678.88835862,0.0,0.0,219
0,[],27,[],2019-03-05 06:14:39,0.0,0,0,6847561,2019-03-05 06:14:39,,0.03997288,0.0,0,btc,2007233.0,0.0,0.0,219
0.0000000000000052,[],28,[],2019-03-05 06:14:41,169558225.595,5.200052e-18,1.936171761524e-22,6847562,2019-03-05 06:14:41,doge,84213.6327103825,445822.0,0.00100001,"btc,doge",3504260.84751,0.0,1.9165686115139875e-11,219
1,[],22,[],2019-03-05 06:01:54,295713.6666666667,0.00000004,0.000000000001487956,6847375,2019-03-05 06:01:54,BTC,2.79636273,0.0,0.00000004,BTC,86564.27041875875,0.000172,0.00922585,221
1,[],24,[],2019-03-05 06:01:54,0.0,0.000000200000,0.00000000000743978,6847376,2019-03-05 06:01:54,btc,0.0,0.0,0.000000200000,btc,0.0,0.0,0.0,221
1,[],20,[],2019-03-05 06:14:43,39105329.5253,0.000000001,0.0000000000000372337,6847563,2019-03-05 06:14:43,btc,48.4414392087255,1038039.1081,0.000000001,btc,15826885.0042,0.0010380391081,0.0391053295253,224
0,[],22,[],2019-03-05 06:14:46,0.0,0,0,6847564,2019-03-05 06:14:46,,0.0,0.0,0,,0.0,0.0,0.0,224
1,[],26,[],2019-03-05 06:14:46,0.0,0.00000035,0.000000000013031795,6847565,2019-03-05 06:14:46,btc,0.0,0.0,0.00000035,btc,0.0,0.0,0.0,231
1,[],26,[],2019-03-05 06:14:46,0.0,0.00000005,0.000000000001861685,6847566,2019-03-05 06:14:46,btc,0.0,100.0,0.00000005,btc,0.0,0.0,0.0,234
0.0000000003392829,[],27,[],2019-03-05 06:14:48,2000.0,3.392829e-18,1.263275771373e-22,6847567,2019-03-05 06:14:48,eth,0.01134836604,0.0,0.00000001,"btc,eth",11462.996,0.0,6.785658e-15,234
1,[],4,[],2019-03-05 06:14:49,773767.5147005,0.00000075,0.000000000027925275,6847568,2019-03-05 06:14:49,btc,4.7483630006793165,0.0,0.00000075,btc,1226440.58027884,0.06987175,0.1933505134387509,236
1,[],24,[],2019-03-05 06:14:49,0.0,0.000000300000,0.000000000011170109999999999,6847569,2019-03-05 06:14:49,btc,0.0,0.0,0.000000300000,btc,0.0,0.0,0.0,236
1,[],20,[],2019-03-05 06:14:51,173994576.9282,0.000000068,0.0000000000025318916,6847570,2019-03-05 06:14:51,btc,13.1486185318978,29884480.2592,0.000000068,btc,41587318.7534,1.9670911161724,0.619507099129,237
0.0000000001238949,[],22,[],2019-03-05 06:14:55,751594.9,2.1062133e-17,7.842211414821e-22,6847571,2019-03-05 06:14:55,LTC,0.0413973,0.0,0.00000017,LTC,7239.0,0.0,0.12541949,237
1,[],4,[],2019-03-05 06:14:56,8763542.54626919,0.00000033,0.000000000012287121,6847572,2019-03-05 06:14:56,btc,6.5869247132595925,0.0,0.00000033,btc,10469311.98985851,0.16771084,2.1731182596603653,238
1,[],5,[],2019-03-05 06:14:58,0.0,0,0,6847573,2019-03-05 06:14:58,btc,0.0,0.00471216,0,btc,0.0,0.0,0.0,238
0,[],22,[],2019-03-05 06:15:01,0.0,0,0,6847574,2019-03-05 06:15:01,,0.41339518,0.0,0,,316626.5639027493,0.0,0.0,249
0.0000000001238949,[],22,[],2019-03-05 06:15:07,87163180.66666667,4.955796e-18,1.8452262152519999e-22,6847575,2019-03-05 06:15:07,LTC,1.06561926,0.0,0.00000004,LTC,18515189.09,1.5732357766452e-11,2.70466333,252
1,[],28,[],2019-03-05 06:15:24,2215341.628,0.00000035,0.000000000013031795,6847576,2019-03-05 06:15:24,btc,164732.8071274518,89752.0,0.00000035,btc,2592067.7844,0.0,0.36897778962,256
1,[],22,[],2019-03-05 06:15:27,1070354.0,0.00000002,0.000000000000744674,6847577,2019-03-05 06:15:27,BTC,31.47164001,0.0,0.00000002,BTC,671687.0957866946,0.0003,0.01087354,258
1,[],22,[],2019-03-05 06:15:31,48751.0,0.00000001,0.000000000000372337,6847578,2019-03-05 06:15:31,BTC,2.4175745,0.0,0.00000001,BTC,1762.0,0.0,0.00048751,259
1,[],5,[],2019-03-05 06:15:32,0.0,0,0,6847579,2019-03-05 06:15:32,btc,0.0,0.63863859,0,btc,0.0,0.0,0.0,264
1,[],20,[],2019-03-05 06:15:34,1255620.7182,0.00000221,0.000000000082286477,6847580,2019-03-05 06:15:34,btc,7.4522322161966,243621.6407,0.00000221,btc,104711.69,0.6020112831447,0.018302306054,264
0,[],22,[],2019-03-05 06:15:37,0.0,0,0,6847581,2019-03-05 06:15:37,,8.45802393,0.0,0,,433537.34411321935,0.0,0.0,271
0,[],22,[],2019-03-05 06:15:39,0.0,0,0,6847582,2019-03-05 06:15:39,,264.68187857,0.0,0,,13780784220.692,0.0,0.0,272
0.0000000000000052,[],28,[],2019-03-05 06:15:42,216837877380.905,4.9400000000000004e-21,1.83934478e-25,6847583,2019-03-05 06:15:42,doge,151021502.72934228,14573904428.1343,0.00000095,doge,192730936569.2923,0.0,5.999070402176418e-10,272
1,[],22,[],2019-03-05 06:15:47,159610.74,0.00000200,0.0000000000744674,6847584,2019-03-05 06:15:47,BTC,74.34381172,0.0,0.00000200,"BTC,LTC",9549.447639773189,0.0102506,0.0450435,281
1,[],22,[],2019-03-05 06:03:01,93292.0,0.00000003,0.000000000001115967,6847399,2019-03-05 06:03:01,BTC,1.18411151,0.0,0.00000003,BTC,129781.04086072839,0.00920085,0.00253452,286
0,[],22,[],2019-03-05 06:15:50,0.0,0,0,6847585,2019-03-05 06:15:50,,43641.05520291,0.0,0,,831015134.0,0.0,0.0,294
