pairValue,buyBook,exchangeId,sellBook,updated,buyTotal,satoshiPrice,usdPrice,exchangeLogId,created,bestPair,sellTotalBtc,volume,pairPrice,activePairs,sellTotal,volumeBtc,buyTotalBtc,coinId
0,[],2,[],2019-01-20 23:28:45,0.0,0,0,6477011,2019-01-20 23:28:45,,0.0,0.0,0,,0.0,0.0,0.0,1
1,[],3,[],2019-03-05 21:09:26,30538.696034822384,0.01270810999999999989229504393506431370042264461517333984375,0.000000489069071728,6852829,2019-03-05 21:09:26,btc,61.11246407576518,0.032596862745,0.01270810999999999989229504393506431370042264461517333984375,btc,25.223562637469,0.0,0.2924950408848876,1
1,[],4,[],2019-03-05 21:09:27,207888.57042317,0.01265701,0.000000487102498448,6852830,2019-03-05 21:09:27,btc,9.386065650667,0.0,0.01265701,btc,271.67509607,0.54880108,2.802812416527533,1
1,[],5,[],2019-03-05 21:09:30,0.0,0,0,6852831,2019-03-05 21:09:30,btc,0.0,0.03302786,0,btc,0.0,0.0,0.0,1
1,[],10,[],2019-03-05 21:09:32,414592.89637753,0.01133661,0.00000043628716852800005,6852832,2019-03-05 21:09:32,btc,6522.1597837220215,1815.27564315,0.01133661,btc,1088.0075142,0.0,5.410613395202242,1
1,[],12,[],2019-03-05 21:09:35,10500.25655014,0.0126999999999999994837462935493022087030112743377685546875,0.00000048875696,6852833,2019-03-05 21:09:35,btc,0.5141579856993,0.0,0.0126999999999999994837462935493022087030112743377685546875,btc,31.22615558,0.6153182709668,0.4851967532957,1
1,[],20,[],2019-03-05 21:09:36,1152.5477,0.010500228,0.0000004040991745344,6852834,2019-03-05 21:09:36,btc,0.0536212278696,0.7108,0.010500228,btc,2.3791,0.008884990586,0.1056010875343,1
1,[],21,[],2019-03-05 21:09:37,2291.95173216,0.01272041999999999964399144403,0.000000489542819616,6852835,2019-03-05 21:09:37,btc,16.394877040903367,3564.1331056599997,0.0127204199999999996439914440315988031215965747833251953125,"btc,eth",1623.15942582,39.15382572062352,21.59290987027833,1
1,[],22,[],2019-03-05 21:09:41,0.006382215384615385,0.01300000,0.0000005003024,6852836,2019-03-05 21:09:41,BTC,0.31439419,0.0,0.01300000,BTC,0.12751438772928525,0.0,7.978e-05,1
1,[],24,[],2019-03-05 21:09:42,0.0,0.000000000000,0,6852837,2019-03-05 21:09:42,btc,0.0,0.0,0.000000000000,btc,0.0,0.0,0.0,1
0.0,[],25,[],2019-03-05 21:09:43,0.0,0,0,6852838,2019-03-05 21:09:43,btc,19.504499998462762,1199.23999072,0.0,btc,1499.2446711,15.446,0.0,1
1,[],26,[],2019-03-05 21:10:09,0.0,0,0,6852839,2019-03-05 21:10:09,,0.0,0.0,0,,0.0,0.0,0.0,1
1,[],28,[],2019-03-05 21:10:25,993.142,0.01323000,0.000000509153904,6852840,2019-03-05 21:10:25,btc,0.162839806,17853.6,0.01323000,btc,8.9,0.0,0.089302756,1
1,[],5,[],2019-03-05 21:10:26,0.0,0,0,6852841,2019-03-05 21:10:26,btc,0.0,0.00019766,0,btc,0.0,0.0,0.0,2
0.0000000001275155,[],22,[],2019-03-05 21:10:29,1148.0,1.4026705e-16,5.39814936584e-21,6852842,2019-03-05 21:10:29,XMR,21.01373823,0.0,0.00000110,XMR,14319.12581,0.0,0.00087635,2
1,[],5,[],2019-03-05 21:10:30,0.0,0,0,6852843,2019-03-05 21:10:30,btc,0.0,0.51070105,0,btc,0.0,0.0,0.0,3
1,[],12,[],2019-03-05 21:10:31,13375738.42883,0.000000182,0.0000000000070042335999999996,6852844,2019-03-05 21:10:31,btc,924384.5195115024,0.0,0.000000182,btc,7816038.37734192,0.11368985281894678,0.72681920820631,3
0,[],28,[],2019-03-05 21:10:32,0.0,0,0,6852845,2019-03-05 21:10:32,,0.0,0.0,0,,0.0,0.0,0.0,3
0,[],2,[],2019-01-20 23:31:32,0.0,0,0,6477077,2019-01-20 23:31:32,,0.0,0.0,0,,0.0,0.0,0.0,4
1,[],4,[],2019-03-05 21:10:33,376778.38291984,0.00000033,0.000000000012699984000000001,6852846,2019-03-05 21:10:33,btc,32.170241143173314,0.0,0.00000033,btc,710412.77475616,0.00276419,0.0475245401804436,4
1,[],12,[],2019-03-05 21:10:35,1354409.35333333,0.00000003,0.000000000001154544,6852847,2019-03-05 21:10:35,btc,11013925.646301514,0.0,0.00000003,btc,1480734.32371984,9.024e-05,0.0209249703999999,5
0,[],2,[],2019-01-20 23:31:51,0.0,0,0,6477087,2019-01-20 23:31:51,,0.0,0.0,0,,0.0,0.0,0.0,6
1,[],11,[],2019-03-05 21:10:37,5580884.5,0.00000002,0.0000000000007696960000000001,6852848,2019-03-05 21:10:37,btc,9568.181960782815,133333.333333,0.00000002,btc,41670298.74119657,0.0,0.079092525,6
1,[],3,[],2019-03-05 21:10:38,1083.915592392546,0.00015113999999999999288534391350680152754648588597774505615234375,0.000000005816592672,6852849,2019-03-05 21:10:38,btc,28.402034233092024,0.0,0.00015113999999999999288534391350680152754648588597774505615234375,btc,243.122414578101,0.0,0.03369753261650777,7
1,[],4,[],2019-03-05 21:10:39,104851.00464947,0.00025426,0.000000009785145248,6852850,2019-03-05 21:10:39,btc,18.268651927474423,0.0,0.00025426,btc,51545.90124337,7.34772855,8.086703504765229,7
1,[],5,[],2019-03-05 21:10:41,0.0,0,0,6852851,2019-03-05 21:10:41,btc,0.0,1.88113078,0,btc,0.0,0.0,0.0,7
1,[],20,[],2019-02-20 02:16:17,39399275.8418,0.000000001,0.0000000000000390183,6728586,2019-02-20 02:16:17,btc,116.9737569154545,525.0,0.000000001,btc,56932965.8895,5.25e-07,0.0393992758418,8
0,[],2,[],2019-01-20 23:22:42,0.0,0,0,6476876,2019-01-20 23:22:42,,0.0,0.0,0,,0.0,0.0,0.0,9
0,[],23,[],2019-01-20 23:22:48,0.0,0,0,6476878,2019-01-20 23:22:48,,0.0,0.0,0,,0.0,0.0,0.0,9
1,[],1,[],2019-02-17 23:31:42,1822507.21,0.00000181000000000000003456111265232042484285557293333113193511962890625,0.000000000066086901,6701244,2019-02-17 23:31:42,btc,3.6990969245,17153386.5,0.00000181000000000000003456111265232042484285557293333113193511962890625,btc,1997391.71,31.11772986,3.2610482446,9
1,[],4,[],2019-03-05 21:10:43,1106738.59598713,0.00000157,0.000000000060421136,6852852,2019-03-05 21:10:43,btc,5.283433869170843,0.0,0.00000157,btc,2541600.20220283,1.75507494,0.8528684590410537,9
1,[],28,[],2019-03-05 21:10:49,38763.15,0.00000166,0.000000000063884768,6852853,2019-03-05 21:10:49,btc,2708.761281370583,3551940.56,0.00000166,btc,11954.1497,0.0,0.035616829,9
1,[],4,[],2019-02-17 11:22:43,4341674.27126056,0.00000002,0.0000000000007272960000000001,6696112,2019-02-17 11:22:43,btc,0.1997230937751353,0.0,0.00000002,btc,4109766.79808031,0.00215132,0.0479381022052112,10
0,[],2,[],2019-01-20 23:23:08,0.0,0,0,6476890,2019-01-20 23:23:08,,0.0,0.0,0,,0.0,0.0,0.0,12
1,[],4,[],2019-03-05 21:10:50,5928610.24014076,0.00000121,0.000000000046566608,6852854,2019-03-05 21:10:50,btc,10.919331532450808,0.0,0.00000121,btc,5789680.97012036,2.8398234,3.569147611342514,12
1,[],5,[],2019-03-05 21:10:51,0.0,0,0,6852855,2019-03-05 21:10:51,btc,0.0,0.50836441,0,btc,0.0,0.0,0.0,12
0.0,[],25,[],2019-03-05 21:10:53,0.0,0,0,6852856,2019-03-05 21:10:53,,0.0,0.0,0.0,btc,0.0,0.0,0.0,12
1,[],10,[],2019-03-05 19:17:58,413274.64472642,0.0000055,0.00000000021147004999999998,6852357,2019-03-05 19:17:58,btc,666802.4888661221,22872.9403887,0.0000055,btc,728454.99676496,0.0,0.2207774043053546,13
1,[],4,[],2019-03-05 21:10:54,32002354.79259485,0.00000590,0.00000000022706032,6852857,2019-03-05 21:10:54,btc,3.1989699910479445,0.0,0.00000590,btc,424670.60395616,0.84928179,1.1156617055459266,13
1,[],21,[],2019-03-05 21:10:57,1176075.30236447,0.000006250000000000000299510850149,0.00000000024053,6852858,2019-03-05 21:10:57,btc,7.826517262758711,1848916.37206364,0.0000062500000000000002995108501491205998945588362403213977813720703125,btc,1155668.73624945,11.01027154,6.491153591339506,13
1,[],4,[],2019-03-05 21:10:58,766099.01904358,0.00000147,0.000000000056572656,6852859,2019-03-05 21:10:58,btc,16.66463656118194,0.0,0.00000147,btc,899553.91539613,0.05818792,0.2317257042440058,14
1,[],12,[],2019-03-05 21:10:59,213668.69615935,0.000001359999999999999896105784720490294859018831630237400531768798828125,0.000000000052339328,6852860,2019-03-05 21:10:59,btc,5.29127308453475,0.0,0.000001359999999999999896105784720490294859018831630237400531768798828125,btc,31237.09625984,0.0,0.022802519999856,14
0,[],17,[],2019-03-05 21:11:00,0.0,0,0,6852861,2019-03-05 21:11:00,btc,0.0,0.0,0,btc,0.0,0.0,0.0,14
1,[],26,[],2019-03-05 21:11:01,0.0,0.00000050,0.000000000019242400000000002,6852862,2019-03-05 21:11:01,btc,0.0,0.0,0.00000050,btc,0.0,0.0,0.0,14
,[],12,[],2018-12-01 15:15:48,204241.84496,0.00000489,0.000000000202473384,5260204,2018-12-01 15:15:48,btc,49.5475654835,0.0,,btc,35763.2193806,0.0163153972027625,0.0203389899998,15
0,[],4,[],2019-03-05 21:11:02,0.0,0,0,6852863,2019-03-05 21:11:02,,0.0,0.0,0,,0.0,0.0,0.0,15
1,[],4,[],2019-03-05 21:11:03,24599.8261317,0.00001760,0.0000000006773324800000001,6852864,2019-03-05 21:11:03,btc,1.3621506114183206,0.0,0.00001760,btc,15998.6390932,0.02755391,0.0592212434188578,18
1,[],10,[],2019-03-05 21:11:05,785629.76507306,0.00001733,0.000000000666941584,6852865,2019-03-05 21:11:05,btc,15.382890799270827,1560.53799094,0.00001733,btc,13090.75019146,0.0,0.1689870845037578,18
1,[],12,[],2019-03-05 21:11:06,193229.86411445998,0.00001739999999999999942437538258399598589676315896213054656982421875,0.00000000066963552,6852866,2019-03-05 21:11:06,btc,23.629642789327637,0.0,0.00001739999999999999942437538258399598589676315896213054656982421875,btc,1822.26019173,0.0069485997392824,0.0380567593774114,18
0,[],2,[],2019-01-20 23:23:38,0.0,0,0,6476906,2019-01-20 23:23:38,,0.0,0.0,0,,0.0,0.0,0.0,18
0,[],17,[],2019-03-05 20:09:42,0.0,0,0,6852479,2019-03-05 20:09:42,btc,0.0,0.0,0,btc,0.0,0.0,0.0,18
1,[],3,[],2019-03-05 21:11:08,118653.74273165847,0.000020100000000000000678623823802126935333944857120513916015625,0.00000000077354448,6852867,2019-03-05 21:11:08,btc,0.5228130954498478,1252.01595774,0.000020100000000000000678623823802126935333944857120513916015625,btc,8754.229922719222,0.0,0.03640897419869054,19
1,[],4,[],2019-03-05 21:11:09,425639.09012393,0.00001930,0.0000000007427566400000001,6852868,2019-03-05 21:11:09,btc,3.312977772903061,0.0,0.00001930,btc,122126.22689378,0.52559141,2.612627900828163,19
1,[],5,[],2019-03-05 21:11:10,0.0,0,0,6852869,2019-03-05 21:11:10,btc,0.0,0.00548902,0,btc,0.0,0.0,0.0,19
1,[],12,[],2019-03-05 21:11:11,135566.71708379,0.00001838000000000000020588565574630735000027925707399845123291015625,0.000000000707350624,6852870,2019-03-05 21:11:11,btc,0.1116263730862832,0.0,0.00001838000000000000020588565574630735000027925707399845123291015625,btc,417.56200924,0.0001837,0.1260802800000602,19
0,[],27,[],2019-03-05 21:11:13,0.0,0,0,6852871,2019-03-05 21:11:13,,0.0,0.0,0,btc,0.0,0.0,0.0,19
0,[],2,[],2019-01-20 23:24:19,0.0,0,0,6476924,2019-01-20 23:24:19,,0.0,0.0,0,,0.0,0.0,0.0,19
1,[],4,[],2019-03-05 21:11:14,2769409.95671246,0.00000013,0.0000000000050030240000000005,6852872,2019-03-05 21:11:14,btc,7.379434462698312,0.0,0.00000013,btc,2854741.63197908,0.00115438,0.0767787845560673,20
1,[],4,[],2019-03-05 21:11:15,104044721.4240369,0.00000002,0.0000000000007696960000000001,6852873,2019-03-05 21:11:15,btc,1803.1968178724417,0.0,0.00000002,btc,55486694.38439335,0.00022829,1.1676348716013787,21
1,[],12,[],2019-03-05 21:11:15,17916951.0,0.00000002,0.0000000000007696960000000001,6852874,2019-03-05 21:11:15,btc,670.8733402334847,0.0,0.00000002,btc,8127598.32857329,0.0,0.23057926,21
0,[],17,[],2019-03-05 20:10:06,0.0,0,0,6852488,2019-03-05 20:10:06,btc,0.0,0.0,0,btc,0.0,0.0,0.0,21
1,[],12,[],2019-03-05 21:11:17,3121072798.531895,0.0000000001,0.0000000000000038484800000000006,6852875,2019-03-05 21:11:17,btc,975866455575.8818,0.0,0.0000000001,btc,5049411995.633582,0.04475970422137862,0.31210727985318953,23
0,[],27,[],2019-03-05 21:11:20,0.0,0,0,6852876,2019-03-05 21:11:20,,13.506612999873411,37685.4985015,0,eth,1987910.31314486,1.3298448613999998e-13,0.0,23
1,[],4,[],2019-03-05 21:11:20,496098.89946657,0.00000039,0.000000000015009072,6852877,2019-03-05 21:11:20,btc,9.061231649818186,0.0,0.00000039,btc,1561880.82554583,0.00120182,0.1492569055539907,24
1,[],22,[],2019-03-05 21:11:24,11.76,0.00000100,0.000000000038484800000000004,6852878,2019-03-05 21:11:24,BTC,7.415e-05,0.0,0.00000100,BTC,23.919354838709676,0.0,1.176e-05,24
0.0,[],25,[],2019-03-05 21:11:25,0.0,0,0,6852879,2019-03-05 21:11:25,,0.0,0.0,0.0,btc,0.0,0.0,0.0,24
1,[],4,[],2019-03-05 21:11:26,26581107.35206289,0.00000607,0.00000000023360273600000003,6852880,2019-03-05 21:11:26,btc,62.30068357458649,0.0,0.00000607,btc,243367.96340139,0.16801809,0.4545223585065996,26
1,[],10,[],2019-03-05 21:11:27,686467.02074154,0.00000605,0.00000000023283304,6852881,2019-03-05 21:11:27,btc,26.130853135066264,4445.94123431,0.00000605,btc,14719.9937472,0.0,0.2274161157248374,26
0,[],2,[],2019-01-20 23:25:56,0.0,0,0,6476976,2019-01-20 23:25:56,,0.0,0.0,0,,0.0,0.0,0.0,26
1,[],3,[],2019-03-05 21:11:28,10349566.88133568,0.00000001,0.00000000000038484800000000003,6852882,2019-03-05 21:11:28,btc,2.1392039161367067,24614.0,0.00000001,btc,16481893.46939095,0.0,0.1034956688133568,27
1,[],5,[],2019-03-05 21:11:29,0.0,0,0,6852883,2019-03-05 21:11:29,btc,0.0,8.004e-05,0,btc,0.0,0.0,0.0,27
1,[],11,[],2019-03-05 21:11:31,9462011.01151506,0.00000005,0.00000000000192424,6852884,2019-03-05 21:11:31,btc,67506.37927837588,8043.88,0.00000005,btc,7972323.38084264,0.0,0.4410008448653851,27
1,[],4,[],2019-03-05 21:11:32,1364743507.9744701,0.00000002,0.0000000000007696960000000001,6852885,2019-03-05 21:11:32,btc,2.7984810700273015,0.0,0.00000002,"btc,ltc",228718299.0781712,0.36880887,9.505444034599076,29
1,[],7,[],2019-03-05 21:11:33,36641577.247816525,0.00000002,0.0000000000007696960000000001,6852886,2019-03-05 21:11:33,btc,44462590.67776732,8243.39677988,0.00000002,btc,46262406.90297369,0.0,0.39250884296510863,29
1,[],4,[],2019-03-05 21:11:34,2355939.4675434,0.00000024,0.000000000009236352,6852887,2019-03-05 21:11:34,btc,2.4340844925089793,0.0,0.00000024,btc,1681595.21201503,0.00639183,0.1060702402613795,30
0,[],17,[],2019-03-05 21:11:46,0.0,0,0,6852888,2019-03-05 21:11:46,btc,0.0,0.0,0,btc,0.0,0.0,0.0,30
1,[],4,[],2019-03-05 21:11:48,215178.23732941,0.00006824,0.0000000026262027520000002,6852889,2019-03-05 21:11:48,btc,10.042384019614362,0.0,0.00006824,btc,96332.9771428,3.13555117,4.043786441641184,31
1,[],21,[],2019-03-05 21:11:48,60829.69888645,0.00007071000000000000570467284522,0.000000002721260208,6852890,2019-03-05 21:11:48,btc,8.823699052208692,1267316.51724231,0.00007071000000000000570467284521924966611550189554691314697265625,btc,109747.1397383,96.44585564,4.161060547754386,31
0,[],2,[],2019-01-20 23:28:43,0.0,0,0,6477009,2019-01-20 23:28:43,,0.0,0.0,0,,0.0,0.0,0.0,32
1,[],4,[],2019-03-05 21:11:50,446863888.15735966,0.00000004,0.0000000000015393920000000001,6852891,2019-03-05 21:11:50,btc,12.003994284128042,0.0,0.00000004,"btc,ltc",218146519.41269788,0.30736718,10.714546082483103,33
1,[],12,[],2019-03-05 21:11:51,17081311.35,0.00000004,0.0000000000015393920000000001,6852892,2019-03-05 21:11:51,btc,35634695.16286642,0.0,0.00000004,btc,96287896.60839151,0.0198416801998,0.3213862405,33
1,[],4,[],2019-03-05 21:11:52,113941829.37925623,0.00000001,0.00000000000038484800000000003,6852893,2019-03-05 21:11:52,btc,3.679628220944026,0.0,0.00000001,btc,103773930.18055308,0.05951738,1.1394182937925623,34
1,[],5,[],2019-03-05 21:11:54,0.0,0,0,6852894,2019-03-05 21:11:54,btc,0.0,0.06638164,0,btc,0.0,0.0,0.0,34
0.00000000013616800000000002,[],4,[],2019-03-05 21:11:55,1786069394.3253334,1.36168e-18,5.2403982464000003e-23,6852895,2019-03-05 21:11:55,ltc,6.646308112410266e-08,0.0,0.00000001,ltc,7647718109.0177,0.0,2.43205497286492e-09,36
1,[],5,[],2019-03-05 21:11:56,0.0,0,0,6852896,2019-03-05 21:11:56,btc,0.0,0.0,0,btc,0.0,0.0,0.0,36
0.0000000003528844,[],27,[],2019-03-05 21:12:09,11290000.0,3.528844e-18,1.358068555712e-22,6852897,2019-03-05 21:12:09,eth,222.6013767858684,0.0,0.00000001,"ltc,eth",11165403.32426039,0.0,2.2444820728000002e-11,36
0,[],17,[],2019-03-05 20:20:17,0.0,0,0,6852706,2019-03-05 20:20:17,btc,0.0746458232965017,0.0,0,btc,4103573.70243647,0.0,0.0,36
1,[],4,[],2019-03-05 21:12:10,213678.64652035,0.00000053,0.000000000020396944000000002,6852898,2019-03-05 21:12:10,btc,19772.482110405734,0.0,0.00000053,btc,564464.99070925,0.0111326,0.0876044408736699,37
1,[],12,[],2019-03-05 21:12:11,533905.1737172,0.00000056,0.000000000021551488000000002,6852899,2019-03-05 21:12:11,btc,1345.8102819377687,0.0,0.00000056,btc,943698.6975333,0.1182872853047324,0.1459636900000024,37
1,[],27,[],2019-03-05 21:12:24,14685.567,0.00000045,0.00000000001731816,6852900,2019-03-05 21:12:24,btc,25.77745805411233,0.0,0.00000045,btc,6527.38138508,0.0,0.00480032515,37
1,[],17,[],2019-03-05 20:20:33,1752.74075282,0.00000025,0.000000000009633125,6852710,2019-03-05 20:20:33,btc,0.055484923777095005,0.0,0.00000025,btc,1319.19918473,0.0,0.00043818518820499993,37
1,[],5,[],2019-03-05 21:12:25,0.0,0,0,6852901,2019-03-05 21:12:25,btc,0.0,0.00152981,0,btc,0.0,0.0,0.0,42
1,[],12,[],2019-03-05 21:12:26,261073.88513062,0.0000010600000000000000155604695795119596368749625980854034423828125,0.000000000040793888000000004,6852902,2019-03-05 21:12:26,btc,94.63821306754139,0.0,0.0000010600000000000000155604695795119596368749625980854034423828125,btc,90625.76411086,0.0164679515277022,0.06762649257323809,42
0.0000000003528844,[],27,[],2019-03-05 21:12:29,22000.0,3.528844e-17,1.358068555712e-21,6852903,2019-03-05 21:12:29,eth,0.00315028,0.0,0.0000001,"btc,eth",11.007,0.0,7.12826488e-13,42
1,[],5,[],2019-03-05 21:12:31,0.0,0,0,6852904,2019-03-05 21:12:31,btc,0.0,0.0,0,btc,0.0,0.0,0.0,43
1,[],12,[],2019-03-05 21:12:32,1426864.0,0.00000001,0.00000000000038484800000000003,6852905,2019-03-05 21:12:32,btc,3569.0781495997503,0.0,0.00000001,btc,11888342.83356641,3.6363636364e-06,0.01426864,43
0,[],17,[],2019-03-05 21:12:34,0.0,0,0,6852906,2019-03-05 21:12:34,btc,0.0,0.0,0,btc,0.0,0.0,0.0,43
1,[],12,[],2019-03-05 01:54:08,639326.02,0.00000004,0.000000000001486676,6845775,2019-03-05 01:54:08,btc,11116042.728239931,0.0,0.00000004,btc,1103841.4595604,0.0003330765234764,0.014975410599999999,44
1,[],4,[],2019-03-05 21:12:36,302349290.5461011,0.00000002,0.0000000000007696960000000001,6852907,2019-03-05 21:12:36,btc,473.65602524733856,0.0,0.00000002,"btc,ltc",11931181.65596675,0.04486334,0.24183169474084354,49
0.00000000013616800000000002,[],4,[],2019-03-05 21:12:37,94666707.62904,1.36168e-18,5.2403982464000003e-23,6852908,2019-03-05 21:12:37,ltc,25.80878386845135,0.0,0.00000001,ltc,9727165862.19817,0.0,1.289057624443112e-10,52
0.0000000001275155,[],22,[],2019-03-05 21:12:40,80845862.0,1.275155e-18,4.9074085144e-23,6852909,2019-03-05 21:12:40,XMR,4366.97466637,0.0,0.00000001,XMR,255820234.67882353,0.0,0.80845862,57
0.0000000003528844,[],27,[],2019-03-05 21:12:43,2000.0,3.528844e-18,1.358068555712e-22,6852910,2019-03-05 21:12:43,eth,0.0,0.0,0.00000001,"btc,eth",0.0,0.0,7.057687999999999e-15,57
0.00000000013616800000000002,[],4,[],2019-03-05 21:12:44,789287178.2408266,4.08504e-18,1.5721194739200002e-22,6852911,2019-03-05 21:12:44,ltc,18.807187669867947,0.0,0.00000003,ltc,4247387495.597819,0.0,1.8866480691091163e-09,58
1,[],12,[],2019-03-05 21:12:46,1706117885.843957,0.0000000004,0.000000000000015393920000000002,6852912,2019-03-05 21:12:46,btc,224005953991.25092,0.0,0.0000000004,btc,3793532463.4381394,0.021120162380419586,0.5575930385011392,58
0.0000000001275155,[],22,[],2019-03-05 21:13:00,137438.0,1.275155e-18,4.9074085144e-23,6852913,2019-03-05 21:13:00,XMR,69.8835922,0.0,0.00000001,XMR,9887963.0,0.0,0.00137438,58
0,[],17,[],2019-03-05 20:11:44,0.0,0,0,6852527,2019-03-05 20:11:44,btc,1e+24,0.0,0,btc,49226522.0897055,0.0,0.0,58
1,[],5,[],2019-03-05 21:13:01,0.0,0,0,6852914,2019-03-05 21:13:01,btc,0.0,0.0021319,0,btc,0.0,0.0,0.0,61
1,[],22,[],2019-03-05 21:13:04,13759.5,0.00000012,0.000000000004618176,6852915,2019-03-05 21:13:04,BTC,1002.2960049,0.0,0.00000012,BTC,14976.68361146909,0.0,0.00155017,61
1,[],26,[],2019-03-05 21:13:04,0.0,0.00000800,0.00000000030787840000000003,6852916,2019-03-05 21:13:04,btc,0.0,0.0,0.00000800,btc,0.0,0.0,0.0,61
1,[],27,[],2019-03-05 21:13:07,4412.22008,0.00000047,0.000000000018087856,6852917,2019-03-05 21:13:07,btc,2.8159361013141324,1463.81024259,0.00000047,"btc,eth",19642.01257617,0.00068799,0.0012442299595681753,61
1,[],28,[],2019-03-05 21:13:15,13880.304,0.0000005,0.000000000019242400000000002,6852918,2019-03-05 21:13:15,btc,2.056312978300105,768.0,0.0000005,btc,9730.59500005,0.0,0.00566391304,61
1,[],4,[],2019-03-05 21:13:17,1285879.0655412,0.00000271,0.000000000104293808,6852919,2019-03-05 21:13:17,btc,11.180188881408762,0.0,0.00000271,btc,783758.82177521,0.10510674,1.0318012763663553,67
0.0,[],25,[],2019-03-05 21:13:18,0.0,0,0,6852920,2019-03-05 21:13:18,,0.0,0.0,0.0,btc,0.0,0.0,0.0,67
1,[],12,[],2019-03-05 21:13:19,1776499.03186549,0.00000023,0.000000000008851504,6852921,2019-03-05 21:13:19,btc,11115899.277945386,0.0,0.00000023,btc,2224620.87427931,0.0008888978306353,0.0808944864411103,71
,[],5,[],2018-11-20 23:02:39,1.5e-07,0.00000005,0.000000000002128045,4862160,2018-11-20 23:02:39,btc,2.84511358,0.0,,btc,0.00036572,0.0,0.07381892,74
1,[],5,[],2019-03-05 21:13:21,0.0,0,0,6852922,2019-03-05 21:13:21,btc,0.0,0.0,0,btc,0.0,0.0,0.0,75
1,[],4,[],2019-03-05 20:21:32,14282510.78224166,0.00000001,0.00000000000038532500000000003,6852733,2019-03-05 20:21:32,btc,11388.985544584346,0.0,0.00000001,btc,40019471.49932191,0.00669333,0.1428251078224166,81
0,[],20,[],2019-01-25 09:30:31,0.0,0,0,6495923,2019-01-25 09:30:31,btc,0.0,0.0,0,btc,0.0,0.0,0.0,81
1,[],4,[],2019-03-05 20:21:34,27588.9065293,0.00007711,0.000000002971241075,6852734,2019-03-05 20:21:34,btc,18.111178114728098,0.0,0.00007711,btc,12234.7909521,0.01789542,0.1200635283106759,82
1,[],21,[],2019-03-05 20:21:34,754882.60269602,0.00007291000000000000496984398080,0.000000002809404575,6852735,2019-03-05 20:21:34,btc,2.3280060346535643,3881.76898926,0.00007291000000000000496984398079547418092261068522930145263671875,btc,26811.19273043,0.28169416,2.1316266632930723,82
0,[],17,[],2019-03-05 19:12:08,0.0,0,0,6852230,2019-03-05 19:12:08,btc,0.0447233088476774,0.0,0,btc,999127.19588126,0.0,0.0,84
0.0000000001359198,[],4,[],2019-03-05 20:21:37,136080258.78006583,4.0775940000000004e-18,1.5711989080500001e-22,6852736,2019-03-05 20:21:37,ltc,1.7494934283821713,0.0,0.00000003,ltc,414166738.8411849,0.0,3.001917684414416e-10,85
,[],22,[],2018-11-20 23:09:34,3408.1,0.0000001,0.0000000000041895,4862324,2018-11-20 23:09:34,BTC,0.04624735,0.0,,BTC,4990.0,0.0,0.00033081,86
0,[],22,[],2019-02-22 12:52:35,0.0,0,0,6758847,2019-02-22 12:52:35,,2.0760781,0.0,0,,140622.94736842104,0.0,0.0,87
0,[],27,[],2019-02-22 12:52:37,0.0,0,0,6758848,2019-02-22 12:52:37,,0.0,0.0,0,btc,0.0,0.0,0.0,87
,[],2,[],2018-11-20 23:10:47,0.0,0,0,4862359,2018-11-20 23:10:47,,0.0,0.0,,,0.0,0.0,0.0,88
1,[],11,[],2019-03-05 20:21:39,94238.17450853,0.00014550000000000001300348717592214597971178591251373291015625,0.00000000560647875,6852737,2019-03-05 20:21:39,btc,610.35921859631,333.17004576,0.00014550000000000001300348717592214597971178591251373291015625,btc,106655.57666003,0.0,6.4359198853275235,89
0,[],2,[],2019-01-20 23:31:45,0.0,0,0,6477083,2019-01-20 23:31:45,,0.0,0.0,0,,0.0,0.0,0.0,91
1,[],12,[],2019-03-05 20:21:40,475825.75569779996,0.000001049999999999999899545958213786800428124479367397725582122802734375,0.000000000040459124999999994,6852738,2019-03-05 20:21:40,btc,39.56414552401724,0.0,0.000001049999999999999899545958213786800428124479367397725582122802734375,btc,72924.4975622,0.0261155088813172,0.0646598814000024,91
0,[],17,[],2019-03-05 20:21:42,0.0,0,0,6852739,2019-03-05 20:21:42,btc,0.0,0.0,0,btc,0.0,0.0,0.0,91
1,[],22,[],2019-03-05 20:21:46,65900.0,0.00000001,0.00000000000038532500000000003,6852740,2019-03-05 20:21:46,BTC,3e-06,0.0,0.00000001,BTC,1.0,0.0,0.000659,91
0.0000000001359198,[],22,[],2019-03-05 20:21:50,1580418.0,6.79599e-18,2.61866484675e-22,6852741,2019-03-05 20:21:50,LTC,8.53121199,0.0,0.00000005,LTC,71989912.1,1.62819687618e-12,0.0790209,95
0.0000000001359198,[],4,[],2019-03-05 20:21:50,641611460.1315556,8.834787e-17,3.404264300775e-21,6852742,2019-03-05 20:21:50,ltc,11.886726240704386,0.0,0.00000065,ltc,135477942.10787976,0.0,1.6777345006460762e-09,96
1,[],12,[],2019-03-05 20:21:52,74759.47400001,0.00000001,0.00000000000038532500000000003,6852743,2019-03-05 20:21:52,btc,255079.71165072764,0.0,0.00000001,btc,8979448.92440533,1.574000999e-05,0.0007475947400001,96
0,[],17,[],2019-03-05 19:12:24,0.0,0,0,6852238,2019-03-05 19:12:24,btc,0.0,0.0,0,btc,0.0,0.0,0.0,96
1,[],4,[],2019-03-05 20:21:53,1338410.50168995,0.00000021,0.000000000008091825,6852744,2019-03-05 20:21:53,btc,2.7161457887779275,0.0,0.00000021,btc,2594410.16098235,0.02468739,0.0858362451512174,99
0,[],2,[],2019-01-20 23:23:55,0.0,0,0,6476914,2019-01-20 23:23:55,,0.0,0.0,0,,0.0,0.0,0.0,100
1,[],4,[],2019-03-05 20:21:54,348630.42747345,0.00004050,0.00000000156056625,6852745,2019-03-05 20:21:54,btc,11.104144041575136,0.0,0.00004050,btc,156060.4395592,1.39463057,2.94423198364335,100
0,[],22,[],2019-03-05 20:23:56,50000.0,0,0,6852746,2019-03-05 20:23:56,,23.49896609,0.0,0,,10277.22,0.0,0.0005,101
1,[],4,[],2019-03-05 20:12:47,401240.91467697,0.00000075,0.000000000028888875,6852551,2019-03-05 20:12:47,btc,308.05557619072266,0.0,0.00000075,btc,507418.48993293,0.08962611,0.1867281058077796,103
1,[],12,[],2019-03-05 20:23:58,71529891.74599999,0.000000009,0.0000000000003467925,6852747,2019-03-05 20:23:58,btc,137279915.22815531,0.0,0.000000009,btc,125282459.37486234,0.0079242696183818,0.262682071714,105
1,[],27,[],2019-03-05 20:24:00,115397.89,0.00000001,0.00000000000038532500000000003,6852748,2019-03-05 20:24:00,btc,36.59791032491341,200.0,0.00000001,btc,1051440.73571724,4e-06,0.0011539789,105
1,[],22,[],2019-03-05 20:24:03,9328.0,0.00000001,0.00000000000038532500000000003,6852749,2019-03-05 20:24:03,BTC,51.10837004,0.0,0.00000001,BTC,470435.0,0.0,9.328e-05,107
1,[],26,[],2019-03-05 20:24:03,0.0,0.00000000,0,6852750,2019-03-05 20:24:03,btc,0.0,0.0,0.00000000,btc,0.0,0.0,0.0,107
1,[],5,[],2019-03-05 20:24:06,0.0,0,0,6852751,2019-03-05 20:24:06,btc,0.0,0.00062908,0,btc,0.0,0.0,0.0,112
1,[],22,[],2019-03-05 20:24:10,1966.0,0.00000001,0.00000000000038532500000000003,6852752,2019-03-05 20:24:10,BTC,2.81243288,0.0,0.00000001,BTC,828524.0833333334,0.0,1.966e-05,112
0.0000000003542077,[],27,[],2019-03-05 20:24:13,2000.0,3.5420769999999995e-18,1.364850820025e-22,6852753,2019-03-05 20:24:13,eth,1.24892491849924,0.0,0.00000001,"btc,eth",1288.641654,0.0,7.084154e-15,112
1,[],4,[],2019-03-05 20:24:15,1261228.06740275,0.00000182,0.00000000007012915,6852754,2019-03-05 20:24:15,btc,4.761112089393997,0.0,0.00000182,btc,347236.36281102,0.05790162,0.9377574678458324,113
1,[],5,[],2019-03-05 20:24:16,0.0,0,0,6852755,2019-03-05 20:24:16,btc,0.0,0.0,0,btc,0.0,0.0,0.0,113
0,[],27,[],2019-03-05 20:24:29,0.0,0,0,6852756,2019-03-05 20:24:29,,0.0,0.0,0,btc,0.0,0.0,0.0,116
1,[],17,[],2019-03-05 19:12:55,152738.278,0.00000004,0.000000000001538764,6852252,2019-03-05 19:12:55,btc,1.3368030274954361,0.0,0.00000004,btc,51896.221,0.0,0.0022095311199999998,116
1,[],4,[],2019-03-05 20:24:30,91439.47584021,0.00002499,0.000000000962927175,6852757,2019-03-05 20:24:30,btc,30.04901493680432,0.0,0.00002499,btc,103600.92848619,1.79607725,1.3274799654018465,120
1,[],7,[],2019-03-05 20:24:31,21198.36035061,0.00002114000000000000088567174427733874608748010359704494476318359375,0.0000000008145770500000001,6852758,2019-03-05 20:24:31,btc,115646.92886361055,419.12443651,0.00002114000000000000088567174427733874608748010359704494476318359375,btc,36759.74519098,0.0103061,0.0515944772927085,120
1,[],20,[],2019-03-05 20:24:34,1940639.2041,0.000000035,0.0000000000013486375,6852759,2019-03-05 20:24:34,btc,32.2957660726996,20692.7986,0.000000035,btc,1009792.2699,0.000752178451,0.0220056669056,125
1,[],22,[],2019-03-05 20:24:37,3053.0,0.00000001,0.00000000000038532500000000003,6852760,2019-03-05 20:24:37,BTC,0.01444887,0.0,0.00000001,BTC,296263.5111111111,0.0,3.053e-05,126
0,[],17,[],2019-03-05 18:11:36,0.0,0,0,6851870,2019-03-05 18:11:36,btc,0.0009561751951600001,0.0,0,btc,35.42829368,0.0,0.0,131
1,[],4,[],2019-03-05 20:24:39,149867.18951957,0.00001239,0.000000000477417675,6852761,2019-03-05 20:24:39,btc,3.5971977607438963,0.0,0.00001239,btc,117071.57667025,0.17493407,0.6851737283192857,131
0,[],2,[],2019-01-20 23:25:46,0.0,0,0,6476969,2019-01-20 23:25:46,,0.0,0.0,0,,0.0,0.0,0.0,131
1,[],4,[],2019-03-05 20:24:48,4557.13790467,0.00016001,0.000000006165585325,6852762,2019-03-05 20:24:48,btc,1.620415470111635,0.0,0.00016001,btc,241.25503526,0.00011999,0.00841383715401,135
1,[],3,[],2019-03-05 20:13:29,1054501.45576843,0.00000004,0.00000000000154074,6852568,2019-03-05 20:13:29,btc,0.1118790940590351,34113.832,0.00000004,btc,645773.06960811,0.0,0.0308431808937019,136
1,[],4,[],2019-03-05 20:24:49,331334.44207732,0.00000170,0.00000000006550525,6852763,2019-03-05 20:24:49,btc,38.23621455445921,0.0,0.00000170,btc,517057.24866836,0.01533954,0.0911164790142033,137
1,[],12,[],2019-03-05 20:24:51,293372.19065754,0.000001480000000000000017730500227741696761540879379026591777801513671875,0.000000000057028100000000004,6852764,2019-03-05 20:24:51,btc,11807.600372374236,0.0,0.000001480000000000000017730500227741696761540879379026591777801513671875,btc,125097.44120894,0.00013505,0.0193856000000159,137
1,[],4,[],2019-03-05 20:24:52,24054.77991296,0.00004524,0.0000000017432103000000001,6852765,2019-03-05 20:24:52,btc,28.762527342808802,0.0,0.00004524,btc,42411.03174566,0.09030389,0.6388260249211152,142
1,[],5,[],2019-03-05 20:24:54,0.0,0,0,6852766,2019-03-05 20:24:54,btc,0.0,0.10157736,0,btc,0.0,0.0,0.0,142
1,[],17,[],2019-03-05 20:24:56,22967.386363640002,0.00000088,0.0000000000339086,6852767,2019-03-05 20:24:56,btc,20.0699133484,0.0,0.00000088,btc,405.079105,0.0,0.0104613000000032,142
1,[],20,[],2019-03-05 20:24:57,132463.8168,0.000028123,0.0000000010836494975,6852768,2019-03-05 20:24:57,btc,0.3065177909112,0.27,0.000028123,btc,1594.3032,7.58608e-06,0.2137017799274,142
1,[],22,[],2019-03-05 20:25:00,1685.8988921568628,0.00004000,0.0000000015413,6852769,2019-03-05 20:25:00,BTC,3.00385504,0.0,0.00004000,BTC,891.218,0.0,0.00174536,142
0.0,[],25,[],2019-03-05 20:25:02,0.0,0,0,6852770,2019-03-05 20:25:02,,0.0,0.0,0.0,btc,0.0,0.0,0.0,142
1,[],28,[],2019-03-05 20:25:03,76160.013,0.00003800,0.000000001464235,6852771,2019-03-05 20:25:03,btc,0.0639742472,1755.0,0.00003800,btc,500.6113,0.0,0.005076494,142
0,[],22,[],2019-03-05 20:25:06,0.0,0,0,6852772,2019-03-05 20:25:06,,60.71782865,0.0,0,,695843617.3,0.0,0.0,143
0,[],22,[],2019-02-25 15:42:22,0.0,0,0,6783783,2019-02-25 15:42:22,,4.2131946,0.0,0,,2322156.0,0.0,0.0,146
,[],22,[],2018-11-20 23:01:11,0.0,0,0,4862114,2018-11-20 23:01:11,,2.56807021,0.0,,,61828.4988236,0.0,0.0,147
1,[],12,[],2019-03-05 20:14:08,225484.34235345,0.00000217999999999999988017506009907453545793032390065491199493408203125,0.00000000008397032999999999,6852578,2019-03-05 20:14:08,btc,28.614979934601795,0.0,0.00000217999999999999988017506009907453545793032390065491199493408203125,btc,117338.96938791,2.54659e-05,0.0377484199998774,148
1,[],4,[],2019-03-05 20:25:07,273884.79770088,0.00000030,0.00000000001155975,6852773,2019-03-05 20:25:07,btc,219.99875176892985,0.0,0.00000030,btc,840397.73785534,0.00018646,0.0661252236350592,152
0,[],22,[],2019-03-05 20:25:09,0.0,0,0,6852774,2019-03-05 20:25:09,,0.0,0.0,0,,0.0,0.0,0.0,152
1,[],5,[],2019-03-05 20:25:11,0.0,0,0,6852775,2019-03-05 20:25:11,btc,0.0,0.0,0,btc,0.0,0.0,0.0,153
,[],16,[],2019-01-11 15:38:59,0.0,0,0,6366141,2019-01-11 15:38:59,btc,0.0,0.0,,btc,0.0,0.0,0.0,155
0,[],23,[],2019-01-20 23:24:29,0.0,0,0,6476932,2019-01-20 23:24:29,,0.0,0.0,0,,0.0,0.0,0.0,156
0,[],22,[],2019-03-05 20:25:15,0.0,0,0,6852776,2019-03-05 20:25:15,,6.7463875,0.0,0,,4674391.242592593,0.0,0.0,156
1,[],22,[],2019-03-05 20:25:19,7073.8,0.00005300,0.0000000020422225,6852777,2019-03-05 20:25:19,BTC,1.80343699,0.0,0.00005300,BTC,899.6422341958436,0.0,0.00104336,157
0,[],22,[],2019-03-05 20:14:32,0.0,0,0,6852584,2019-03-05 20:14:32,,50175.67608608,0.0,0,,54079135.04179466,0.0,0.0,158
,[],17,[],2018-11-20 22:56:10,0.0,0,0,4861976,2018-11-20 22:56:10,btc,1.1265625,0.0,,btc,1000.0,0.0,0.0,159
,[],20,[],2018-11-20 22:56:12,0.0,0,0,4861977,2018-11-20 22:56:12,btc,11912.7940471,0.0,,btc,34413894.3617,0.0,0.0,159
1,[],12,[],2019-03-05 20:25:20,180878.94491191,0.00000759000000000000017534584895173566110315732657909393310546875,0.000000000292461675,6852778,2019-03-05 20:25:20,btc,6.642021998532008,0.0,0.00000759000000000000017534584895173566110315732657909393310546875,btc,13634.77890441,0.0043571196663124,0.08643337292785609,168
1,[],17,[],2019-03-05 19:14:23,29784.95,0.000001,0.000000000038469099999999995,6852278,2019-03-05 19:14:23,btc,0.03026736251542,0.0,0.000001,btc,144.46171372,0.0,0.00716147,168
0,[],22,[],2019-03-05 20:25:33,0.0,0,0,6852779,2019-03-05 20:25:33,,1.1341504,0.0,0,,539283.174707144,0.0,0.0,169
1,[],22,[],2019-03-05 20:25:36,203600.0,0.00000002,0.0000000000007706500000000001,6852780,2019-03-05 20:25:36,BTC,13.25047031,0.0,0.00000002,BTC,146217.2939341018,0.0,0.002072,171
1,[],22,[],2019-03-05 20:25:40,532069.0,0.00000011,0.000000000004238575,6852781,2019-03-05 20:25:40,BTC,2.19349787,0.0,0.00000011,"BTC,LTC",239668.7367878877,0.0,0.0310729,173
1,[],5,[],2019-03-05 01:59:40,0.0,0,0,6845846,2019-03-05 01:59:40,btc,0.0,0.00384852,0,btc,0.0,0.0,0.0,175
1,[],22,[],2019-03-05 20:25:43,36490.833333333336,0.0000003,0.00000000001155975,6852782,2019-03-05 20:25:43,BTC,0.54826403,0.0,0.0000003,BTC,138776.41384013777,0.0,0.00239125,176
1,[],7,[],2019-03-05 20:25:44,0.0,0,0,6852783,2019-03-05 20:25:44,btc,410918.84255256574,0.0,0,btc,117734633.84370454,0.0,0.0,178
0,[],22,[],2019-03-05 20:25:46,0.0,0,0,6852784,2019-03-05 20:25:46,,1.00242438,0.0,0,,57522.0,0.0,0.0,178
0,[],2,[],2019-01-20 23:28:34,0.0,0,0,6477001,2019-01-20 23:28:34,,0.0,0.0,0,,0.0,0.0,0.0,178
0,[],23,[],2019-01-20 23:25:08,0.0,0,0,6476952,2019-01-20 23:25:08,,0.0,0.0,0,,0.0,0.0,0.0,179
1,[],5,[],2019-03-05 20:25:50,0.0,0,0,6852785,2019-03-05 20:25:50,btc,0.0,0.0082218,0,btc,0.0,0.0,0.0,179
1,[],22,[],2019-03-05 20:25:53,6949180.5,0.00000002,0.0000000000007706500000000001,6852786,2019-03-05 20:25:53,BTC,5.6735727,0.0,0.00000002,"BTC,LTC",18499123.089868754,0.01138815,0.37392433,179
1,[],17,[],2019-03-05 20:26:05,10504.725,0.0000001,0.0000000000038532499999999996,6852787,2019-03-05 20:26:05,btc,5.2010695838170005,0.0,0.0000001,btc,4994.45945,0.0,0.0010504725,180
1,[],22,[],2019-03-05 20:26:09,149605.4,0.00000105,0.000000000040459125,6852788,2019-03-05 20:26:09,BTC,0.25015931,0.0,0.00000105,"BTC,LTC",85351.28562222162,0.0036655,0.01285544,180
1,[],26,[],2019-03-05 20:26:09,0.0,0.00000180,0.00000000006935850000000001,6852789,2019-03-05 20:26:09,btc,0.0,1792.1,0.00000180,btc,0.0,0.0,0.0,180
,[],7,[],2018-11-20 22:58:01,562227.975654,0.00000085,0.000000000036176765,4862015,2018-11-20 22:58:01,btc,21836.6059674,2491.87645172,,btc,749999.041456,0.00211021,0.127565380455,183
,[],5,[],2019-01-10 08:11:41,0.0,0,0,6347036,2019-01-10 08:11:41,btc,82.15055501,0.00261,,btc,1.19002445,0.0,0.0,187
,[],17,[],2018-11-16 20:58:10,4062536.27273,0.00000001,0.000000000000550501,4708775,2018-11-16 20:58:10,btc,3.36492563466,0.195460381006,,"btc,eth",110697919.549,0.0,0.0157628953496,187
1,[],24,[],2019-03-05 20:26:09,0.0,0.000000000001,3.85325e-17,6852790,2019-03-05 20:26:09,btc,0.0,0.0,0.000000000001,btc,0.0,0.0,0.0,187
0,[],22,[],2019-03-05 20:26:11,0.0,0,0,6852791,2019-03-05 20:26:11,,7.42841024,0.0,0,,79361.7243078683,0.0,0.0,191
0,[],22,[],2019-03-05 20:26:15,0.0,0,0,6852792,2019-03-05 20:26:15,,0.0,0.0,0,,0.0,0.0,0.0,197
0,[],23,[],2019-01-20 23:31:41,0.0,0,0,6477079,2019-01-20 23:31:41,,0.0,0.0,0,,0.0,0.0,0.0,199
0.0000000001359198,[],22,[],2019-03-05 20:26:19,1200000.0,2.718396e-18,1.0474659387e-22,6852793,2019-03-05 20:26:19,LTC,5.19477622,0.0,0.00000002,LTC,21058553.0,0.0,0.024,199
1,[],26,[],2019-03-05 20:26:19,0.0,0.00000000,0,6852794,2019-03-05 20:26:19,btc,0.0,147373.0,0.00000000,btc,0.0,0.0,0.0,199
0,[],17,[],2019-01-30 16:32:01,0.0,0,0,6540827,2019-01-30 16:32:01,btc,6.802544163788159,0.0,0,btc,105897.55575295,0.0,0.0,200
0,[],2,[],2019-01-20 23:30:49,0.0,0,0,6477059,2019-01-20 23:30:49,,0.0,0.0,0,,0.0,0.0,0.0,201
1,[],4,[],2019-01-25 15:51:35,2084389.58565343,0.00000936,0.000000000333526752,6499557,2019-01-25 15:51:35,btc,2.0092503037378524,0.0,0.00000936,btc,160195.80207885,0.19272417,1.242687955921835,211
1,[],7,[],2019-03-05 20:26:23,1777373.249628,0.000001219999999999999965968520108938744073157067759893834590911865234375,0.00000000004700965,6852795,2019-03-05 20:26:23,btc,15476654.905773126,2165199.23086,0.000001219999999999999965968520108938744073157067759893834590911865234375,btc,12637360.61328599,0.0,1.2635818022809702,212
1,[],12,[],2019-01-25 02:44:32,207462.42853209,0.000001080000000000000035831255497387193287295303889550268650054931640625,0.000000000038610756000000006,6493050,2019-01-25 02:44:32,btc,85023.03793723314,0.0,0.000001080000000000000035831255497387193287295303889550268650054931640625,btc,43675.73520027,0.000146250909087,0.0348620860622024,213
1,[],5,[],2019-03-05 20:26:24,0.0,0,0,6852796,2019-03-05 20:26:24,btc,0.0,0.11349911,0,btc,0.0,0.0,0.0,213
1,[],24,[],2019-03-05 20:26:24,0.0,0.000000120000,0.0000000000046239,6852797,2019-03-05 20:26:24,btc,0.0,0.0,0.000000120000,btc,0.0,0.0,0.0,213
1,[],26,[],2019-03-05 20:26:24,0.0,0.00000010,0.00000000000385325,6852798,2019-03-05 20:26:24,btc,0.0,0.0,0.00000010,btc,0.0,0.0,0.0,213
1,[],22,[],2019-03-05 20:26:28,45166.0,0.00000002,0.0000000000007706500000000001,6852799,2019-03-05 20:26:28,BTC,2.23626841,0.0,0.00000002,BTC,708878.3963726171,0.00036,0.00061247,216
1,[],27,[],2019-03-05 20:26:31,1298602.0,0.00000003,0.000000000001155975,6852800,2019-03-05 20:26:31,btc,316.25863360644,0.0,0.00000003,"btc,ltc",238161.907,0.0,0.033772040000244655,216
1,[],22,[],2019-03-05 20:26:34,172411.06081954937,0.00000178,0.00000000006858785,6852801,2019-03-05 20:26:34,BTC,12673.42092391,0.0,0.00000178,BTC,401157.6232656859,0.02014449,0.19531609,217
1,[],7,[],2019-03-05 20:26:36,0.0,0,0,6852802,2019-03-05 20:26:36,btc,77969.65966620563,0.0,0,btc,136168678.88835862,0.0,0.0,219
0,[],27,[],2019-03-05 20:26:38,0.0,0,0,6852803,2019-03-05 20:26:38,,0.03997288,0.0,0,btc,2007233.0,0.0,0.0,219
0.0000000000000052,[],28,[],2019-03-05 20:26:40,168897636.057,5.72e-18,2.2040590000000003e-22,6852804,2019-03-05 20:26:40,doge,84213.6395803825,14559.0,0.00110000,"btc,doge",3641660.84751,0.0,1.6146620517539875e-11,219
1,[],22,[],2019-03-05 20:26:42,129039.0,0.00000004,0.0000000000015413000000000001,6852805,2019-03-05 20:26:42,BTC,2.78506839,0.0,0.00000004,BTC,82701.27041875875,0.00018,0.00420161,221
1,[],24,[],2019-03-05 20:26:43,0.0,0.000000200000,0.0000000000077065,6852806,2019-03-05 20:26:43,btc,0.0,0.0,0.000000200000,btc,0.0,0.0,0.0,221
1,[],20,[],2019-03-05 20:26:44,39105329.5253,0.000000001,0.0000000000000385325,6852807,2019-03-05 20:26:44,btc,48.4414392087255,0.0,0.000000001,btc,15826885.0042,0.0,0.0391053295253,224
0,[],22,[],2019-03-05 20:26:47,0.0,0,0,6852808,2019-03-05 20:26:47,,0.0,0.0,0,,0.0,0.0,0.0,224
1,[],26,[],2019-03-05 20:26:47,0.0,0.00000035,0.000000000013486375,6852809,2019-03-05 20:26:47,btc,0.0,0.0,0.00000035,btc,0.0,0.0,0.0,231
1,[],26,[],2019-03-05 20:26:47,0.0,0.00000005,0.000000000001926625,6852810,2019-03-05 20:26:47,btc,0.0,100.0,0.00000005,btc,0.0,0.0,0.0,234
0.0000000003542077,[],27,[],2019-03-05 20:26:51,2000.0,3.5420769999999995e-18,1.364850820025e-22,6852811,2019-03-05 20:26:51,eth,0.01134836604,0.0,0.00000001,"btc,eth",11462.996,0.0,7.084154e-15,234
1,[],4,[],2019-03-05 20:26:53,767670.31291402,0.00000071,0.000000000027358075,6852812,2019-03-05 20:26:53,btc,4.738228318317111,0.0,0.00000071,btc,1233574.14133828,0.04925665,0.188249641525475,236
1,[],24,[],2019-03-05 20:26:53,0.0,0.000000300000,0.00000000001155975,6852813,2019-03-05 20:26:53,btc,0.0,0.0,0.000000300000,btc,0.0,0.0,0.0,236
1,[],20,[],2019-03-05 20:26:55,167246211.9734,0.000000062,0.000000000002389015,6852814,2019-03-05 20:26:55,btc,13.166109002191,29632567.0623,0.000000062,btc,41781250.305,1.8922199233762,0.5600640741792,237
0.0000000001359198,[],22,[],2019-03-05 20:26:58,751594.9,2.3106366e-17,8.90346047895e-22,6852815,2019-03-05 20:26:58,LTC,0.0413973,0.0,0.00000017,LTC,7239.0,0.0,0.12541949,237
1,[],4,[],2019-03-05 20:26:59,8486025.20393154,0.00000033,0.000000000012715725,6852816,2019-03-05 20:26:59,btc,6.52504668218371,0.0,0.00000033,btc,10497839.49606922,0.12941395,2.0815332707294254,238
1,[],5,[],2019-03-05 20:27:02,0.0,0,0,6852817,2019-03-05 20:27:02,btc,0.0,0.02161017,0,btc,0.0,0.0,0.0,238
0,[],22,[],2019-03-05 20:27:04,0.0,0,0,6852818,2019-03-05 20:27:04,,0.41338918,0.0,0,,316326.5639027493,0.0,0.0,249
0.0000000001359198,[],22,[],2019-03-05 20:27:07,87163180.66666667,5.436792e-18,2.0949318774e-22,6852819,2019-03-05 20:27:07,LTC,1.1763699,0.0,0.00000004,LTC,19712522.09,0.0,2.70466333,252
1,[],28,[],2019-03-05 20:16:29,2324887.836,0.00000035,0.000000000013481475,6852627,2019-03-05 20:16:29,btc,164733.03411992997,69292.5,0.00000035,btc,2760973.57677059,0.0,0.40682320448,256
1,[],22,[],2019-03-05 20:27:11,1070354.0,0.00000002,0.0000000000007706500000000001,6852820,2019-03-05 20:27:11,BTC,31.48602112,0.0,0.00000002,BTC,717418.2057866945,0.0,0.01087354,258
1,[],22,[],2019-03-05 20:16:42,48751.0,0.00000001,0.000000000000385185,6852629,2019-03-05 20:16:42,BTC,2.4175745,0.0,0.00000001,BTC,1762.0,0.0,0.00048751,259
1,[],5,[],2019-03-05 20:27:12,0.0,0,0,6852821,2019-03-05 20:27:12,btc,0.0,0.33775626,0,btc,0.0,0.0,0.0,264
1,[],20,[],2019-03-05 20:27:14,1254088.6546,0.0000022,0.00000000008477150000000001,6852822,2019-03-05 20:27:14,btc,7.4493864684806,111887.029,0.0000022,btc,103966.5152,0.28864914682,0.018314284359,264
0,[],22,[],2019-03-05 20:27:17,0.0,0,0,6852823,2019-03-05 20:27:17,,8.45810643,0.0,0,,441787.34411321935,0.0,0.0,271
0,[],22,[],2019-03-05 20:27:19,0.0,0,0,6852824,2019-03-05 20:27:19,,266.52465314,0.0,0,,13965061677.692,0.0,0.0,272
0.0000000000000052,[],28,[],2019-03-05 20:27:21,234327396937.905,5.148e-21,1.9836531e-25,6852825,2019-03-05 20:27:21,doge,151022848.75916532,21858024221.1423,0.00000099,doge,194088174116.2923,0.0,6.924271243543298e-10,272
1,[],22,[],2019-03-05 20:27:25,212576.74,0.00000140,0.0000000000539455,6852826,2019-03-05 20:27:25,BTC,74.34381249,0.0,0.00000140,"BTC,LTC",9549.48778575859,0.000732,0.10201595,281
1,[],22,[],2019-03-05 20:27:29,438731.5,0.0000001,0.00000000000385325,6852827,2019-03-05 20:27:29,BTC,1.18383687,0.0,0.0000001,BTC,128997.94817066992,0.00088693,0.0312932,286
0,[],22,[],2019-03-05 20:27:31,0.0,0,0,6852828,2019-03-05 20:27:31,,43641.2002223,0.0,0,,845517073.0,0.0,0.0,294
