pairValue,buyBook,exchangeId,sellBook,updated,buyTotal,satoshiPrice,usdPrice,exchangeLogId,created,bestPair,sellTotalBtc,volume,pairPrice,activePairs,sellTotal,volumeBtc,buyTotalBtc,coinId
1,[],3,[],2019-03-09 09:49:57,30543.18309093876,0.01266819999999999925288651780874715768732130527496337890625,0.0000004913424711,6886310,2019-03-09 09:49:57,btc,61.094480992457015,0.0,0.01266819999999999925288651780874715768732130527496337890625,btc,23.712236651765,0.0,0.28834571910731555,1
1,[],4,[],2019-03-09 09:49:58,207908.83807052,0.01272008,0.00000049335466284,6886311,2019-03-09 09:49:58,btc,10.094384669976137,0.0,0.01272008,btc,326.60967165,0.62183668,3.0523782204705885,1
1,[],5,[],2019-03-09 09:50:00,0.0,0,0,6886312,2019-03-09 09:50:00,btc,0.0,0.05961907,0,btc,0.0,0.0,0.0,1
1,[],10,[],2019-03-09 09:50:02,413931.92768337,0.01070072,0.00000041503277556000004,6886313,2019-03-09 09:50:02,btc,6522.312521483249,979.0151401,0.01070072,btc,1114.169419,0.0,5.068617305258134,1
1,[],12,[],2019-03-09 09:50:04,110.33206074,0.01272999999999999999611421941381195210851728916168212890625,0.0000004937394150000001,6886314,2019-03-09 09:50:04,btc,0.29839048366140003,0.0,0.01272999999999999999611421941381195210851728916168212890625,btc,22.28438203,0.0660865131597,0.3849508074245,1
1,[],20,[],2019-03-09 09:50:07,1152.4758,0.010500222,0.000000407256360381,6886315,2019-03-09 09:50:07,btc,0.055456485683,0.3915,0.010500222,btc,2.4799,0.0046697723592,0.0959663607529,1
1,[],21,[],2019-03-09 09:50:08,1738.67574659,0.01272193999999999929062521886,0.00000049342680387,6886316,2019-03-09 09:50:08,btc,20.445660360976717,8270.22437896,0.01272193999999999929062521886180547880940139293670654296875,"btc,eth",2231.28642847,98.80215649718689,16.320151287143222,1
1,[],22,[],2019-03-09 09:50:12,0.0059712,0.01250000,0.00000048481875,6886317,2019-03-09 09:50:12,BTC,0.31439419,0.0,0.01250000,BTC,0.12751438772928525,5.14e-06,7.464e-05,1
1,[],24,[],2019-03-09 09:50:12,0.0,0.000000000000,0,6886318,2019-03-09 09:50:12,btc,0.0,0.0,0.000000000000,btc,0.0,0.0,0.0,1
0.0,[],25,[],2019-03-09 09:50:13,0.0,0,0,6886319,2019-03-09 09:50:13,btc,18.054699998462944,175.04814848,0.0,btc,1380.966175,2.2668,0.0,1
1,[],26,[],2019-03-09 09:50:23,0.0,0,0,6886320,2019-03-09 09:50:23,,0.0,0.0,0,,0.0,0.0,0.0,1
1,[],28,[],2019-03-09 09:50:30,993.142,0.01323000,0.000000513132165,6886321,2019-03-09 09:50:30,btc,0.147901439075,18041.5,0.01323000,btc,7.9421,0.0,0.089302756,1
0,[],2,[],2019-01-20 23:28:45,0.0,0,0,6477011,2019-01-20 23:28:45,,0.0,0.0,0,,0.0,0.0,0.0,1
1,[],5,[],2019-03-09 08:59:22,0.0,0,0,6886145,2019-03-09 08:59:22,btc,0.0,0.01897272,0,btc,0.0,0.0,0.0,2
0.0000000001250371,[],22,[],2019-03-09 08:59:25,1148.0,1.3754081e-16,5.387817379725e-21,6886146,2019-03-09 08:59:25,XMR,21.01373823,0.0,0.00000110,XMR,14319.12581,0.0,0.00087635,2
1,[],5,[],2019-03-09 08:59:27,0.0,0,0,6886147,2019-03-09 08:59:27,btc,0.0,0.07946041,0,btc,0.0,0.0,0.0,3
1,[],12,[],2019-03-09 08:59:28,1929813.31129,0.000000175,0.0000000000068551875,6886148,2019-03-09 08:59:28,btc,22810.245004942117,0.0,0.000000175,btc,1027899.02318801,0.02911995451973001,0.27999514397575,3
0,[],28,[],2019-03-09 08:59:35,0.0,0,0,6886149,2019-03-09 08:59:35,,0.0,0.0,0,,0.0,0.0,0.0,3
0,[],2,[],2019-01-20 23:31:32,0.0,0,0,6477077,2019-01-20 23:31:32,,0.0,0.0,0,,0.0,0.0,0.0,4
1,[],4,[],2019-03-09 09:50:30,397489.4865365,0.00000033,0.000000000012799215000000001,6886322,2019-03-09 09:50:30,btc,32.1722760577187,0.0,0.00000033,btc,710397.77475616,0.0,0.0486585946074874,4
1,[],12,[],2019-03-09 09:50:33,375807.0,0.00000002,0.00000000000077571,6886323,2019-03-09 09:50:33,btc,1111742.62478137,0.0,0.00000002,btc,539026.0,3e-07,0.00487588,5
1,[],11,[],2019-03-09 08:59:39,4785062.5,0.00000002,0.0000000000007834500000000001,6886152,2019-03-09 08:59:39,btc,9568.13038637766,68382.0,0.00000002,btc,42683320.90271394,0.0,0.063176085,6
0,[],2,[],2019-01-20 23:31:51,0.0,0,0,6477087,2019-01-20 23:31:51,,0.0,0.0,0,,0.0,0.0,0.0,6
1,[],3,[],2019-03-09 09:50:34,1083.855703126546,0.000153809999999999992732757636559881575522013008594512939453125,0.000000005965597755,6886324,2019-03-09 09:50:34,btc,29.634085403952064,0.0,0.000153809999999999992732757636559881575522013008594512939453125,btc,239.122414578101,0.0,0.03372868868781607,7
1,[],4,[],2019-03-09 09:50:34,101445.74048583,0.00025380,0.0000000098437599,6886325,2019-03-09 09:50:34,btc,13.137374115907184,0.0,0.00025380,btc,37921.89442628,3.57455505,7.294611804921053,7
1,[],5,[],2019-03-09 09:50:36,0.0,0,0,6886326,2019-03-09 09:50:36,btc,0.0,0.17022864,0,btc,0.0,0.0,0.0,7
1,[],20,[],2019-02-20 02:16:17,39399275.8418,0.000000001,0.0000000000000390183,6728586,2019-02-20 02:16:17,btc,116.9737569154545,525.0,0.000000001,btc,56932965.8895,5.25e-07,0.0393992758418,8
0,[],2,[],2019-01-20 23:22:42,0.0,0,0,6476876,2019-01-20 23:22:42,,0.0,0.0,0,,0.0,0.0,0.0,9
0,[],23,[],2019-01-20 23:22:48,0.0,0,0,6476878,2019-01-20 23:22:48,,0.0,0.0,0,,0.0,0.0,0.0,9
1,[],4,[],2019-03-09 09:50:37,1091091.56099409,0.00000154,0.00000000005972967,6886327,2019-03-09 09:50:37,btc,5.396590861376022,0.0,0.00000154,btc,2807443.81653924,2.17275411,0.8527439960147833,9
1,[],28,[],2019-03-09 09:50:44,38863.15,0.00000166,0.00000000006438393000000001,6886328,2019-03-09 09:50:44,btc,2708.761281370583,3474212.0,0.00000166,btc,11954.1497,0.0,0.035782829,9
1,[],1,[],2019-02-17 23:31:42,1822507.21,0.00000181000000000000003456111265232042484285557293333113193511962890625,0.000000000066086901,6701244,2019-02-17 23:31:42,btc,3.6990969245,17153386.5,0.00000181000000000000003456111265232042484285557293333113193511962890625,btc,1997391.71,31.11772986,3.2610482446,9
1,[],4,[],2019-02-17 11:22:43,4341674.27126056,0.00000002,0.0000000000007272960000000001,6696112,2019-02-17 11:22:43,btc,0.1997230937751353,0.0,0.00000002,btc,4109766.79808031,0.00215132,0.0479381022052112,10
0,[],2,[],2019-01-20 23:23:08,0.0,0,0,6476890,2019-01-20 23:23:08,,0.0,0.0,0,,0.0,0.0,0.0,12
1,[],4,[],2019-03-09 09:50:45,6521860.46790299,0.00000122,0.000000000047318310000000005,6886329,2019-03-09 09:50:45,btc,9.957984866326514,0.0,0.00000122,btc,5417855.73157331,1.38011786,4.055723210335552,12
1,[],5,[],2019-03-09 09:50:47,0.0,0,0,6886330,2019-03-09 09:50:47,btc,0.0,0.31412296,0,btc,0.0,0.0,0.0,12
0.0,[],25,[],2019-03-09 09:50:48,0.0,0,0,6886331,2019-03-09 09:50:48,,0.0,0.0,0.0,btc,0.0,0.0,0.0,12
1,[],4,[],2019-03-09 08:59:49,32042242.20625839,0.00000592,0.00000000023190120000000002,6886161,2019-03-09 08:59:49,btc,3.0587704537399705,0.0,0.00000592,btc,414650.63946414,0.84812741,1.4106630840509968,13
1,[],21,[],2019-03-09 08:59:52,797658.65930687,0.000005939999999999999879434550015,0.00000000023268465,6886162,2019-03-09 08:59:52,btc,5.015199121701696,375101.76748819,0.0000059399999999999998794345500152669359295032336376607418060302734375,btc,763300.30572342,2.25263522,4.368665900459911,13
1,[],10,[],2019-03-09 08:00:51,393573.1481568,0.00000587,0.00000000022923289199999998,6885783,2019-03-09 08:00:51,btc,666801.3134507426,5968.08396035,0.00000587,btc,715486.16848458,0.0,0.238430375528274,13
1,[],4,[],2019-03-09 08:59:53,699375.72965632,0.00000131,0.000000000051315975,6886163,2019-03-09 08:59:53,btc,6.370164075073761,0.0,0.00000131,btc,872877.53870699,0.00582973,0.1414104382556726,14
1,[],12,[],2019-03-09 08:59:54,267554.0,0.0000015000000000000000380012861456169304119612206704914569854736328125,0.00000000005875875,6886164,2019-03-09 08:59:54,btc,0.1039083399184276,0.0,0.0000015000000000000000380012861456169304119612206704914569854736328125,btc,8605.60513451,0.0009988959999905,0.03548798,14
1,[],26,[],2019-03-09 08:59:59,0.0,0.00000050,0.00000000001958625,6886165,2019-03-09 08:59:59,btc,0.0,0.0,0.00000050,btc,0.0,0.0,0.0,14
0,[],17,[],2019-03-09 07:52:32,0.0,0,0,6885586,2019-03-09 07:52:32,btc,0.0,0.0,0,btc,0.0,0.0,0.0,14
0,[],4,[],2019-03-09 09:00:00,0.0,0,0,6886166,2019-03-09 09:00:00,,0.0,0.0,0,,0.0,0.0,0.0,15
,[],12,[],2018-12-01 15:15:48,204241.84496,0.00000489,0.000000000202473384,5260204,2018-12-01 15:15:48,btc,49.5475654835,0.0,,btc,35763.2193806,0.0163153972027625,0.0203389899998,15
1,[],4,[],2019-03-09 09:00:02,35486.48050388,0.00001601,0.000000000627151725,6886167,2019-03-09 09:00:02,btc,4.191250086345676,0.0,0.00001601,btc,18741.94562754,0.02851345,0.0879768529906674,18
1,[],10,[],2019-03-09 09:00:04,786038.55832054,0.00001679,0.000000000657706275,6886168,2019-03-09 09:00:04,btc,15.364791275597424,20130.1029126,0.00001679,btc,12089.77049778,0.0,0.1749245869117747,18
1,[],12,[],2019-03-09 09:00:05,362324.42172854,0.00001652000000000000107355964396038672248323564417660236358642578125,0.0000000006471297,6886169,2019-03-09 09:00:05,btc,33008.93093192296,0.0,0.00001652000000000000107355964396038672248323564417660236358642578125,btc,436.08124871,0.0064654044372216,0.0257038103080394,18
0,[],2,[],2019-01-20 23:23:38,0.0,0,0,6476906,2019-01-20 23:23:38,,0.0,0.0,0,,0.0,0.0,0.0,18
0,[],17,[],2019-03-09 07:52:40,0.0,0,0,6885592,2019-03-09 07:52:40,btc,0.0,0.0,0,btc,0.0,0.0,0.0,18
1,[],3,[],2019-03-09 09:00:06,117241.48106822993,0.0000180200000000000002645279828517033138268743641674518585205078125,0.0000000007058884500000001,6886170,2019-03-09 09:00:06,btc,0.4802107254522992,0.001848428835,0.0000180200000000000002645279828517033138268743641674518585205078125,btc,8854.084472460281,0.0,0.015054047205684649,19
1,[],4,[],2019-03-09 09:00:06,282044.24211671,0.00001970,0.00000000077169825,6886171,2019-03-09 09:00:06,btc,2.316278457268802,0.0,0.00001970,btc,81574.77769585,0.45634762,2.7826563449657518,19
1,[],5,[],2019-03-09 09:00:08,0.0,0,0,6886172,2019-03-09 09:00:08,btc,0.0,0.00076056,0,btc,0.0,0.0,0.0,19
1,[],12,[],2019-03-09 09:00:09,170068.10699588,0.000012160000000000000466176576507937312499052495695650577545166015625,0.0000000004763376,6886173,2019-03-09 09:00:09,btc,0.2234952887505206,0.0,0.000012160000000000000466176576507937312499052495695650577545166015625,btc,365.56200924,0.0,0.037374109999942,19
0,[],27,[],2019-03-09 09:00:12,0.0,0,0,6886174,2019-03-09 09:00:12,,0.0,0.0,0,btc,0.0,0.0,0.0,19
0,[],2,[],2019-01-20 23:24:19,0.0,0,0,6476924,2019-01-20 23:24:19,,0.0,0.0,0,,0.0,0.0,0.0,19
1,[],4,[],2019-03-09 09:00:13,2769467.64876678,0.00000012,0.0000000000047007,6886175,2019-03-09 09:00:13,btc,7.383042289760813,0.0,0.00000012,btc,2876583.25385408,0.0,0.0767087845231289,20
1,[],4,[],2019-03-09 09:00:14,103815793.72147027,0.00000002,0.0000000000007834500000000001,6886176,2019-03-09 09:00:14,btc,1847.863256175191,0.0,0.00000002,btc,54908384.6818267,0.0,1.1630563175500457,21
1,[],12,[],2019-03-09 09:00:15,1225236.0,0.00000001,0.00000000000039172500000000003,6886177,2019-03-09 09:00:15,btc,1248.0057461495405,0.0,0.00000001,btc,2415596.97702298,0.0,0.01225236,21
0,[],17,[],2019-03-09 09:00:17,0.0,0,0,6886178,2019-03-09 09:00:17,btc,0.0,0.0,0,btc,0.0,0.0,0.0,21
1,[],12,[],2019-03-09 09:50:49,2418480439.0,0.0000000001,0.000000000000003878550000000001,6886332,2019-03-09 09:50:49,btc,11160.572148231215,0.0,0.0000000001,btc,1399536064.0733156,0.00713103222347652,0.2418480439,23
0,[],27,[],2019-03-09 09:50:51,0.0,0,0,6886333,2019-03-09 09:50:51,,13.51825636659341,0.0,0,eth,2066931.35514486,0.0,0.0,23
1,[],4,[],2019-03-09 09:00:22,592579.31315261,0.00000046,0.00000000001801935,6886181,2019-03-09 09:00:22,btc,9.681099994955561,0.0,0.00000046,btc,1616767.83759451,0.0071524,0.1578757864003138,24
1,[],22,[],2019-03-09 09:00:26,11.76,0.00000100,0.0000000000391725,6886182,2019-03-09 09:00:26,BTC,7.415e-05,0.0,0.00000100,BTC,23.919354838709676,0.0,1.176e-05,24
0.0,[],25,[],2019-03-09 09:00:28,0.0,0,0,6886183,2019-03-09 09:00:28,,0.0,0.0,0.0,btc,0.0,0.0,0.0,24
1,[],4,[],2019-03-09 08:51:59,26579970.0414435,0.00000621,0.000000000243098523,6885987,2019-03-09 08:51:59,btc,109.51505215151676,0.0,0.00000621,btc,249592.39318306,0.13997605,0.4531439741398591,26
1,[],10,[],2019-03-09 08:52:02,686231.75195325,0.00000601,0.000000000235269263,6885988,2019-03-09 08:52:02,btc,26.127616096490254,4762.64553671,0.00000601,btc,14067.98878667,0.0,0.2137617411445439,26
0,[],2,[],2019-01-20 23:25:56,0.0,0,0,6476976,2019-01-20 23:25:56,,0.0,0.0,0,,0.0,0.0,0.0,26
1,[],3,[],2019-03-09 09:00:28,8437129.19501412,0.00000001,0.00000000000039172500000000003,6886184,2019-03-09 09:00:28,btc,2.269633614538198,36327.6863216,0.00000001,btc,17615190.95706705,0.0,0.08437129195014119,27
1,[],5,[],2019-03-09 09:00:29,0.0,0,0,6886185,2019-03-09 09:00:29,btc,0.0,0.00018026,0,btc,0.0,0.0,0.0,27
1,[],11,[],2019-03-09 09:00:31,9469667.88103613,0.00000005,0.000000000001958625,6886186,2019-03-09 09:00:31,btc,67506.32843704063,170.63047893,0.00000005,btc,7972152.75036371,0.0,0.4413054133414386,27
1,[],4,[],2019-03-09 09:50:52,2153786141.774685,0.00000002,0.00000000000077571,6886334,2019-03-09 09:50:52,btc,3.324750863675795,0.0,0.00000002,"btc,ltc",219238110.81500193,0.29699695,9.71695584434815,29
1,[],7,[],2019-03-09 09:50:53,35576600.71560571,0.00000001,0.000000000000387855,6886335,2019-03-09 09:50:53,btc,44461616.56542175,1995845.68142,0.00000001,btc,46635585.10663773,0.03991691,0.35576600715605716,29
1,[],4,[],2019-03-09 09:00:35,2427775.01664277,0.00000023,0.000000000009009675,6886189,2019-03-09 09:00:35,btc,2.644847823935844,0.0,0.00000023,btc,2004048.91435462,0.01836522,0.121860139225382,30
0,[],17,[],2019-03-09 09:00:36,0.0,0,0,6886190,2019-03-09 09:00:36,btc,0.0,0.0,0,btc,0.0,0.0,0.0,30
1,[],4,[],2019-03-09 09:00:38,188277.10199407,0.00005655,0.000000002215204875,6886191,2019-03-09 09:00:38,btc,9.659478623795936,0.0,0.00005655,btc,112255.03396151,2.46354212,2.4301286790379,31
1,[],21,[],2019-03-09 09:00:39,109125.48736565,0.00005537000000000000010961717645,0.000000002168981325,6886192,2019-03-09 09:00:39,btc,3.9814706721724495,464566.71251675,0.0000553700000000000001096171764469744402958895079791545867919921875,btc,64525.78059783,25.73159304,5.628101479301653,31
0,[],2,[],2019-01-20 23:28:43,0.0,0,0,6477009,2019-01-20 23:28:43,,0.0,0.0,0,,0.0,0.0,0.0,32
1,[],4,[],2019-03-09 09:00:40,408644000.37533647,0.00000004,0.0000000000015669000000000001,6886193,2019-03-09 09:00:40,btc,10.635332015355754,0.0,0.00000004,"btc,ltc",198836134.63389423,0.81078847,9.637545559432171,33
1,[],12,[],2019-03-09 09:00:41,23436079.54000004,0.00000004,0.0000000000015669000000000001,6886194,2019-03-09 09:00:41,btc,1311776.493909486,0.0,0.00000004,btc,15305372.92307688,0.012684429010989,0.5624860819600016,33
1,[],4,[],2019-03-09 09:00:42,112529476.6900919,0.00000001,0.00000000000039172500000000003,6886195,2019-03-09 09:00:42,btc,3.555014946688936,0.0,0.00000001,btc,101226998.08020847,0.03964166,1.125294766900919,34
1,[],5,[],2019-03-09 09:00:43,0.0,0,0,6886196,2019-03-09 09:00:43,btc,0.0,0.06667826,0,btc,0.0,0.0,0.0,34
0.0000000001493782,[],4,[],2019-03-09 09:00:44,1664108663.1953332,1.493782e-18,5.8515175395e-23,6886197,2019-03-09 09:00:44,ltc,4.35652001425258e-08,0.0,0.00000001,ltc,6670896531.903277,0.0,2.4858155671252516e-09,36
1,[],5,[],2019-03-09 09:00:45,0.0,0,0,6886198,2019-03-09 09:00:45,btc,0.0,0.0,0,btc,0.0,0.0,0.0,36
0.0000000003506948,[],27,[],2019-03-09 09:00:59,1090000.0,3.506948e-18,1.3737592053e-22,6886199,2019-03-09 09:00:59,eth,222.5593939951224,0.0,0.00000001,"ltc,eth",11165410.31026039,0.0,1.766689092e-12,36
0,[],17,[],2019-03-09 08:52:22,0.0,0,0,6886004,2019-03-09 08:52:22,btc,0.0746458232965017,0.0,0,btc,4103573.70243647,0.0,0.0,36
1,[],4,[],2019-03-09 08:52:25,254951.86866707,0.00000059,0.000000000023096317,6886006,2019-03-09 08:52:25,btc,19772.478069034947,0.0,0.00000059,btc,559403.4169379,0.02721473,0.1112210931534753,37
1,[],12,[],2019-03-09 08:52:26,410611.80362668,0.00000063,0.000000000024662169,6886007,2019-03-09 08:52:26,btc,11.312189887790796,0.0,0.00000063,btc,368311.34502325,0.0590593060323397,0.1261278910542886,37
1,[],27,[],2019-03-09 08:52:28,34685.567,0.00000045,0.000000000017615835,6886008,2019-03-09 08:52:28,btc,25.74903392619233,0.0,0.00000045,btc,6518.38138508,0.0,0.00520032515,37
1,[],17,[],2019-03-09 07:53:38,1752.74075282,0.00000025,0.00000000000979095,6885627,2019-03-09 07:53:38,btc,0.055484923777095005,0.0,0.00000025,btc,1319.19918473,0.0,0.00043818518820499993,37
1,[],5,[],2019-03-09 09:50:55,0.0,0,0,6886336,2019-03-09 09:50:55,btc,0.0,0.12842236,0,btc,0.0,0.0,0.0,42
1,[],12,[],2019-03-09 09:50:56,263261.92527788,0.000001080000000000000035831255497387193287295303889550268650054931640625,0.00000000004188834,6886337,2019-03-09 09:50:56,btc,0.3042364532061543,0.0,0.000001080000000000000035831255497387193287295303889550268650054931640625,btc,38975.66648688,0.0678898883146774,0.0279673392465849,42
0.0000000003514911,[],27,[],2019-03-09 09:50:58,2000.0,3.514911e-18,1.363275805905e-22,6886338,2019-03-09 09:50:58,eth,0.00315028,0.0,0.00000001,"btc,eth",11.007,0.0,7.029822e-15,42
1,[],5,[],2019-03-09 09:01:00,0.0,0,0,6886200,2019-03-09 09:01:00,btc,0.0,0.0028864,0,btc,0.0,0.0,0.0,43
1,[],12,[],2019-03-09 09:01:02,1121342.0,0.00000001,0.00000000000039172500000000003,6886201,2019-03-09 09:01:02,btc,2.3246649794405596,0.0,0.00000001,btc,4432835.97202798,0.0005494505494504,0.01121342,43
0,[],17,[],2019-03-09 08:52:39,0.0,0,0,6886014,2019-03-09 08:52:39,btc,0.0,0.0,0,btc,0.0,0.0,0.0,43
1,[],12,[],2019-03-05 01:54:08,639326.02,0.00000004,0.000000000001486676,6845775,2019-03-05 01:54:08,btc,11116042.728239931,0.0,0.00000004,btc,1103841.4595604,0.0003330765234764,0.014975410599999999,44
1,[],4,[],2019-03-09 09:01:14,298813010.6037355,0.00000003,0.000000000001175175,6886202,2019-03-09 09:01:14,btc,473.68592939977725,0.0,0.00000003,"btc,ltc",10603233.69196766,0.03500061,0.2843591006952246,49
0,[],4,[],2019-03-09 09:50:59,0.0,0,0,6886339,2019-03-09 09:50:59,,25.80854541419558,0.0,0,,9740025998.04817,0.0,0.0,52
0.0000000001258736,[],22,[],2019-03-09 09:51:03,80845862.0,1.258736e-18,4.8820705128000006e-23,6886340,2019-03-09 09:51:03,XMR,4366.97466637,0.0,0.00000001,XMR,255820234.67882353,0.0,0.80845862,57
0.0000000003514911,[],27,[],2019-03-09 09:51:06,2000.0,3.514911e-18,1.363275805905e-22,6886341,2019-03-09 09:51:06,eth,0.0,0.0,0.00000001,"btc,eth",0.0,0.0,7.029822e-15,57
0.0000000001492141,[],4,[],2019-03-09 09:51:07,594690851.550535,2.984282e-18,1.15746869511e-22,6886342,2019-03-09 09:51:07,ltc,18.80719007129779,0.0,0.00000002,ltc,4766856848.959154,0.0,1.3180086524236209e-09,58
1,[],12,[],2019-03-09 09:51:09,430549105.0,0.0000000003,0.00000000000001163565,6886343,2019-03-09 09:51:09,btc,1121627.239545733,0.0,0.0000000003,btc,1307745195.4155843,0.07519246278731269,0.1026414884,58
0.0000000001258736,[],22,[],2019-03-09 09:51:23,137438.0,1.258736e-18,4.8820705128000006e-23,6886344,2019-03-09 09:51:23,XMR,69.8835922,0.0,0.00000001,XMR,9887963.0,0.0,0.00137438,58
0,[],17,[],2019-03-09 08:02:19,0.0,0,0,6885836,2019-03-09 08:02:19,btc,1e+24,0.0,0,btc,49306342.21952568,0.0,0.0,58
1,[],5,[],2019-03-09 09:51:25,0.0,0,0,6886345,2019-03-09 09:51:25,btc,0.0,0.00067114,0,btc,0.0,0.0,0.0,61
1,[],22,[],2019-03-09 09:51:29,13757.0,0.00000012,0.00000000000465426,6886346,2019-03-09 09:51:29,BTC,1002.2960049,0.0,0.00000012,BTC,14976.68361146909,0.0,0.00154987,61
1,[],26,[],2019-03-09 09:51:29,0.0,0.00000800,0.000000000310284,6886347,2019-03-09 09:51:29,btc,0.0,0.0,0.00000800,btc,0.0,0.0,0.0,61
1,[],27,[],2019-03-09 09:51:31,4411.22008,0.00000047,0.000000000018229185000000003,6886348,2019-03-09 09:51:31,btc,2.8990263703141324,0.0,0.00000047,"btc,eth",19485.01257617,0.0,0.001243759959556456,61
0,[],28,[],2019-03-09 09:53:36,0.0,0,0,6886349,2019-03-09 09:53:36,,0.0,750.0,0,,0.0,0.0,0.0,61
1,[],4,[],2019-03-09 09:53:37,1347731.54771417,0.00000246,0.00000000009541233000000001,6886350,2019-03-09 09:53:37,btc,8.934809235059955,0.0,0.00000246,btc,744401.93402832,0.09467788,1.014487075385144,67
0.0,[],25,[],2019-03-09 09:53:39,0.0,0,0,6886351,2019-03-09 09:53:39,,0.0,0.0,0.0,btc,0.0,0.0,0.0,67
1,[],12,[],2019-03-09 09:53:40,296753.25627027,0.00000031,0.000000000012023505000000001,6886352,2019-03-09 09:53:40,btc,15940.538977138875,0.0,0.00000031,btc,1047823.33188393,0.0466159974919183,0.0593080299343974,71
,[],5,[],2018-11-20 23:02:39,1.5e-07,0.00000005,0.000000000002128045,4862160,2018-11-20 23:02:39,btc,2.84511358,0.0,,btc,0.00036572,0.0,0.07381892,74
1,[],5,[],2019-03-09 09:53:41,0.0,0,0,6886353,2019-03-09 09:53:41,btc,0.0,0.0,0,btc,0.0,0.0,0.0,75
0,[],20,[],2019-01-25 09:30:31,0.0,0,0,6495923,2019-01-25 09:30:31,btc,0.0,0.0,0,btc,0.0,0.0,0.0,81
1,[],4,[],2019-03-09 09:53:42,13147768.81424166,0.00000001,0.000000000000387855,6886354,2019-03-09 09:53:42,btc,11388.985544584346,0.0,0.00000001,btc,40019471.49932191,0.0,0.1314776881424166,81
1,[],4,[],2019-03-09 09:53:44,24045.45904644,0.00007540,0.0000000029244267,6886355,2019-03-09 09:53:44,btc,18.13105039406381,0.0,0.00007540,btc,12437.51725237,0.03446795,0.1049596232236142,82
1,[],21,[],2019-03-09 09:53:45,765721.21131884,0.00007451999999999999802543365623,0.0000000028902954600000003,6886356,2019-03-09 09:53:45,btc,3.5966156285530273,3828.43504514,0.000074519999999999998025433656234639556714682839810848236083984375,btc,42969.50566383,0.28654047,2.940926290044592,82
0,[],17,[],2019-03-09 09:02:00,0.0,0,0,6886221,2019-03-09 09:02:00,btc,0.0447233088476774,0.0,0,btc,999127.19588126,0.0,0.0,84
0.0000000001492141,[],4,[],2019-03-09 09:53:57,107018780.12775661,2.984282e-18,1.15746869511e-22,6886357,2019-03-09 09:53:57,ltc,1.749364752820554,0.0,0.00000002,ltc,423082561.3383544,0.0,2.0845749935115924e-10,85
,[],22,[],2018-11-20 23:09:34,3408.1,0.0000001,0.0000000000041895,4862324,2018-11-20 23:09:34,BTC,0.04624735,0.0,,BTC,4990.0,0.0,0.00033081,86
1,[],22,[],2019-03-09 09:54:01,122000.0,0.00000003,0.000000000001163565,6886358,2019-03-09 09:54:01,BTC,2.078122,0.0,0.00000003,BTC,169918.94736842104,0.0,0.00186,87
0,[],27,[],2019-03-09 09:54:03,0.0,0,0,6886359,2019-03-09 09:54:03,,0.0,0.0,0,btc,0.0,0.0,0.0,87
,[],2,[],2018-11-20 23:10:47,0.0,0,0,4862359,2018-11-20 23:10:47,,0.0,0.0,,,0.0,0.0,0.0,88
1,[],11,[],2019-03-09 09:54:05,94815.07463956,0.00014651000000000000502743680019790417645708657801151275634765625,0.0000000056824636050000005,6886360,2019-03-09 09:54:05,btc,606.8598886811583,429.77954565,0.00014651000000000000502743680019790417645708657801151275634765625,btc,94492.87563873,0.0,6.533481633273245,89
0,[],2,[],2019-01-20 23:31:45,0.0,0,0,6477083,2019-01-20 23:31:45,,0.0,0.0,0,,0.0,0.0,0.0,91
1,[],12,[],2019-03-09 09:54:06,248585.53213461,0.000001230000000000000081983031474663903281907550990581512451171875,0.000000000047706165000000005,6886361,2019-03-09 09:54:06,btc,61.50656759857173,0.0,0.000001230000000000000081983031474663903281907550990581512451171875,btc,115997.2142805,0.0121071189230169,0.0371330102999429,91
0,[],17,[],2019-03-09 09:54:07,0.0,0,0,6886362,2019-03-09 09:54:07,btc,0.0,0.0,0,btc,0.0,0.0,0.0,91
1,[],22,[],2019-03-09 09:54:11,65900.0,0.00000001,0.000000000000387855,6886363,2019-03-09 09:54:11,BTC,3e-06,0.0,0.00000001,BTC,1.0,0.0,0.000659,91
0,[],22,[],2019-03-09 09:54:14,0.0,0,0,6886364,2019-03-09 09:54:14,,7.50307462,0.0,0,,70597140.95714286,0.0,0.0,95
0,[],17,[],2019-03-09 09:03:03,0.0,0,0,6886231,2019-03-09 09:03:03,btc,0.0,0.0,0,btc,0.0,0.0,0.0,96
0.0000000001492141,[],4,[],2019-03-09 09:54:14,647061470.0381,7.7591332e-17,3.0094186072860003e-21,6886365,2019-03-09 09:54:14,ltc,11.894632810103927,0.0,0.00000052,ltc,136320665.26165134,0.0,1.8766757861837223e-09,96
1,[],12,[],2019-03-09 09:54:16,69933.0,0.00000001,0.000000000000387855,6886366,2019-03-09 09:54:16,btc,10.58031148,0.0,0.00000001,btc,2084251.0,1.02e-06,0.0006993300000000001,96
1,[],4,[],2019-03-09 09:54:17,1604096.62827101,0.00000021,0.000000000008144955000000001,6886367,2019-03-09 09:54:17,btc,2.5657808180832014,0.0,0.00000021,btc,2577910.82154154,0.00686283,0.1284040324121467,99
0,[],2,[],2019-01-20 23:23:55,0.0,0,0,6476914,2019-01-20 23:23:55,,0.0,0.0,0,,0.0,0.0,0.0,100
1,[],4,[],2019-03-09 09:54:19,293425.94841834,0.00003886,0.00000000150720453,6886368,2019-03-09 09:54:19,btc,11.138158637939236,0.0,0.00003886,btc,157097.68232352,0.59812693,1.870342502269183,100
1,[],22,[],2019-03-09 09:54:44,50000.0,0.00000001,0.000000000000387855,6886369,2019-03-09 09:54:44,BTC,23.49896609,0.0,0.00000001,BTC,10277.22,0.0,0.0005,101
1,[],4,[],2019-03-09 09:54:45,436248.0632709,0.00000087,0.000000000033743385,6886370,2019-03-09 09:54:45,btc,308.0311757498438,0.0,0.00000087,btc,487195.72443487,0.00790116,0.2144093086504636,103
1,[],12,[],2019-03-09 09:54:47,21726327.887000002,0.000000009,0.0000000000003490695,6886371,2019-03-09 09:54:47,btc,3553840.53674416,0.0,0.000000009,btc,59866247.05199092,0.0512141473996008,0.051057792983,105
1,[],27,[],2019-03-09 09:54:49,223920.39,0.00000001,0.000000000000387855,6886372,2019-03-09 09:54:49,btc,36.60591030491341,5477.5,0.00000001,btc,1301440.23571724,5.478e-05,0.0022392039,105
1,[],22,[],2019-03-09 09:54:53,9328.0,0.00000001,0.000000000000387855,6886373,2019-03-09 09:54:53,BTC,51.10837004,0.0,0.00000001,BTC,470435.0,0.0,9.328e-05,107
1,[],26,[],2019-03-09 09:54:53,0.0,0.00000000,0,6886374,2019-03-09 09:54:53,btc,0.0,0.0,0.00000000,btc,0.0,0.0,0.0,107
1,[],5,[],2019-03-09 09:54:55,0.0,0,0,6886375,2019-03-09 09:54:55,btc,0.0,4.728e-05,0,btc,0.0,0.0,0.0,112
1,[],22,[],2019-03-09 09:55:16,1966.0,0.00000001,0.000000000000387855,6886376,2019-03-09 09:55:16,BTC,2.7975128,0.0,0.00000001,BTC,826524.0833333334,0.0,1.966e-05,112
0.0000000003514911,[],27,[],2019-03-09 09:55:18,2000.0,3.514911e-18,1.363275805905e-22,6886377,2019-03-09 09:55:18,eth,1.24892491849924,0.0,0.00000001,"btc,eth",1288.641654,0.0,7.029822e-15,112
1,[],4,[],2019-03-09 09:55:19,1277964.77052691,0.00000210,0.00000000008144955,6886378,2019-03-09 09:55:19,btc,4.878341821037067,0.0,0.00000210,btc,327961.18488521,0.05643962,0.9626346529059107,113
1,[],5,[],2019-03-09 09:55:20,0.0,0,0,6886379,2019-03-09 09:55:20,btc,0.0,0.0,0,btc,0.0,0.0,0.0,113
1,[],17,[],2019-03-09 09:55:22,152738.278,0.00000004,0.00000000000155142,6886380,2019-03-09 09:55:22,btc,1.3368030274913898,0.0,0.00000004,btc,51896.221,0.0,0.0022095311199999998,116
0,[],27,[],2019-03-09 09:55:24,0.0,0,0,6886381,2019-03-09 09:55:24,,0.0,0.0,0,btc,0.0,0.0,0.0,116
1,[],4,[],2019-03-09 09:55:24,64664.99319912,0.00002454,0.00000000095179617,6886382,2019-03-09 09:55:24,btc,30.569605292283704,0.0,0.00002454,btc,84390.0969288,0.11208921,0.933434301985111,120
1,[],7,[],2019-03-09 09:55:25,20954.03037469,0.0000212500000000000015265566588595902430824935436248779296875,0.0000000008241918750000001,6886383,2019-03-09 09:55:25,btc,115648.89480684382,2.90290374,0.0000212500000000000015265566588595902430824935436248779296875,btc,36709.119221220004,7.388e-05,0.0532230390138809,120
1,[],20,[],2019-03-09 09:55:28,2948965.285,0.000000044,0.000000000001706562,6886384,2019-03-09 09:55:28,btc,33.6156850734428,57925.55,0.000000044,btc,1009208.7699,0.0019826225668,0.0388576303356,125
1,[],22,[],2019-03-09 09:55:32,3053.0,0.00000001,0.000000000000387855,6886385,2019-03-09 09:55:32,BTC,0.01444887,0.0,0.00000001,BTC,296263.5111111111,0.0,3.053e-05,126
0,[],2,[],2019-01-20 23:25:46,0.0,0,0,6476969,2019-01-20 23:25:46,,0.0,0.0,0,,0.0,0.0,0.0,131
1,[],4,[],2019-03-09 09:55:33,143135.71810906,0.00001304,0.00000000050576292,6886386,2019-03-09 09:55:33,btc,3.6013404046301942,0.0,0.00001304,btc,121946.2021393,0.15338961,0.6105732392619352,131
0,[],17,[],2019-03-09 09:55:34,0.0,0,0,6886387,2019-03-09 09:55:34,btc,0.0009561751951600001,0.0,0,btc,35.42829368,0.0,0.0,131
1,[],4,[],2019-03-09 09:55:35,4547.31031278,0.00016000,0.00000000620568,6886388,2019-03-09 09:55:35,btc,1.619135031296738,0.0,0.00016000,btc,239.25503526,0.0,0.0068161669214327,135
1,[],3,[],2019-03-07 00:20:44,877702.73244099,0.00000004,0.00000000000154846,6863392,2019-03-07 00:20:44,btc,0.119366241821405,0.0,0.00000004,btc,760637.99421222,0.0,0.023771231960604298,136
1,[],4,[],2019-03-09 09:55:36,241150.46850835,0.00000160,0.0000000000620568,6886389,2019-03-09 09:55:36,btc,38.676961472841384,0.0,0.00000160,btc,519410.24304572,0.08925204,0.0643671715460306,137
1,[],12,[],2019-03-09 09:55:37,199371.66666667,0.000001579999999999999907326193003542780246561960666440427303314208984375,0.00000000006128109,6886390,2019-03-09 09:55:37,btc,5.05978083568233,0.0,0.000001579999999999999907326193003542780246561960666440427303314208984375,btc,3772.14431749,0.0069976597352955,0.0044598900000001,137
1,[],17,[],2019-03-09 09:03:53,22967.386363640002,0.00000088,0.000000000034471800000000003,6886254,2019-03-09 09:03:53,btc,20.069913352779057,0.0,0.00000088,btc,2746.079105,0.0,0.0104613000000032,142
1,[],4,[],2019-03-09 09:55:38,14614.33623991,0.00003701,0.0000000014354513550000002,6886391,2019-03-09 09:55:38,btc,28.583756739975716,0.0,0.00003701,btc,47881.52034089,0.20944921,0.3729407503473876,142
1,[],5,[],2019-03-09 09:55:39,0.0,0,0,6886392,2019-03-09 09:55:39,btc,0.0,0.0947768,0,btc,0.0,0.0,0.0,142
1,[],20,[],2019-03-09 09:55:52,135550.6818,0.00004001,0.000000001551807855,6886393,2019-03-09 09:55:52,btc,0.3321796187412,308.2894,0.00004001,btc,2131.2459,0.013784091709,0.3066812177001,142
1,[],22,[],2019-03-09 09:55:55,1470.8988921568628,0.00004000,0.00000000155142,6886394,2019-03-09 09:55:55,BTC,3.00385504,0.0,0.00004000,BTC,891.218,0.0,0.0012358,142
0.0,[],25,[],2019-03-09 09:55:57,0.0,0,0,6886395,2019-03-09 09:55:57,,0.0,0.0,0.0,btc,0.0,0.0,0.0,142
1,[],28,[],2019-03-09 09:56:03,76201.664,0.00001500,0.0000000005817825,6886396,2019-03-09 09:56:03,btc,0.067100461059305,1587.0,0.00001500,btc,552.61077999,0.0,0.00546896,142
0,[],22,[],2019-03-09 09:56:06,0.0,0,0,6886397,2019-03-09 09:56:06,,62.13631169,0.0,0,,837691921.3,0.0,0.0,143
0,[],22,[],2019-02-25 15:42:22,0.0,0,0,6783783,2019-02-25 15:42:22,,4.2131946,0.0,0,,2322156.0,0.0,0.0,146
,[],22,[],2018-11-20 23:01:11,0.0,0,0,4862114,2018-11-20 23:01:11,,2.56807021,0.0,,,61828.4988236,0.0,0.0,147
1,[],12,[],2019-03-09 09:56:07,330091.8871122,0.0000020399999999999999500377954875229846720685600303113460540771484375,0.00000000007912242000000001,6886398,2019-03-09 09:56:07,btc,1.7070267086747015,0.0,0.0000020399999999999999500377954875229846720685600303113460540771484375,btc,27058.32742472,0.0013273414637386,0.0281482399999707,148
0,[],22,[],2019-03-09 09:56:11,0.0,0,0,6886400,2019-03-09 09:56:11,,0.0,0.0,0,,0.0,0.0,0.0,152
1,[],4,[],2019-03-09 09:56:08,251092.1047889,0.00000029,0.000000000011247795,6886399,2019-03-09 09:56:08,btc,219.99868097582697,0.0,0.00000029,btc,840518.27277364,0.0,0.0596602236432636,152
1,[],5,[],2019-03-09 09:56:13,0.0,0,0,6886401,2019-03-09 09:56:13,btc,0.0,0.0,0,btc,0.0,0.0,0.0,153
,[],16,[],2019-01-11 15:38:59,0.0,0,0,6366141,2019-01-11 15:38:59,btc,0.0,0.0,,btc,0.0,0.0,0.0,155
0,[],22,[],2019-03-09 09:56:17,0.0,0,0,6886402,2019-03-09 09:56:17,,6.7463881,0.0,0,,4674397.242592593,0.0,0.0,156
0,[],23,[],2019-01-20 23:24:29,0.0,0,0,6476932,2019-01-20 23:24:29,,0.0,0.0,0,,0.0,0.0,0.0,156
1,[],22,[],2019-03-09 09:56:21,7073.8,0.00005300,0.0000000020556315000000003,6886403,2019-03-09 09:56:21,BTC,1.80343699,0.0,0.00005300,BTC,899.6422341958436,0.0,0.00104336,157
0,[],22,[],2019-03-09 09:56:24,0.0,0,0,6886404,2019-03-09 09:56:24,,50175.67608608,0.0,0,,54079135.04179466,0.0,0.0,158
,[],17,[],2018-11-20 22:56:10,0.0,0,0,4861976,2018-11-20 22:56:10,btc,1.1265625,0.0,,btc,1000.0,0.0,0.0,159
,[],20,[],2018-11-20 22:56:12,0.0,0,0,4861977,2018-11-20 22:56:12,btc,11912.7940471,0.0,,btc,34413894.3617,0.0,0.0,159
1,[],12,[],2019-03-09 09:56:25,218402.5943229,0.0000068000000000000001158036340431767285963360336609184741973876953125,0.00000000026374140000000004,6886405,2019-03-09 09:56:25,btc,0.7744309788458573,0.0,0.0000068000000000000001158036340431767285963360336609184741973876953125,btc,8092.07800437,0.0011163309,0.0955673708470923,168
1,[],17,[],2019-03-09 09:56:27,29784.95,0.000001,0.0000000000387855,6886406,2019-03-09 09:56:27,btc,0.03026736251542,0.0,0.000001,btc,144.46171372,0.0,0.00716147,168
0,[],22,[],2019-03-07 13:06:36,0.0,0,0,6867364,2019-03-07 13:06:36,,1.1339604,0.0,0,,520283.17470714403,0.0,0.0,169
1,[],22,[],2019-03-09 09:56:31,314467.6666666667,0.00000007,0.0000000000027149850000000003,6886407,2019-03-09 09:56:31,BTC,14.35051537,0.0,0.00000007,BTC,156321.50757046542,3.718e-05,0.00822229,171
1,[],22,[],2019-03-09 09:56:37,927527.1083333333,0.00000011,0.000000000004266405,6886408,2019-03-09 09:56:37,BTC,2.20888987,0.0,0.00000011,"BTC,LTC",275350.59750826145,0.0,0.03105863,173
1,[],5,[],2019-03-05 01:59:40,0.0,0,0,6845846,2019-03-05 01:59:40,btc,0.0,0.00384852,0,btc,0.0,0.0,0.0,175
1,[],22,[],2019-03-09 09:56:41,35500.0,0.00000012,0.00000000000465426,6886409,2019-03-09 09:56:41,BTC,0.54559973,0.0,0.00000012,BTC,137776.41444619838,0.00021,0.00206,176
1,[],7,[],2019-03-09 09:56:45,0.0,0,0,6886410,2019-03-09 09:56:45,btc,410914.8908230077,3347.65234765,0,btc,116641456.03800051,3.348e-05,0.0,178
0,[],22,[],2019-03-09 09:56:47,0.0,0,0,6886411,2019-03-09 09:56:47,,1.00242438,0.0,0,,57522.0,0.0,0.0,178
0,[],2,[],2019-01-20 23:28:34,0.0,0,0,6477001,2019-01-20 23:28:34,,0.0,0.0,0,,0.0,0.0,0.0,178
1,[],5,[],2019-03-09 09:56:50,0.0,0,0,6886412,2019-03-09 09:56:50,btc,0.0,0.08701441,0,btc,0.0,0.0,0.0,179
1,[],22,[],2019-03-09 09:56:54,6875818.5,0.00000002,0.00000000000077571,6886413,2019-03-09 09:56:54,BTC,5.65174896,0.0,0.00000002,"BTC,LTC",17774331.756535422,0.04554511,0.37245709,179
0,[],23,[],2019-01-20 23:25:08,0.0,0,0,6476952,2019-01-20 23:25:08,,0.0,0.0,0,,0.0,0.0,0.0,179
1,[],22,[],2019-03-09 09:57:00,658016.7090909091,0.0000009,0.00000000003490695,6886414,2019-03-09 09:57:00,BTC,0.25403815,0.0,0.0000009,"BTC,LTC",89404.95475376882,0.00068725,0.56235298,180
1,[],26,[],2019-03-09 09:57:00,0.0,0.00000125,0.000000000048481875,6886415,2019-03-09 09:57:00,btc,0.0,100.0,0.00000125,btc,0.0,0.0,0.0,180
1,[],17,[],2019-03-09 09:05:03,10504.725,0.0000001,0.00000000000391725,6886273,2019-03-09 09:05:03,btc,5.2010695838170005,0.0,0.0000001,btc,4994.45945,0.0,0.0010504725,180
,[],7,[],2018-11-20 22:58:01,562227.975654,0.00000085,0.000000000036176765,4862015,2018-11-20 22:58:01,btc,21836.6059674,2491.87645172,,btc,749999.041456,0.00211021,0.127565380455,183
1,[],24,[],2019-03-09 09:57:00,0.0,0.000000000001,3.87855e-17,6886416,2019-03-09 09:57:00,btc,0.0,0.0,0.000000000001,btc,0.0,0.0,0.0,187
,[],5,[],2019-01-10 08:11:41,0.0,0,0,6347036,2019-01-10 08:11:41,btc,82.15055501,0.00261,,btc,1.19002445,0.0,0.0,187
,[],17,[],2018-11-16 20:58:10,4062536.27273,0.00000001,0.000000000000550501,4708775,2018-11-16 20:58:10,btc,3.36492563466,0.195460381006,,"btc,eth",110697919.549,0.0,0.0157628953496,187
0,[],22,[],2019-03-09 09:57:04,0.0,0,0,6886417,2019-03-09 09:57:04,,7.54802454,0.0,0,,79361.7243344055,0.0,0.0,191
0,[],22,[],2019-03-09 09:57:11,0.0,0,0,6886418,2019-03-09 09:57:11,,0.0,0.0,0,,0.0,0.0,0.0,197
0,[],22,[],2019-03-09 09:57:14,0.0,0,0,6886419,2019-03-09 09:57:14,,5.19077022,0.0,0,,21057953.0,0.0,0.0,199
1,[],26,[],2019-03-09 09:57:14,0.0,0.00000000,0,6886420,2019-03-09 09:57:14,btc,0.0,126803.0,0.00000000,btc,0.0,0.0,0.0,199
0,[],23,[],2019-01-20 23:31:41,0.0,0,0,6477079,2019-01-20 23:31:41,,0.0,0.0,0,,0.0,0.0,0.0,199
0,[],17,[],2019-01-30 16:32:01,0.0,0,0,6540827,2019-01-30 16:32:01,btc,6.802544163788159,0.0,0,btc,105897.55575295,0.0,0.0,200
0,[],2,[],2019-01-20 23:30:49,0.0,0,0,6477059,2019-01-20 23:30:49,,0.0,0.0,0,,0.0,0.0,0.0,201
1,[],4,[],2019-01-25 15:51:35,2084389.58565343,0.00000936,0.000000000333526752,6499557,2019-01-25 15:51:35,btc,2.0092503037378524,0.0,0.00000936,btc,160195.80207885,0.19272417,1.242687955921835,211
1,[],7,[],2019-03-09 09:57:18,2279083.01102715,0.000001049999999999999899545958213786800428124479367397725582122802734375,0.000000000040724775,6886421,2019-03-09 09:57:18,btc,15476654.078268047,957262.450099,0.000001049999999999999899545958213786800428124479367397725582122802734375,btc,13643975.39219927,0.0,1.5599094695128173,212
1,[],5,[],2019-03-09 09:57:20,0.0,0,0,6886422,2019-03-09 09:57:20,btc,0.0,0.09801678,0,btc,0.0,0.0,0.0,213
1,[],24,[],2019-03-09 09:57:20,0.0,0.000000120000,0.00000000000465426,6886423,2019-03-09 09:57:20,btc,0.0,0.0,0.000000120000,btc,0.0,0.0,0.0,213
1,[],26,[],2019-03-09 09:57:20,0.0,0.00000010,0.00000000000387855,6886424,2019-03-09 09:57:20,btc,0.0,0.0,0.00000010,btc,0.0,0.0,0.0,213
1,[],12,[],2019-01-25 02:44:32,207462.42853209,0.000001080000000000000035831255497387193287295303889550268650054931640625,0.000000000038610756000000006,6493050,2019-01-25 02:44:32,btc,85023.03793723314,0.0,0.000001080000000000000035831255497387193287295303889550268650054931640625,btc,43675.73520027,0.000146250909087,0.0348620860622024,213
1,[],22,[],2019-03-09 09:57:25,29085.0,0.00000001,0.000000000000387855,6886425,2019-03-09 09:57:25,BTC,2.28062382,0.0,0.00000001,BTC,675757.3963726171,0.00052,0.00029085,216
1,[],27,[],2019-03-09 09:57:28,1298602.0,0.00000003,0.000000000001163565,6886426,2019-03-09 09:57:28,btc,317.9840374547724,0.0,0.00000003,"btc,ltc",240563.990324,0.0,0.03377204000026859,216
1,[],22,[],2019-03-09 09:57:32,166207.52409638555,0.00000172,0.00000000006671106,6886427,2019-03-09 09:57:32,BTC,12673.55565481,0.0,0.00000172,BTC,423981.7887669695,0.05170083,0.18151527,217
1,[],7,[],2019-03-09 09:57:33,0.0,0,0,6886428,2019-03-09 09:57:33,btc,77969.38823110008,1000.0,0,btc,135865036.11822966,1e-05,0.0,219
0,[],27,[],2019-03-09 09:57:35,0.0,0,0,6886429,2019-03-09 09:57:35,,0.04027288,0.0,0,btc,2037233.0,0.0,0.0,219
0.0000000000000051,[],28,[],2019-03-09 09:57:43,168978802.075,7.65e-18,2.96709075e-22,6886430,2019-03-09 09:57:43,doge,84451.8501148375,19221.0,0.00150000,"btc,doge",3563815.34751,0.0,1.6718492800664656e-11,219
1,[],22,[],2019-03-09 09:58:07,536035.5,0.00000006,0.00000000000232713,6886431,2019-03-09 09:58:07,BTC,2.76264714,0.0,0.00000006,BTC,89545.24541875876,0.00034515,0.02515133,221
1,[],24,[],2019-03-09 09:58:07,0.0,0.000000200000,0.0000000000077571,6886432,2019-03-09 09:58:07,btc,0.0,0.0,0.000000200000,btc,0.0,0.0,0.0,221
1,[],20,[],2019-03-09 09:58:09,39105329.5253,0.000000001,0.0000000000000387855,6886433,2019-03-09 09:58:09,btc,48.4424962759203,172770.0,0.000000001,btc,16089766.8029,0.00034554,0.0391053295253,224
0,[],22,[],2019-03-09 09:58:12,0.0,0,0,6886434,2019-03-09 09:58:12,,0.0,0.0,0,,0.0,0.0,0.0,224
1,[],26,[],2019-03-09 09:58:12,0.0,0.00000035,0.000000000013574925000000001,6886435,2019-03-09 09:58:12,btc,0.0,0.0,0.00000035,btc,0.0,0.0,0.0,231
1,[],26,[],2019-03-09 09:58:12,0.0,0.00000005,0.000000000001939275,6886436,2019-03-09 09:58:12,btc,0.0,200.0,0.00000005,btc,0.0,0.0,0.0,234
0.0000000003514911,[],27,[],2019-03-09 09:58:15,2000.0,3.514911e-18,1.363275805905e-22,6886437,2019-03-09 09:58:15,eth,0.01134836604,0.0,0.00000001,"btc,eth",11462.996,0.0,7.029822e-15,234
1,[],4,[],2019-03-09 09:58:16,815204.5295482,0.00000077,0.000000000029864835,6886438,2019-03-09 09:58:16,btc,4.339061889666245,0.0,0.00000077,btc,1219311.33518926,0.01123884,0.2251024310041416,236
1,[],24,[],2019-03-09 09:58:16,0.0,0.000000300000,0.000000000011635650000000001,6886439,2019-03-09 09:58:16,btc,0.0,0.0,0.000000300000,btc,0.0,0.0,0.0,236
1,[],20,[],2019-03-09 09:58:18,199921657.1173,0.000000056,0.000000000002171988,6886440,2019-03-09 09:58:18,btc,13.7174744224216,18210973.0575,0.000000056,btc,38376929.5727,1.0394096599387,0.3685503472089,237
0.0000000001492141,[],22,[],2019-03-09 09:58:21,751594.9,2.5366397e-17,9.838483908435001e-22,6886441,2019-03-09 09:58:21,LTC,0.0405823,0.0,0.00000017,LTC,3164.0,0.0,0.12541949,237
1,[],4,[],2019-03-09 09:58:22,9853247.71519031,0.00000039,0.000000000015126345,6886442,2019-03-09 09:58:22,btc,9.142376155145506,0.0,0.00000039,btc,10648203.93888075,0.28699128,2.613648734980259,238
1,[],5,[],2019-03-09 09:58:23,0.0,0,0,6886443,2019-03-09 09:58:23,btc,0.0,0.08639914,0,btc,0.0,0.0,0.0,238
0,[],22,[],2019-03-09 09:58:26,0.0,0,0,6886444,2019-03-09 09:58:26,,0.40415028,0.0,0,,526436.5639027493,0.0,0.0,249
0.0000000001492141,[],22,[],2019-03-09 09:58:30,49087200.666666664,5.968564e-18,2.31493739022e-22,6886445,2019-03-09 09:58:30,LTC,0.82227478,0.0,0.00000004,LTC,16334368.053636363,0.0,1.18162413,252
1,[],28,[],2019-03-09 09:58:37,2806323.713,0.00000038,0.00000000001473849,6886446,2019-03-09 09:58:37,btc,164734.29666833178,47564.5,0.00000038,btc,3012240.3027,0.0,0.57997390182,256
1,[],22,[],2019-03-09 09:58:41,1370958.8333333333,0.00000005,0.000000000001939275,6886447,2019-03-09 09:58:41,BTC,31.45964356,0.0,0.00000005,BTC,708716.3568978057,0.00095134,0.02041577,258
1,[],22,[],2019-03-09 09:58:45,48751.0,0.00000001,0.000000000000387855,6886448,2019-03-09 09:58:45,BTC,2.4175745,0.0,0.00000001,BTC,1762.0,0.0,0.00048751,259
1,[],5,[],2019-03-09 09:58:47,0.0,0,0,6886449,2019-03-09 09:58:47,btc,0.0,0.12541115,0,btc,0.0,0.0,0.0,264
1,[],20,[],2019-03-09 09:58:49,1251285.4597,0.00000191,0.000000000074080305,6886450,2019-03-09 09:58:49,btc,7.4598776712126,114863.4266,0.00000191,btc,101602.3466,0.2617795234708,0.018264052299,264
0,[],22,[],2019-03-09 09:58:52,0.0,0,0,6886451,2019-03-09 09:58:52,,8.45833143,0.0,0,,464287.34411321935,0.0,0.0,271
0,[],22,[],2019-03-09 09:58:55,0.0,0,0,6886452,2019-03-09 09:58:55,,266.24197304,0.0,0,,13936792767.692,0.0,0.0,272
0.0000000000000051,[],28,[],2019-03-09 09:59:00,252160763312.905,4.896e-21,1.89893808e-25,6886453,2019-03-09 09:59:00,doge,37039105.80082371,27375387500.7467,0.00000096,doge,225753295527.8329,0.0,7.594339014787216e-10,272
1,[],22,[],2019-03-09 09:59:17,166601.74,0.00000125,0.000000000048481875,6886454,2019-03-09 09:59:17,BTC,177.95011741,0.0,0.00000125,"BTC,LTC",31328.461119091924,0.0618471,0.07308192,281
1,[],22,[],2019-03-09 09:59:22,827110.3208144796,0.00000021,0.000000000008144955000000001,6886455,2019-03-09 09:59:22,BTC,1.50541912,0.0,0.00000021,BTC,127014.88633280771,0.01334362,0.04123347,286
0,[],22,[],2019-03-09 09:59:25,0.0,0,0,6886456,2019-03-09 09:59:25,,43638.82491513,0.0,0,,700126356.0,0.0,0.0,294
