pairValue,buyBook,exchangeId,sellBook,updated,buyTotal,satoshiPrice,usdPrice,exchangeLogId,created,bestPair,sellTotalBtc,volume,pairPrice,activePairs,sellTotal,volumeBtc,buyTotalBtc,coinId
0,[],2,[],2019-01-20 23:28:45,0.0,0,0,6477011,2019-01-20 23:28:45,,0.0,0.0,0,,0.0,0.0,0.0,1
1,[],3,[],2019-02-24 15:07:25,30538.375498998423,0.01277958000000000045315307062310239416547119617462158203125,0.000000484950556134,6774499,2019-02-24 15:07:25,btc,61.11962663863726,0.17363166,0.01277958000000000045315307062310239416547119617462158203125,btc,25.630766050907003,0.0,0.2912908685614065,1
1,[],4,[],2019-02-24 15:07:26,302993.30933441,0.01319998,0.000000500903601054,6774500,2019-02-24 15:07:26,btc,9.077520128145162,0.0,0.01319998,btc,249.84871451,0.91849978,1.6620274678653495,1
1,[],5,[],2019-02-24 15:07:28,0.0,0,0,6774501,2019-02-24 15:07:28,btc,0.0,0.18391112,0,btc,0.0,0.0,0.0,1
1,[],10,[],2019-02-24 15:07:31,414594.04029343,0.01161757,0.00000044085541406100006,6774502,2019-02-24 15:07:31,btc,6523.222348749183,1051.37324144,0.01161757,btc,1086.07101039,0.0,5.212960180706735,1
1,[],12,[],2019-02-24 15:07:33,10430.79608487,0.01281000000000000020594637106796653824858367443084716796875,0.000000486104913,6774503,2019-02-24 15:07:33,btc,0.2694516925856,0.0,0.01281000000000000020594637106796653824858367443084716796875,btc,12.51935413,0.2972267004007,0.2892188818867,1
1,[],20,[],2019-02-24 15:07:35,1150.428,0.010500214,0.0000003984547707222,6774504,2019-02-24 15:07:35,btc,0.0616431583457,0.1432,0.010500214,btc,2.788,0.0015036306448,0.0915544251227,1
1,[],21,[],2019-02-24 15:07:36,2168.54132084,0.01280274999999999989419574575,0.0000004858297950750001,6774505,2019-02-24 15:07:36,btc,20.3019269661973,8575.76239042,0.01280274999999999989419574575322258169762790203094482421875,"btc,eth",1892.12331691,97.4350046845554,23.227595225715902,1
1,[],22,[],2019-02-24 15:07:42,0.0163776,0.01300000,0.0000004933149000000001,6774506,2019-02-24 15:07:42,BTC,0.31423927,0.0,0.01300000,BTC,0.11751954901960784,0.0,0.00020972,1
1,[],24,[],2019-02-24 15:07:42,0.0,0.000000000000,0,6774507,2019-02-24 15:07:42,btc,0.0,0.0,0.000000000000,btc,0.0,0.0,0.0,1
0.0,[],25,[],2019-02-24 15:07:43,0.0,0,0,6774508,2019-02-24 15:07:43,btc,25.443699996824257,756.61273527,0.0,btc,1935.067654,9.8589,0.0,1
1,[],26,[],2019-02-24 15:07:44,0.0,0,0,6774509,2019-02-24 15:07:44,,0.0,0.0,0,,0.0,0.0,0.0,1
0,[],28,[],2019-02-24 15:08:05,0.0,0,0,6774510,2019-02-24 15:08:05,,0.0,0.0,0,,0.0,0.0,0.0,1
1,[],5,[],2019-02-24 15:08:06,0.0,0,0,6774511,2019-02-24 15:08:06,btc,0.0,0.01464417,0,btc,0.0,0.0,0.0,2
0.0000000001289831,[],22,[],2019-02-24 15:08:09,1148.0,1.4188141e-16,5.384016429693e-21,6774512,2019-02-24 15:08:09,XMR,21.01373823,0.0,0.00000110,XMR,14319.12581,0.0,0.00087635,2
1,[],5,[],2019-02-24 14:10:15,0.0,0,0,6774346,2019-02-24 14:10:15,btc,0.0,1.00187294,0,btc,0.0,0.0,0.0,3
1,[],12,[],2019-02-24 14:10:16,13291213.40977956,0.000000174,0.000000000007040492400000001,6774347,2019-02-24 14:10:16,btc,924396.5667186066,0.0,0.000000174,btc,8381641.12211595,0.16718250441974394,0.6669973102871639,3
0,[],28,[],2019-02-24 14:10:38,0.0,0,0,6774348,2019-02-24 14:10:38,,0.0,0.0,0,,0.0,0.0,0.0,3
0,[],2,[],2019-01-20 23:31:32,0.0,0,0,6477077,2019-01-20 23:31:32,,0.0,0.0,0,,0.0,0.0,0.0,4
1,[],4,[],2019-02-22 15:52:28,400439.70738348,0.00000032,0.000000000012596480000000001,6759744,2019-02-22 15:52:28,btc,31.576426407239886,0.0,0.00000032,btc,685876.08766458,0.0,0.0547125982053145,4
1,[],12,[],2019-02-22 14:50:14,1367032.5219999999,0.00000003,0.000000000001190475,6759350,2019-02-22 14:50:14,btc,11013869.583570713,0.0,0.00000003,btc,1211697.32371984,0.00024567976024,0.02065290044,5
0,[],2,[],2019-01-20 23:31:51,0.0,0,0,6477087,2019-01-20 23:31:51,,0.0,0.0,0,,0.0,0.0,0.0,6
1,[],11,[],2019-02-24 15:08:11,3301329.5,0.00000002,0.000000000000758946,6774513,2019-02-24 15:08:11,btc,9432.836945181234,61187.0,0.00000002,btc,41471686.95347657,0.0,0.033501425,6
1,[],3,[],2019-02-24 15:08:11,1091.857220066689,0.00015102999999999999563259078794175138682476244866847991943359375,0.000000005731180719,6774514,2019-02-24 15:08:11,btc,27.605796873748474,0.0,0.00015102999999999999563259078794175138682476244866847991943359375,btc,249.144760639695,0.0,0.03419745781762677,7
1,[],4,[],2019-02-24 15:08:12,94586.9266392,0.00024473,0.000000009286842729,6774515,2019-02-24 15:08:12,btc,15.225481102351212,0.0,0.00024473,btc,45870.38172106,11.36937761,5.058445320770533,7
1,[],5,[],2019-02-24 15:08:13,0.0,0,0,6774516,2019-02-24 15:08:13,btc,0.0,2.27085634,0,btc,0.0,0.0,0.0,7
1,[],20,[],2019-02-20 02:16:17,39399275.8418,0.000000001,0.0000000000000390183,6728586,2019-02-20 02:16:17,btc,116.9737569154545,525.0,0.000000001,btc,56932965.8895,5.25e-07,0.0393992758418,8
0,[],2,[],2019-01-20 23:22:42,0.0,0,0,6476876,2019-01-20 23:22:42,,0.0,0.0,0,,0.0,0.0,0.0,9
0,[],23,[],2019-01-20 23:22:48,0.0,0,0,6476878,2019-01-20 23:22:48,,0.0,0.0,0,,0.0,0.0,0.0,9
1,[],1,[],2019-02-17 23:31:42,1822507.21,0.00000181000000000000003456111265232042484285557293333113193511962890625,0.000000000066086901,6701244,2019-02-17 23:31:42,btc,3.6990969245,17153386.5,0.00000181000000000000003456111265232042484285557293333113193511962890625,btc,1997391.71,31.11772986,3.2610482446,9
1,[],4,[],2019-02-24 15:08:14,1996089.51742807,0.00000194,0.000000000073617762,6774517,2019-02-24 15:08:14,btc,5.6050319798542425,0.0,0.00000194,btc,2244894.39791955,3.80460341,0.8521659167685942,9
0,[],28,[],2019-02-24 15:08:32,0.0,0,0,6774518,2019-02-24 15:08:32,,0.0,0.0,0,,0.0,0.0,0.0,9
1,[],4,[],2019-02-17 11:22:43,4341674.27126056,0.00000002,0.0000000000007272960000000001,6696112,2019-02-17 11:22:43,btc,0.1997230937751353,0.0,0.00000002,btc,4109766.79808031,0.00215132,0.0479381022052112,10
0,[],2,[],2019-01-20 23:23:08,0.0,0,0,6476890,2019-01-20 23:23:08,,0.0,0.0,0,,0.0,0.0,0.0,12
1,[],4,[],2019-02-24 15:08:33,2592824.14455759,0.00000137,0.000000000051987801000000003,6774519,2019-02-24 15:08:33,btc,13.86787466782623,0.0,0.00000137,btc,6928375.7150926,4.0101238,1.8364895792952618,12
1,[],5,[],2019-02-24 15:08:34,0.0,0,0,6774520,2019-02-24 15:08:34,btc,0.0,0.53164655,0,btc,0.0,0.0,0.0,12
0.0,[],25,[],2019-02-24 15:08:35,0.0,0,0,6774521,2019-02-24 15:08:35,,0.0,0.0,0.0,btc,0.0,0.0,0.0,12
1,[],4,[],2019-02-24 15:08:37,1392098.5629279,0.00000558,0.000000000211745934,6774522,2019-02-24 15:08:37,btc,3.0797649866953996,0.0,0.00000558,btc,421655.54216066,0.52062582,0.7313845501242827,13
1,[],10,[],2019-02-24 15:08:39,462737.54644016,0.00000543,0.000000000206053839,6774523,2019-02-24 15:08:39,btc,666802.6000857403,30249.3921049,0.00000543,btc,744368.84714416,0.0,0.2314404491994664,13
1,[],21,[],2019-02-24 15:08:41,485521.6159582,0.000005609999999999999650845700777,0.000000000212884353,6774524,2019-02-24 15:08:41,btc,8.359336144408639,374462.94450929,0.0000056099999999999996508457007771131230811079149134457111358642578125,btc,1359942.00580754,2.12220221,2.5104534499996607,13
1,[],26,[],2019-02-24 15:08:44,0.0,0.00000050,0.00000000001897365,6774528,2019-02-24 15:08:44,btc,0.0,0.0,0.00000050,btc,0.0,0.0,0.0,14
1,[],4,[],2019-02-24 15:08:41,674369.67585509,0.00000134,0.000000000050849382,6774525,2019-02-24 15:08:41,btc,13.187924254790818,0.0,0.00000134,btc,884497.2345069,0.00763045,0.1376451100195882,14
1,[],12,[],2019-02-24 15:08:42,119216.91304348,0.00000110999999999999996035831596741250137938550324179232120513916015625,0.000000000042121503,6774526,2019-02-24 15:08:42,btc,5.292060145055694,0.0,0.00000110999999999999996035831596741250137938550324179232120513916015625,btc,32406.19773647,0.0,0.0242673700000004,14
0,[],17,[],2019-02-24 15:08:44,0.0,0,0,6774527,2019-02-24 15:08:44,btc,0.0,0.0,0,btc,0.0,0.0,0.0,14
0,[],4,[],2019-02-24 15:08:45,0.0,0,0,6774529,2019-02-24 15:08:45,,0.0,0.0,0,,0.0,0.0,0.0,15
,[],12,[],2018-12-01 15:15:48,204241.84496,0.00000489,0.000000000202473384,5260204,2018-12-01 15:15:48,btc,49.5475654835,0.0,,btc,35763.2193806,0.0163153972027625,0.0203389899998,15
1,[],4,[],2019-02-24 15:08:46,26282.07628318,0.00001801,0.000000000683430873,6774530,2019-02-24 15:08:46,btc,1.2361745200273069,0.0,0.00001801,btc,8312.39114307,0.01973041,0.0888115950095858,18
1,[],10,[],2019-02-24 15:08:49,782830.70820336,0.00001727,0.000000000655349871,6774531,2019-02-24 15:08:49,btc,15.508324310437375,7467.37390956,0.00001727,btc,16832.05180205,0.0,0.1321895380471552,18
1,[],12,[],2019-02-24 15:08:50,199472.11446783,0.000016460000000000001648021996647486275833216495811939239501953125,0.0000000006246125580000001,6774532,2019-02-24 15:08:50,btc,23.673280454462738,0.0,0.000016460000000000001648021996647486275833216495811939239501953125,btc,2148.16950297,0.002905024017604,0.0353676333004928,18
0,[],2,[],2019-01-20 23:23:38,0.0,0,0,6476906,2019-01-20 23:23:38,,0.0,0.0,0,,0.0,0.0,0.0,18
0,[],17,[],2019-02-24 12:58:13,0.0,0,0,6773979,2019-02-24 12:58:13,btc,0.0,0.0,0,btc,0.0,0.0,0.0,18
1,[],3,[],2019-02-24 15:08:53,120776.3141567528,0.00002203999999999999904500003200524815838434733450412750244140625,0.000000000836358492,6774533,2019-02-24 15:08:53,btc,0.5975024268914596,0.0,0.00002203999999999999904500003200524815838434733450412750244140625,btc,11484.78606069032,0.0,0.07966178993169826,19
1,[],4,[],2019-02-24 15:08:55,520107.3940162,0.00002071,0.000000000785888583,6774534,2019-02-24 15:08:55,btc,2.3172374615780975,0.0,0.00002071,btc,65495.30997384,0.6948857,2.285141018256878,19
1,[],5,[],2019-02-24 15:08:56,0.0,0,0,6774535,2019-02-24 15:08:56,btc,0.0,0.00034464,0,btc,0.0,0.0,0.0,19
1,[],12,[],2019-02-24 15:08:57,134080.52469311,0.0000195100000000000012453059416994705088654882274568080902099609375,0.0000000007403518230000001,6774536,2019-02-24 15:08:57,btc,1.357915181894886,0.0,0.0000195100000000000012453059416994705088654882274568080902099609375,btc,382.27457877,0.001686174115841,0.1046923199999741,19
0,[],27,[],2019-02-24 15:08:59,0.0,0,0,6774537,2019-02-24 15:08:59,,0.0,0.0,0,btc,0.0,0.0,0.0,19
0,[],2,[],2019-01-20 23:24:19,0.0,0,0,6476924,2019-01-20 23:24:19,,0.0,0.0,0,,0.0,0.0,0.0,19
1,[],4,[],2019-02-24 15:09:00,8070160.95424551,0.00000013,0.0000000000049331490000000005,6774538,2019-02-24 15:09:00,btc,7.376054659582633,0.0,0.00000013,btc,2843149.4360639,0.0,0.2584025451781454,20
1,[],4,[],2019-02-24 15:09:01,104158276.05037025,0.00000002,0.000000000000758946,6774539,2019-02-24 15:09:01,btc,1734.258076649787,0.0,0.00000002,btc,55867279.03217261,0.00018,1.170905964888045,21
1,[],12,[],2019-02-24 15:09:03,18647376.0,0.00000002,0.000000000000758946,6774540,2019-02-24 15:09:03,btc,670.3899289734848,0.0,0.00000002,btc,8544410.32857329,0.0,0.24518776,21
0,[],17,[],2019-02-24 13:58:24,0.0,0,0,6774182,2019-02-24 13:58:24,btc,0.0,0.0,0,btc,0.0,0.0,0.0,21
1,[],12,[],2019-02-24 15:09:04,3473069788.6808996,0.0000000002,0.00000000000000758946,6774541,2019-02-24 15:09:04,btc,875865842406.987,0.0,0.0000000002,btc,4727043089.057386,0.016476972291908993,0.4003955029829904,23
0.00000000036831429999999997,[],27,[],2019-02-24 15:09:06,2000.0,3.683143e-18,1.397653323639e-22,6774542,2019-02-24 15:09:06,eth,1.3429826565934113,0.0,0.00000001,eth,1964879.85514486,0.0,7.366285999999999e-15,23
1,[],4,[],2019-02-24 15:09:07,427241.17482471,0.00000062,0.000000000023527326,6774543,2019-02-24 15:09:07,btc,8.42139946935308,0.0,0.00000062,btc,1477994.62212555,0.00338609,0.1430893256212757,24
1,[],22,[],2019-02-24 15:09:10,11.76,0.00000100,0.0000000000379473,6774544,2019-02-24 15:09:10,BTC,7.415e-05,0.0,0.00000100,BTC,23.919354838709676,0.0,1.176e-05,24
0.0,[],25,[],2019-02-24 15:09:13,0.0,0,0,6774545,2019-02-24 15:09:13,,0.0,0.0,0.0,btc,0.0,0.0,0.0,24
1,[],4,[],2019-02-24 15:09:14,26860742.18742766,0.00000752,0.000000000285363696,6774546,2019-02-24 15:09:14,btc,142.4580680039764,0.0,0.00000752,btc,232637.1309072,0.24660977,0.45897361449169,26
1,[],10,[],2019-02-24 15:09:16,693065.54272747,0.00000694,0.000000000263354262,6774547,2019-02-24 15:09:16,btc,25.90892561804121,6570.09074317,0.00000694,btc,12101.09281381,0.0,0.2380468517668733,26
0,[],2,[],2019-01-20 23:25:56,0.0,0,0,6476976,2019-01-20 23:25:56,,0.0,0.0,0,,0.0,0.0,0.0,26
1,[],3,[],2019-02-23 18:17:02,10659120.92303129,0.00000002,0.0000000000008202040000000002,6768225,2019-02-23 18:17:02,btc,2.9010609406228287,225458.199062,0.00000002,btc,18682481.51451327,0.0,0.1428299014392689,27
1,[],5,[],2019-02-23 18:17:03,0.0,0,0,6768226,2019-02-23 18:17:03,btc,0.0,0.03869042,0,btc,0.0,0.0,0.0,27
1,[],11,[],2019-02-23 18:17:06,9657302.940399151,0.00000005,0.0000000000020505100000000003,6768227,2019-02-23 18:17:06,btc,67506.53137702076,146281.413934,0.00000005,btc,8171781.9763934,0.0,0.450973774642923,27
1,[],4,[],2019-02-24 15:09:16,1434636528.1483724,0.00000002,0.000000000000758946,6774548,2019-02-24 15:09:16,btc,5.836609490731113,0.0,0.00000002,"btc,ltc",481066710.6009163,0.2475881,10.35189597032376,29
1,[],7,[],2019-02-24 15:09:20,52064594.03941279,0.00000002,0.000000000000758946,6774549,2019-02-24 15:09:20,btc,44463896.841915324,35000.0,0.00000002,btc,60100427.2163269,0.0,0.7109497832925387,29
1,[],4,[],2019-02-24 15:09:20,1399045.41010349,0.00000029,0.000000000011004717,6774550,2019-02-24 15:09:20,btc,2.3325886957111055,0.0,0.00000029,btc,1565436.20762222,0.00922411,0.0899722263156395,30
0,[],17,[],2019-02-24 13:00:47,0.0,0,0,6773999,2019-02-24 13:00:47,btc,0.0,0.0,0,btc,0.0,0.0,0.0,30
1,[],4,[],2019-02-24 15:09:23,1117956.45697957,0.00005661,0.000000002148196653,6774551,2019-02-24 15:09:23,btc,5.41964053147533,0.0,0.00005661,btc,66689.39403315,1.06055376,1.1308488805967587,31
1,[],21,[],2019-02-24 15:09:23,74635.43244339,0.00005683000000000000307169220615,0.000000002156545059,6774552,2019-02-24 15:09:23,btc,2.7303970897897396,64584.00308995,0.0000568300000000000030716922061468920901461387984454631805419921875,btc,43436.8025109,3.68875063,4.084302900729747,31
0,[],2,[],2019-01-20 23:28:43,0.0,0,0,6477009,2019-01-20 23:28:43,,0.0,0.0,0,,0.0,0.0,0.0,32
1,[],4,[],2019-02-24 15:09:24,343991832.9435955,0.00000004,0.000000000001517892,6774553,2019-02-24 15:09:24,btc,8.711427766789404,0.0,0.00000004,"btc,ltc",151568194.491509,1.12140765,7.754554663769879,33
1,[],12,[],2019-02-24 15:09:25,16697170.379,0.00000005,0.000000000001897365,6774554,2019-02-24 15:09:25,btc,35620517.650501266,0.0,0.00000005,btc,89077225.98101868,0.0009604271228776,0.55099627895,33
1,[],4,[],2019-02-24 15:09:26,127269638.9377251,0.00000001,0.000000000000379473,6774555,2019-02-24 15:09:26,btc,4.1743830651446325,0.0,0.00000001,btc,98881295.90741292,0.00856173,1.272696389377251,34
1,[],5,[],2019-02-24 15:09:27,0.0,0,0,6774556,2019-02-24 15:09:27,btc,0.0,0.22285118,0,btc,0.0,0.0,0.0,34
0.000000000117005,[],4,[],2019-02-24 15:09:28,2080589711.7998257,2.3401000000000004e-18,8.880047673000001e-23,6774557,2019-02-24 15:09:28,ltc,2.4991881384626794e-08,0.0,0.00000002,ltc,3152505806.7328534,0.0,3.934154106326317e-09,36
1,[],5,[],2019-02-24 15:09:29,0.0,0,0,6774558,2019-02-24 15:09:29,btc,0.0,0.0,0,btc,0.0,0.0,0.0,36
0,[],17,[],2019-02-24 15:09:30,0.0,0,0,6774559,2019-02-24 15:09:30,btc,0.07464582840147602,0.0,0,btc,4105386.20243647,0.0,0.0,36
0.00000000036831429999999997,[],27,[],2019-02-24 15:09:33,1000000.0,3.683143e-18,1.397653323639e-22,6774560,2019-02-24 15:09:33,eth,114.12865132688529,0.0,0.00000001,"ltc,eth",4157587.7875004,0.0,1.1750761860000001e-12,36
1,[],4,[],2019-02-24 15:09:34,244813.88093655,0.00000063,0.000000000023906799000000002,6774561,2019-02-24 15:09:34,btc,19772.50142952274,0.0,0.00000063,btc,570865.35938307,0.00962411,0.1076997855553487,37
1,[],12,[],2019-02-24 15:09:35,306311.43863822,0.00000071,0.000000000026942583,6774562,2019-02-24 15:09:35,btc,1346.9627146126475,0.0,0.00000071,btc,864853.82718881,0.0641514032543914,0.0393436369301764,37
1,[],17,[],2019-02-24 15:09:46,1752.74075282,0.00000025,0.000000000009486825,6774563,2019-02-24 15:09:46,btc,0.055484923777095005,0.0,0.00000025,btc,1319.19918473,0.0,0.00043818518820499993,37
1,[],27,[],2019-02-24 15:09:48,14685.567,0.00000045,0.000000000017076285000000002,6774564,2019-02-24 15:09:48,btc,25.82714465411233,0.0,0.00000045,btc,6790.86438508,0.0,0.00480032515,37
1,[],5,[],2019-02-24 15:09:49,0.0,0,0,6774565,2019-02-24 15:09:49,btc,0.0,0.10723598,0,btc,0.0,0.0,0.0,42
1,[],12,[],2019-02-24 15:09:50,137163.80829225,0.00000096,0.000000000036429408,6774566,2019-02-24 15:09:50,btc,94.69928809467422,0.0,0.00000096,btc,109760.34041956,0.0052624789245162,0.042692057964958896,42
0.00000000036831429999999997,[],27,[],2019-02-24 15:09:53,2000.0,3.683143e-18,1.397653323639e-22,6774567,2019-02-24 15:09:53,eth,0.00315028,0.0,0.00000001,"btc,eth",11.007,0.0,7.366285999999999e-15,42
1,[],5,[],2019-02-24 15:09:55,0.0,0,0,6774568,2019-02-24 15:09:55,btc,0.0,0.00024442,0,btc,0.0,0.0,0.0,43
1,[],12,[],2019-02-24 15:09:56,2662896.0,0.00000001,0.000000000000379473,6774569,2019-02-24 15:09:56,btc,20003573.060615998,0.0,0.00000001,btc,37569798.27012986,0.00971886,0.02662896,43
0,[],17,[],2019-02-24 14:12:16,0.0,0,0,6774399,2019-02-24 14:12:16,btc,0.0,0.0,0,btc,0.0,0.0,0.0,43
1,[],12,[],2019-02-24 15:10:08,674224.0,0.00000005,0.000000000001897365,6774570,2019-02-24 15:10:08,btc,11115177.729221787,0.0,0.00000005,btc,1104545.40161834,0.00026343976024,0.01703026,44
1,[],4,[],2019-02-24 15:10:10,304592523.15740174,0.00000002,0.000000000000758946,6774571,2019-02-24 15:10:10,btc,474.5705350011236,0.0,0.00000002,"btc,ltc",12283786.99500239,0.00010277,0.21753555578404027,49
0,[],4,[],2019-02-24 15:10:12,0.0,0,0,6774572,2019-02-24 15:10:12,,25.475336656665583,0.0,0,,10622225061.488565,0.0,0.0,52
0.0000000001289831,[],22,[],2019-02-24 15:10:15,80845862.0,1.289831e-18,4.89456039063e-23,6774573,2019-02-24 15:10:15,XMR,4366.90665423,0.0,0.00000001,XMR,254618181.67882353,1.289831e-13,0.80845862,57
0.00000000036831429999999997,[],27,[],2019-02-24 15:10:18,2000.0,3.683143e-18,1.397653323639e-22,6774574,2019-02-24 15:10:18,eth,0.0,0.0,0.00000001,"btc,eth",0.0,0.0,7.366285999999999e-15,57
0,[],17,[],2019-02-24 13:01:52,0.0,0,0,6774025,2019-02-24 13:01:52,btc,1e+24,0.0,0,btc,49226522.0897055,0.0,0.0,58
0.000000000117005,[],4,[],2019-02-24 15:10:18,827363184.0102149,3.5101500000000005e-18,1.3320071509500002e-22,6774575,2019-02-24 15:10:18,ltc,18.811298879008852,0.0,0.00000003,ltc,4039348853.9192185,0.0,1.766779555773736e-09,58
1,[],12,[],2019-02-24 15:10:19,1632293811.843957,0.0000000004,0.00000000000001517892,6774576,2019-02-24 15:10:19,btc,224005479561.08115,0.0,0.0000000004,btc,3821707547.374745,0.054095135219258836,0.5282977846011392,58
0.0000000001289831,[],22,[],2019-02-24 15:10:24,137438.0,1.289831e-18,4.89456039063e-23,6774577,2019-02-24 15:10:24,XMR,69.8835922,0.0,0.00000001,XMR,9887963.0,0.0,0.00137438,58
1,[],5,[],2019-02-24 15:10:24,0.0,0,0,6774578,2019-02-24 15:10:24,btc,0.0,0.01215118,0,btc,0.0,0.0,0.0,61
1,[],22,[],2019-02-24 15:10:29,5149.5,0.00000011,0.000000000004174203,6774579,2019-02-24 15:10:29,BTC,1002.29597012,0.0,0.00000011,BTC,14947.700278135757,0.0,0.00051596,61
1,[],26,[],2019-02-24 15:10:29,0.0,0.00000800,0.0000000003035784,6774580,2019-02-24 15:10:29,btc,0.0,0.0,0.00000800,btc,0.0,0.0,0.0,61
1,[],27,[],2019-02-24 15:10:31,2493.55,0.00000045,0.000000000017076285000000002,6774581,2019-02-24 15:10:31,btc,7.847951250687499,0.0,0.00000045,"btc,eth",20831.38399471,0.0,0.00021559750360948014,61
0,[],28,[],2019-02-24 15:10:50,0.0,0,0,6774582,2019-02-24 15:10:50,,0.0,0.0,0,,0.0,0.0,0.0,61
1,[],4,[],2019-02-24 15:10:51,1542028.60795895,0.00000284,0.000000000107770332,6774583,2019-02-24 15:10:51,btc,11.364116557675725,0.0,0.00000284,btc,811059.45762666,0.19327744,1.6292224033344407,67
0.0,[],25,[],2019-02-24 15:10:52,0.0,0,0,6774584,2019-02-24 15:10:52,,0.0,0.0,0.0,btc,0.0,0.0,0.0,67
1,[],12,[],2019-02-24 15:10:53,2982997.47390196,0.0000002,0.00000000000758946,6774585,2019-02-24 15:10:53,btc,11115998.205856226,0.0,0.0000002,btc,2033873.76999594,0.0033922158541463,0.10162298644111149,71
,[],5,[],2018-11-20 23:02:39,1.5e-07,0.00000005,0.000000000002128045,4862160,2018-11-20 23:02:39,btc,2.84511358,0.0,,btc,0.00036572,0.0,0.07381892,74
1,[],5,[],2019-02-24 15:10:55,0.0,0,0,6774586,2019-02-24 15:10:55,btc,0.0,0.0,0,btc,0.0,0.0,0.0,75
1,[],4,[],2019-02-24 15:10:56,17233280.92031862,0.00000001,0.000000000000379473,6774587,2019-02-24 15:10:56,btc,11388.638595673243,0.0,0.00000001,btc,34444270.17624532,0.0,0.1723328092031862,81
0,[],20,[],2019-01-25 09:30:31,0.0,0,0,6495923,2019-01-25 09:30:31,btc,0.0,0.0,0,btc,0.0,0.0,0.0,81
1,[],4,[],2019-02-24 15:10:57,28512.74938722,0.00007562,0.000000002869574826,6774588,2019-02-24 15:10:57,btc,17.758145766102498,0.0,0.00007562,btc,12570.38445461,0.01892958,0.1309945019591712,82
1,[],21,[],2019-02-24 15:10:58,69361.11837954,0.00007846999999999999917017767803,0.0000000029777246310000002,6774589,2019-02-24 15:10:58,btc,2.325214048223689,2621.15253112,0.00007846999999999999917017767803173455831711180508136749267578125,btc,24188.85324458,0.20401765,2.412523051053358,82
0,[],17,[],2019-02-24 14:13:08,0.0,0,0,6774416,2019-02-24 14:13:08,btc,0.0447233088476774,0.0,0,btc,999127.19588126,0.0,0.0,84
0.000000000117005,[],4,[],2019-02-24 15:11:00,154029489.0437301,4.680200000000001e-18,1.7760095346000001e-22,6774590,2019-02-24 15:11:00,ltc,1.7828320814274676,0.0,0.00000004,ltc,404298980.0157029,0.00021,4.0161131183910314e-10,85
,[],22,[],2018-11-20 23:09:34,3408.1,0.0000001,0.0000000000041895,4862324,2018-11-20 23:09:34,BTC,0.04624735,0.0,,BTC,4990.0,0.0,0.00033081,86
0,[],22,[],2019-02-22 12:52:35,0.0,0,0,6758847,2019-02-22 12:52:35,,2.0760781,0.0,0,,140622.94736842104,0.0,0.0,87
0,[],27,[],2019-02-22 12:52:37,0.0,0,0,6758848,2019-02-22 12:52:37,,0.0,0.0,0,btc,0.0,0.0,0.0,87
,[],2,[],2018-11-20 23:10:47,0.0,0,0,4862359,2018-11-20 23:10:47,,0.0,0.0,,,0.0,0.0,0.0,88
1,[],11,[],2019-02-24 15:11:02,94232.43860858,0.00014892999999999999879811418690422897270764224231243133544921875,0.000000005651491389,6774591,2019-02-24 15:11:02,btc,608.4780184118251,2203.1,0.00014892999999999999879811418690422897270764224231243133544921875,btc,92912.18628198,0.0,6.477075681278456,89
0,[],2,[],2019-01-20 23:31:45,0.0,0,0,6477083,2019-01-20 23:31:45,,0.0,0.0,0,,0.0,0.0,0.0,91
1,[],12,[],2019-02-24 15:11:03,428782.90738958,0.000001399999999999999936647356556240762159859514213167130947113037109375,0.00000000005312622,6774592,2019-02-24 15:11:03,btc,4.318298740047206,0.0,0.000001399999999999999936647356556240762159859514213167130947113037109375,btc,57515.4154274,0.0003536087448221,0.0404545118938262,91
0,[],22,[],2019-02-24 15:11:17,0.0,0,0,6774593,2019-02-24 15:11:17,,3.1e-06,0.0,0,,2.0,0.0,0.0,91
0,[],17,[],2019-02-24 14:02:34,0.0,0,0,6774234,2019-02-24 14:02:34,btc,0.0,0.0,0,btc,0.0,0.0,0.0,91
0.000000000117005,[],22,[],2019-02-24 15:11:20,2791021.0,4.680200000000001e-18,1.7760095346000001e-22,6774594,2019-02-24 15:11:20,LTC,8.53161599,0.0,0.00000004,LTC,71994962.1,0.0,0.09164084,95
0.000000000117005,[],4,[],2019-02-24 15:11:21,659093750.717367,7.137305000000001e-17,2.708414540265e-21,6774595,2019-02-24 15:11:21,ltc,11.909281632938091,0.0,0.00000061,ltc,136456290.79162803,0.0,2.7781022141490146e-09,96
1,[],12,[],2019-02-24 15:11:22,149.0,0.00000001,0.000000000000379473,6774596,2019-02-24 15:11:22,btc,255075.8947895179,0.0,0.00000001,btc,8638922.94636337,2.537982018e-06,1.4900000000000001e-06,96
0,[],17,[],2019-02-24 14:02:44,0.0,0,0,6774239,2019-02-24 14:02:44,btc,0.0,0.0,0,btc,0.0,0.0,0.0,96
1,[],4,[],2019-02-24 15:11:28,1410223.99714134,0.00000029,0.000000000011004717,6774597,2019-02-24 15:11:28,btc,3.219076383141951,0.0,0.00000029,btc,2566467.08238365,0.02332836,0.1081183039070028,99
1,[],4,[],2019-02-24 15:11:29,1213436.30464455,0.00004402,0.000000001670440146,6774598,2019-02-24 15:11:29,btc,14.545111490885434,0.0,0.00004402,btc,204125.80586836,3.47346632,2.6849854801578914,100
0,[],2,[],2019-01-20 23:23:55,0.0,0,0,6476914,2019-01-20 23:23:55,,0.0,0.0,0,,0.0,0.0,0.0,100
1,[],22,[],2019-02-24 15:11:33,50000.0,0.00000001,0.000000000000379473,6774599,2019-02-24 15:11:33,BTC,23.49896609,0.0,0.00000001,BTC,10277.22,0.0,0.0005,101
1,[],4,[],2019-02-24 15:11:34,479246.00461989,0.00000087,0.000000000033014151,6774600,2019-02-24 15:11:34,btc,256.2998644063449,0.0,0.00000087,btc,485658.19432036,0.0142729,0.2493102638689627,103
1,[],12,[],2019-02-24 15:11:37,60603029.76471429,0.000000011,0.00000000000041742029999999997,6774601,2019-02-24 15:11:37,btc,137279277.08276838,0.0,0.000000011,btc,124298251.07342117,0.04045909043896527,0.20412285241185718,105
1,[],27,[],2019-02-24 15:11:38,125810.89,0.00000001,0.000000000000379473,6774602,2019-02-24 15:11:38,btc,26.557578245556094,0.0,0.00000001,btc,574707.68391977,0.0,0.0012581089,105
1,[],22,[],2019-02-24 15:11:42,9328.0,0.00000001,0.000000000000379473,6774603,2019-02-24 15:11:42,BTC,51.10837004,0.0,0.00000001,BTC,470435.0,0.0,9.328e-05,107
1,[],26,[],2019-02-24 15:11:42,0.0,0.00000000,0,6774604,2019-02-24 15:11:42,btc,0.0,0.0,0.00000000,btc,0.0,0.0,0.0,107
1,[],5,[],2019-02-24 15:11:43,0.0,0,0,6774605,2019-02-24 15:11:43,btc,0.0,0.00069229,0,btc,0.0,0.0,0.0,112
1,[],22,[],2019-02-24 15:11:46,1966.0,0.00000001,0.000000000000379473,6774606,2019-02-24 15:11:46,BTC,2.81183288,0.0,0.00000001,BTC,808524.0833333334,0.0,1.966e-05,112
0.00000000036831429999999997,[],27,[],2019-02-24 15:11:48,2000.0,3.683143e-18,1.397653323639e-22,6774607,2019-02-24 15:11:48,eth,1.35132491849924,0.0,0.00000001,"btc,eth",1328.641654,0.0,7.366285999999999e-15,112
1,[],4,[],2019-02-24 15:11:49,376147.02697668,0.00000301,0.000000000114221373,6774608,2019-02-24 15:11:49,btc,5.8025706023855985,0.0,0.00000301,btc,357559.93023835,0.09376289,0.1746271938915088,113
1,[],5,[],2019-02-24 15:11:50,0.0,0,0,6774609,2019-02-24 15:11:50,btc,0.0,0.00468312,0,btc,0.0,0.0,0.0,113
1,[],17,[],2019-02-24 15:11:52,152738.278,0.00000004,0.000000000001517892,6774610,2019-02-24 15:11:52,btc,1.33680302678,0.0,0.00000004,btc,50696.221,0.0,0.0022095311199999998,116
0,[],27,[],2019-02-24 15:11:54,0.0,0,0,6774611,2019-02-24 15:11:54,,0.0,0.0,0,btc,0.0,0.0,0.0,116
1,[],4,[],2019-02-24 15:11:55,77232.650978,0.00002394,0.000000000908458362,6774612,2019-02-24 15:11:55,btc,31.23049934055126,0.0,0.00002394,btc,92523.50978704,0.25533409,0.8998361392092785,120
1,[],7,[],2019-02-24 15:11:57,211729.57128402,0.0000169200000000000006319424150635910564233199693262577056884765625,0.000000000642068316,6774613,2019-02-24 15:11:57,btc,115647.03718514547,7509.15081844,0.0000169200000000000006319424150635910564233199693262577056884765625,btc,31090.1380641,0.22319677,0.0697087616849991,120
1,[],20,[],2019-02-24 15:12:00,1178829.0618,0.000000013,0.0000000000004933149,6774614,2019-02-24 15:12:00,btc,31.9232981096527,248.5,0.000000013,btc,1119871.1271,3.229e-06,0.0034002029724,125
1,[],22,[],2019-02-24 15:12:05,3053.0,0.00000001,0.000000000000379473,6774615,2019-02-24 15:12:05,BTC,0.01444887,0.0,0.00000001,BTC,296263.5111111111,0.0,3.053e-05,126
1,[],4,[],2019-02-24 15:12:06,138839.7158438,0.00001403,0.000000000532400619,6774616,2019-02-24 15:12:06,btc,23.218056904332506,0.0,0.00001403,btc,133217.10648634,0.24686371,0.6129779086491212,131
0,[],17,[],2019-02-24 14:14:07,0.0,0,0,6774435,2019-02-24 14:14:07,btc,0.0009561751951600001,0.0,0,btc,35.42829368,0.0,0.0,131
0,[],2,[],2019-01-20 23:25:46,0.0,0,0,6476969,2019-01-20 23:25:46,,0.0,0.0,0,,0.0,0.0,0.0,131
1,[],4,[],2019-02-24 15:12:17,4551.45219198,0.00016007,0.000000006074224311,6774617,2019-02-24 15:12:17,btc,1.6466092634385519,0.0,0.00016007,btc,339.9522346,0.00336996,0.0079459329361813,135
1,[],3,[],2019-02-24 15:12:18,1498224.24571841,0.00000005,0.000000000001897365,6774618,2019-02-24 15:12:18,btc,0.1455662086247726,32346.6666667,0.00000005,btc,628525.53813868,0.0,0.0550354279470342,136
1,[],4,[],2019-02-24 15:12:19,270534.49895066,0.00000170,0.00000000006451041,6774619,2019-02-24 15:12:19,btc,38.88276498052564,0.0,0.00000170,btc,636676.79673447,0.10979045,0.0817852821590106,137
1,[],12,[],2019-02-24 15:12:20,334814.62373097,0.000001740000000000000069492480346544649449924690998159348964691162109375,0.000000000066028302,6774620,2019-02-24 15:12:20,btc,11807.597622338502,0.0,0.000001740000000000000069492480346544649449924690998159348964691162109375,btc,123259.38516089,0.0020142717472272,0.0926574400000068,137
1,[],4,[],2019-02-24 15:12:21,226649.40890864,0.00004290,0.00000000162793917,6774621,2019-02-24 15:12:21,btc,29.544216861857144,0.0,0.00004290,btc,51513.24407038,0.3262015,1.126148249586107,142
1,[],5,[],2019-02-24 15:12:22,0.0,0,0,6774622,2019-02-24 15:12:22,btc,0.0,0.47187918,0,btc,0.0,0.0,0.0,142
1,[],17,[],2019-02-24 15:12:24,22967.386363640002,0.00000088,0.000000000033393624000000005,6774623,2019-02-24 15:12:24,btc,20.06991335299907,0.0,0.00000088,btc,2746.079105,0.0,0.0104613000000032,142
1,[],20,[],2019-02-24 15:12:25,133310.9826,0.000045043,0.0000000017092602339,6774624,2019-02-24 15:12:25,btc,0.4934565146914,0.0,0.000045043,btc,3751.6313,0.0,0.2356579130972,142
1,[],22,[],2019-02-24 15:12:29,1685.8988921568628,0.00004000,0.000000001517892,6774625,2019-02-24 15:12:29,BTC,3.00385504,0.0,0.00004000,BTC,891.218,0.00023522,0.00174536,142
0.0,[],25,[],2019-02-24 15:12:30,0.0,0,0,6774626,2019-02-24 15:12:30,,0.0,0.0,0.0,btc,0.0,0.0,0.0,142
0,[],28,[],2019-02-24 14:14:42,0.0,0,0,6774444,2019-02-24 14:14:42,,0.0,0.0,0,,0.0,0.0,0.0,142
0,[],22,[],2019-02-23 08:10:09,0.0,0,0,6765290,2019-02-23 08:10:09,,61.28465123,0.0,0,,749385405.3,0.0,0.0,143
1,[],21,[],2019-02-24 14:14:43,57003367.47346335,0.00000025,0.000000000010115650000000001,6774445,2019-02-24 14:14:43,btc,41.93686636994522,10694902.62726918,0.00000025,btc,85412568.0230202,2.71980607,4.637083211407738,145
0,[],22,[],2019-02-24 14:14:46,0.0,0,0,6774446,2019-02-24 14:14:46,,4.24912384,0.0,0,,1812056.0,0.0,0.0,146
,[],22,[],2018-11-20 23:01:11,0.0,0,0,4862114,2018-11-20 23:01:11,,2.56807021,0.0,,,61828.4988236,0.0,0.0,147
1,[],12,[],2019-02-24 14:04:03,113029.39804904,0.00000251000000000000010876390933722834830632564262486994266510009765625,0.00000000010321145100000002,6774274,2019-02-24 14:04:03,btc,16.28550273480436,0.0,0.00000251000000000000010876390933722834830632564262486994266510009765625,btc,116986.71583628,0.001977075275776,0.027378829999994102,148
1,[],4,[],2019-02-24 14:04:04,239785.57134223,0.00000034,0.000000000013980834000000001,6774275,2019-02-24 14:04:04,btc,219.93681160199571,0.0,0.00000034,btc,786278.69984402,0.00236975,0.0565669257964425,152
0,[],22,[],2019-02-24 14:04:06,0.0,0,0,6774276,2019-02-24 14:04:06,,0.0,0.0,0,,0.0,0.0,0.0,152
1,[],5,[],2019-02-24 14:04:07,0.0,0,0,6774277,2019-02-24 14:04:07,btc,0.0,0.0,0,btc,0.0,0.0,0.0,153
,[],16,[],2019-01-11 15:38:59,0.0,0,0,6366141,2019-01-11 15:38:59,btc,0.0,0.0,,btc,0.0,0.0,0.0,155
0,[],23,[],2019-01-20 23:24:29,0.0,0,0,6476932,2019-01-20 23:24:29,,0.0,0.0,0,,0.0,0.0,0.0,156
0,[],22,[],2019-02-24 14:14:50,0.0,0,0,6774447,2019-02-24 14:14:50,,6.74608761,0.0,0,,4644402.242592593,0.0,0.0,156
1,[],22,[],2019-02-24 14:14:54,7073.8,0.00005300,0.0000000021445178,6774448,2019-02-24 14:14:54,BTC,1.80343699,0.0,0.00005300,BTC,899.6422341958436,0.0,0.00104336,157
0,[],22,[],2019-02-24 14:14:57,0.0,0,0,6774449,2019-02-24 14:14:57,,50175.68008609,0.0,0,,54479136.04179466,0.0,0.0,158
,[],17,[],2018-11-20 22:56:10,0.0,0,0,4861976,2018-11-20 22:56:10,btc,1.1265625,0.0,,btc,1000.0,0.0,0.0,159
,[],20,[],2018-11-20 22:56:12,0.0,0,0,4861977,2018-11-20 22:56:12,btc,11912.7940471,0.0,,btc,34413894.3617,0.0,0.0,159
1,[],12,[],2019-02-24 14:14:58,182658.80897401,0.0000071400000000000002486487578334806158864012104459106922149658203125,0.00000000028890296400000004,6774450,2019-02-24 14:14:58,btc,6.643041285066939,0.0,0.0000071400000000000002486487578334806158864012104459106922149658203125,btc,13692.5780877,0.0032013319716148,0.09625892159965829,168
1,[],17,[],2019-02-24 14:15:00,29784.95,0.000001,0.000000000040462600000000003,6774451,2019-02-24 14:15:00,btc,0.03026736251542,0.0,0.000001,btc,144.46171372,0.0,0.00716147,168
0,[],22,[],2019-02-24 14:04:28,0.0,0,0,6774283,2019-02-24 14:04:28,,1.14714792,0.0,0,,798972.8900917594,0.0,0.0,169
1,[],22,[],2019-02-24 14:15:06,164995.5,0.00000018,0.000000000007283268,6774452,2019-02-24 14:15:06,BTC,13.2555588,0.0,0.00000018,BTC,150057.9068373276,0.00027945,0.01979919,171
1,[],22,[],2019-02-24 14:15:10,74690.2,0.00000011,0.000000000004450886,6774453,2019-02-24 14:15:10,BTC,2.19461286,0.0,0.00000011,BTC,238116.7614071281,0.00440928,0.00449919,173
1,[],5,[],2019-02-24 14:15:11,0.0,0,0,6774454,2019-02-24 14:15:11,btc,0.0,0.14592888,0,btc,0.0,0.0,0.0,175
1,[],22,[],2019-02-24 14:15:14,45761.166666666664,0.0000003,0.000000000012138780000000001,6774455,2019-02-24 14:15:14,BTC,0.52955903,0.0,0.0000003,BTC,143368.41384013777,6.85e-06,0.00519475,176
1,[],7,[],2019-02-24 14:15:16,0.0,0,0,6774456,2019-02-24 14:15:16,btc,410932.5282358376,0.0,0,btc,117891559.31901672,0.0,0.0,178
0,[],22,[],2019-02-24 14:15:19,0.0,0,0,6774457,2019-02-24 14:15:19,,1.00242428,0.0,0,,57512.0,0.0,0.0,178
0,[],2,[],2019-01-20 23:28:34,0.0,0,0,6477001,2019-01-20 23:28:34,,0.0,0.0,0,,0.0,0.0,0.0,178
0,[],23,[],2019-01-20 23:25:08,0.0,0,0,6476952,2019-01-20 23:25:08,,0.0,0.0,0,,0.0,0.0,0.0,179
1,[],5,[],2019-02-24 14:15:20,0.0,0,0,6774458,2019-02-24 14:15:20,btc,0.0,0.06170878,0,btc,0.0,0.0,0.0,179
1,[],22,[],2019-02-24 14:15:25,6961684.0,0.00000002,0.0000000000008092520000000001,6774459,2019-02-24 14:15:25,BTC,5.73196334,0.0,0.00000002,"BTC,LTC",18407477.468656633,0.0,0.3741744,179
1,[],17,[],2019-02-24 14:15:36,10504.725,0.0000001,0.00000000000404626,6774460,2019-02-24 14:15:36,btc,5.2010695838170005,0.0,0.0000001,btc,4994.45945,0.0,0.0010504725,180
0.000000000124436,[],22,[],2019-02-24 14:15:40,128605.4,1.24436e-17,5.035004093600001e-22,6774461,2019-02-24 14:15:40,LTC,0.20149702,0.0,0.0000001,LTC,61046.395435424805,0.0,0.00130544,180
1,[],26,[],2019-02-24 14:15:41,0.0,0.00000100,0.000000000040462600000000003,6774462,2019-02-24 14:15:41,btc,0.0,532.38040002,0.00000100,btc,0.0,0.0,0.0,180
,[],7,[],2018-11-20 22:58:01,562227.975654,0.00000085,0.000000000036176765,4862015,2018-11-20 22:58:01,btc,21836.6059674,2491.87645172,,btc,749999.041456,0.00211021,0.127565380455,183
,[],5,[],2019-01-10 08:11:41,0.0,0,0,6347036,2019-01-10 08:11:41,btc,82.15055501,0.00261,,btc,1.19002445,0.0,0.0,187
,[],17,[],2018-11-16 20:58:10,4062536.27273,0.00000001,0.000000000000550501,4708775,2018-11-16 20:58:10,btc,3.36492563466,0.195460381006,,"btc,eth",110697919.549,0.0,0.0157628953496,187
1,[],24,[],2019-02-24 14:15:41,0.0,0.000000000001,4.04626e-17,6774463,2019-02-24 14:15:41,btc,0.0,0.0,0.000000000001,btc,0.0,0.0,0.0,187
0,[],22,[],2019-02-24 00:25:17,0.0,0,0,6769902,2019-02-24 00:25:17,,1.19374396,0.0,0,,16308.869534405507,0.0,0.0,191
0,[],22,[],2019-02-24 14:05:16,0.0,0,0,6774295,2019-02-24 14:05:16,,0.0,0.0,0,,0.0,0.0,0.0,197
0,[],23,[],2019-01-20 23:31:41,0.0,0,0,6477079,2019-01-20 23:31:41,,0.0,0.0,0,,0.0,0.0,0.0,199
0,[],22,[],2019-02-24 14:15:45,0.0,0,0,6774464,2019-02-24 14:15:45,,5.19477622,0.0,0,,21058553.0,0.0,0.0,199
1,[],26,[],2019-02-24 14:15:45,0.0,0.00000000,0,6774465,2019-02-24 14:15:45,btc,0.0,0.0,0.00000000,btc,0.0,0.0,0.0,199
0,[],17,[],2019-01-30 16:32:01,0.0,0,0,6540827,2019-01-30 16:32:01,btc,6.802544163788159,0.0,0,btc,105897.55575295,0.0,0.0,200
0,[],2,[],2019-01-20 23:30:49,0.0,0,0,6477059,2019-01-20 23:30:49,,0.0,0.0,0,,0.0,0.0,0.0,201
1,[],4,[],2019-01-25 15:51:35,2084389.58565343,0.00000936,0.000000000333526752,6499557,2019-01-25 15:51:35,btc,2.0092503037378524,0.0,0.00000936,btc,160195.80207885,0.19272417,1.242687955921835,211
1,[],7,[],2019-02-24 14:15:47,4256817.03791268,0.0000013200000000000000673224496983149123252587742172181606292724609375,0.00000000005341063200000001,6774466,2019-02-24 14:15:47,btc,15476315.590858052,685642.337101,0.0000013200000000000000673224496983149123252587742172181606292724609375,btc,12374654.5993598,0.0,3.2207720146249046,212
1,[],12,[],2019-01-25 02:44:32,207462.42853209,0.000001080000000000000035831255497387193287295303889550268650054931640625,0.000000000038610756000000006,6493050,2019-01-25 02:44:32,btc,85023.03793723314,0.0,0.000001080000000000000035831255497387193287295303889550268650054931640625,btc,43675.73520027,0.000146250909087,0.0348620860622024,213
1,[],5,[],2019-02-24 14:15:48,0.0,0,0,6774467,2019-02-24 14:15:48,btc,0.0,0.33141376,0,btc,0.0,0.0,0.0,213
1,[],24,[],2019-02-24 14:15:49,0.0,0.000000100000,0.00000000000404626,6774468,2019-02-24 14:15:49,btc,0.0,0.0,0.000000100000,btc,0.0,0.0,0.0,213
1,[],26,[],2019-02-24 14:15:49,0.0,0.00000009,0.000000000003641634,6774469,2019-02-24 14:15:49,btc,0.0,0.0,0.00000009,btc,0.0,0.0,0.0,213
1,[],22,[],2019-02-24 14:15:52,104971.0,0.00000001,0.00000000000040462600000000003,6774470,2019-02-24 14:15:52,BTC,2.20557071,0.0,0.00000001,BTC,249234.19637261707,0.0,0.00104971,216
1,[],27,[],2019-02-24 14:15:54,18125901.005988,0.00000007,0.000000000002832382,6774471,2019-02-24 14:15:54,btc,355.93205624754,1494.994012,0.00000007,"btc,ltc",212460.845,0.0001495,0.03395747044023902,216
1,[],22,[],2019-02-24 14:15:58,250214.46836262452,0.00000215,0.00000000008699459,6774472,2019-02-24 14:15:58,BTC,12673.59227106,0.0,0.00000215,BTC,372110.19063635875,0.00022836,0.35347713,217
1,[],7,[],2019-02-24 14:16:00,0.0,0,0,6774473,2019-02-24 14:16:00,btc,77969.61377456698,0.0,0,btc,137043486.5550253,0.0,0.0,219
0,[],27,[],2019-02-24 14:16:02,0.0,0,0,6774474,2019-02-24 14:16:02,,0.0740438339680921,0.0,0,btc,1536429.20709513,0.0,0.0,219
0,[],28,[],2019-02-24 14:16:21,0.0,0,0,6774475,2019-02-24 14:16:21,,0.0,0.0,0,,0.0,0.0,0.0,219
1,[],22,[],2019-02-24 14:16:25,262886.6,0.00000037,0.000000000014971162,6774476,2019-02-24 14:16:25,BTC,3.00166181,0.0,0.00000037,BTC,106589.27041875875,0.0,0.03435893,221
1,[],24,[],2019-02-24 14:16:25,0.0,0.000000200000,0.00000000000809252,6774477,2019-02-24 14:16:25,btc,0.0,0.0,0.000000200000,btc,0.0,0.0,0.0,221
1,[],20,[],2019-02-24 14:16:27,46066978.136,0.000000002,0.00000000000008092520000000001,6774478,2019-02-24 14:16:27,btc,47.9810317293203,2318411.5541,0.000000002,btc,10051267.7518,0.0056726537441,0.0489967062553,224
0,[],22,[],2019-02-24 14:16:29,0.0,0,0,6774479,2019-02-24 14:16:29,,0.0,0.0,0,,0.0,0.0,0.0,224
1,[],26,[],2019-02-24 14:16:30,0.0,0.00000035,0.000000000014161910000000002,6774480,2019-02-24 14:16:30,btc,0.0,0.0,0.00000035,btc,0.0,0.0,0.0,231
1,[],26,[],2019-02-24 14:16:31,0.0,0.00000006,0.0000000000024277560000000003,6774481,2019-02-24 14:16:31,btc,0.0,0.0,0.00000006,btc,0.0,0.0,0.0,234
0.00000000038207400000000004,[],27,[],2019-02-24 14:16:33,2000.0,3.8207400000000005e-18,1.5459707432400002e-22,6774482,2019-02-24 14:16:33,eth,0.0113483662182,0.0,0.00000001,"btc,eth",11462.99618,0.0,7.641480000000001e-15,234
1,[],4,[],2019-02-24 14:16:34,1093464.15905435,0.00000080,0.00000000003237008,6774483,2019-02-24 14:16:34,btc,4.458136168359703,0.0,0.00000080,btc,1063073.43540527,0.02627899,0.4299787593116136,236
1,[],24,[],2019-02-24 14:16:34,0.0,0.000000300000,0.000000000012138780000000001,6774484,2019-02-24 14:16:34,btc,0.0,0.0,0.000000300000,btc,0.0,0.0,0.0,236
1,[],20,[],2019-02-24 14:16:36,67749383.5552,0.000000058,0.0000000000023468308,6774485,2019-02-24 14:16:36,btc,10.0817315736419,27535897.4817,0.000000058,btc,45170875.2626,1.6481163109221,0.252032283578,237
0.000000000124436,[],22,[],2019-02-24 14:16:46,14400.0,1.24436e-17,5.035004093600001e-22,6774486,2019-02-24 14:16:46,LTC,0.0405823,0.0,0.0000001,LTC,3164.0,0.0,0.00144,237
1,[],4,[],2019-02-24 14:16:47,6870721.7356142,0.00000033,0.000000000013352658,6774487,2019-02-24 14:16:47,btc,6.024750332238796,0.0,0.00000033,btc,9390320.17880419,0.36637884,1.4573818974989325,238
1,[],5,[],2019-02-24 14:16:48,0.0,0,0,6774488,2019-02-24 14:16:48,btc,0.0,0.00793017,0,btc,0.0,0.0,0.0,238
0,[],22,[],2019-02-24 14:16:58,0.0,0,0,6774489,2019-02-24 14:16:58,,0.41356282,0.0,0,,316008.5639027493,0.0,0.0,249
0.000000000124436,[],22,[],2019-02-24 14:17:02,7121097.666666667,3.73308e-18,1.5105012280800002e-22,6774490,2019-02-24 14:17:02,LTC,0.52696618,0.0,0.00000003,LTC,14400138.09,4.9696254192e-13,0.21263595,252
0,[],28,[],2019-02-24 14:17:20,0.0,0,0,6774491,2019-02-24 14:17:20,,0.0,0.0,0,,0.0,0.0,0.0,256
1,[],22,[],2019-02-24 14:17:30,2423447.6666666665,0.00000003,0.0000000000012138780000000001,6774492,2019-02-24 14:17:30,BTC,31.42327216,0.0,0.00000003,BTC,516927.80769145646,0.0003,0.05155815,258
1,[],22,[],2019-02-23 13:24:56,48751.0,0.00000001,0.000000000000395946,6766668,2019-02-23 13:24:56,BTC,2.4175745,0.0,0.00000001,BTC,1762.0,0.0,0.00048751,259
1,[],5,[],2019-02-24 14:17:31,0.0,0,0,6774493,2019-02-24 14:17:31,btc,0.0,0.15739944,0,btc,0.0,0.0,0.0,264
1,[],20,[],2019-02-24 14:17:33,1220986.2048,0.000001622,0.00000000006563033720000001,6774494,2019-02-24 14:17:33,btc,7.3526017235708,80803.1338,0.000001622,btc,96184.4096,0.2417884879314,0.0208435094178,264
1,[],22,[],2019-02-24 14:17:36,18164.0,0.00000001,0.00000000000040462600000000003,6774495,2019-02-24 14:17:36,BTC,8.44955368,0.0,0.00000001,BTC,428471.6907878143,7.5e-05,0.00018164,271
0,[],22,[],2019-02-24 14:17:39,0.0,0,0,6774496,2019-02-24 14:17:39,,259.46651233,0.0,0,,14409338437.9,0.0,0.0,272
0,[],28,[],2019-02-24 14:17:56,0.0,0,0,6774497,2019-02-24 14:17:56,,0.0,0.0,0,,0.0,0.0,0.0,272
1,[],22,[],2019-02-24 14:09:12,116062.74,0.00000258,0.00000000010608985800000001,6774330,2019-02-24 14:09:12,BTC,74.41094618,0.0,0.00000258,"BTC,LTC",11370.487639773188,0.0,0.04796404,281
1,[],22,[],2019-02-24 14:18:00,96393.0,0.00000001,0.00000000000040462600000000003,6774498,2019-02-24 14:18:00,BTC,1.33241639,0.0,0.00000001,BTC,166490.49887885063,0.0,0.00096393,286
0,[],22,[],2019-02-22 20:00:43,0.0,0,0,6761229,2019-02-22 20:00:43,,43634.52003953,0.0,0,,419068796.0,0.0,0.0,294
