pairValue,buyBook,exchangeId,sellBook,updated,buyTotal,satoshiPrice,usdPrice,exchangeLogId,created,bestPair,sellTotalBtc,volume,pairPrice,activePairs,sellTotal,volumeBtc,buyTotalBtc,coinId
1,[],3,[],2019-01-28 23:45:26,114.395565281408,0.0126968099999999993465760184108148678205907344818115234375,0.000000436315718202,6523820,2019-01-28 23:45:26,btc,106.96849231061927,0.100070831615,0.0126968099999999993465760184108148678205907344818115234375,btc,14.035169148873,0.0,0.3036617118477777,1
1,[],4,[],2019-01-28 23:45:27,25053.36414305,0.01275530,0.00000043832568026,6523821,2019-01-28 23:45:27,btc,1.0008015316798338,0.0,0.01275530,btc,71.94966586,0.87385927,0.9390108662953252,1
1,[],5,[],2019-01-28 23:45:31,0.22414059,0.01252177,0.000000430300608634,6523822,2019-01-28 23:45:31,btc,14578.43627144,0.05722062,0.01252177,btc,35555556.29113319,0.0,1.42437649,1
1,[],10,[],2019-01-28 23:45:33,271725.18023824,0.01190009,0.00000040893707277800005,6523823,2019-01-28 23:45:33,btc,6535.981234761973,2026.49560302,0.01190009,btc,881.53896025,0.0,3.6077266134347674,1
1,[],12,[],2019-01-28 23:45:36,10413.86998925,0.0115700000000000004229949723821846419014036655426025390625,0.00000039759379400000005,6523824,2019-01-28 23:45:36,btc,0.5357542575139,0.0,0.0115700000000000004229949723821846419014036655426025390625,btc,36.4223362,0.0401836615389,0.0750610420929,1
1,[],20,[],2019-01-28 23:45:38,1352.3227,0.0105001,0.00000036082753642,6523825,2019-01-28 23:45:38,btc,0.0564711704203,0.0,0.0105001,btc,2.4781,0.0,0.106542722999,1
1,[],21,[],2019-01-28 23:45:39,2532.12268629,0.01253546000000000000540456568,0.000000430771054532,6523826,2019-01-28 23:45:39,btc,21.83205302736756,4650.71078603,0.01253546000000000000540456568387526203878223896026611328125,"btc,eth",2264.90238616,48.561666343734615,25.48562878961679,1
1,[],22,[],2019-01-28 23:45:44,0.03636045714285714,0.01400000,0.0000004810988,6523827,2019-01-28 23:45:44,BTC,0.31386968,0.0,0.01400000,BTC,0.09332266666666666,7.5e-07,0.00048448,1
1,[],24,[],2019-01-28 23:45:44,0.0,0.000000000000,0,6523828,2019-01-28 23:45:44,btc,0.0,0.0,0.000000000000,btc,0.0,0.0,0.0,1
0.0,[],25,[],2019-01-28 23:45:45,0.0,0,0,6523829,2019-01-28 23:45:45,btc,20.756199997681005,489.9920065,0.0,btc,1589.33090294,6.2073,0.0,1
1,[],26,[],2019-01-28 23:45:56,0.0,0,0,6523830,2019-01-28 23:45:56,,0.0,0.0,0,,0.0,0.0,0.0,1
0,[],2,[],2019-01-20 23:28:45,0.0,0,0,6477011,2019-01-20 23:28:45,,0.0,0.0,0,,0.0,0.0,0.0,1
1,[],28,[],2019-01-28 22:45:40,987.9,0.01131000,0.000000388168248,6523626,2019-01-28 22:45:40,btc,0.162839806,13290.4,0.01131000,btc,8.9,0.0,0.024551096,1
1,[],5,[],2019-01-28 22:45:41,1.763e-05,0.00000070,0.00000000002402456,6523627,2019-01-28 22:45:41,btc,0.13646042,0.01515155,0.00000070,btc,7.548e-05,0.0,0.44908392,2
1,[],22,[],2019-01-28 22:45:48,1754.625335862178,0.0000004,0.00000000001372832,6523628,2019-01-28 22:45:48,BTC,0.0231601,0.0,0.0000004,"BTC,XMR",14562.72385,0.0,0.00111682,2
1,[],5,[],2019-01-28 22:45:50,1.25e-06,0.00000016,0.000000000005491328,6523629,2019-01-28 22:45:50,btc,3.91655412,0.00460737,0.00000016,btc,2.204e-05,0.0,1.97077849,3
1,[],12,[],2019-01-28 22:45:51,12178071.63300888,0.000000167,0.0000000000057315736,6523630,2019-01-28 22:45:51,btc,921359.5548234717,0.0,0.000000167,btc,7946723.12664155,0.05646418821430276,0.4992610566647885,3
0,[],28,[],2019-01-28 22:45:52,0.0,0,0,6523631,2019-01-28 22:45:52,,0.0,0.0,0,,0.0,0.0,0.0,3
0,[],2,[],2019-01-20 23:31:32,0.0,0,0,6477077,2019-01-20 23:31:32,,0.0,0.0,0,,0.0,0.0,0.0,4
1,[],4,[],2019-01-28 22:45:53,268829.28120673,0.00000040,0.00000000001372832,6523632,2019-01-28 22:45:53,btc,0.4531110770085832,0.0,0.00000040,btc,323877.29508932,0.00343172,0.0238301204886853,4
1,[],12,[],2019-01-25 15:53:49,1222127.5219999999,0.00000003,0.000000000001069017,6499609,2019-01-25 15:53:49,btc,11013867.817925906,0.0,0.00000003,btc,969763.77092902,0.0,0.01617509044,5
0,[],2,[],2019-01-20 23:31:51,0.0,0,0,6477087,2019-01-20 23:31:51,,0.0,0.0,0,,0.0,0.0,0.0,6
1,[],11,[],2019-01-28 22:45:56,3507061.0,0.00000002,0.000000000000686416,6523633,2019-01-28 22:45:56,btc,9432.526826746247,597818.0,0.00000002,btc,41754995.77829939,0.0,0.03629291,6
1,[],3,[],2019-01-28 22:45:56,1056.379415503993,0.00015054000000000000540623101841219977359287440776824951171875,0.000000005166653232,6523634,2019-01-28 22:45:56,btc,30.108593419388622,0.0,0.00015054000000000000540623101841219977359287440776824951171875,btc,231.077492617847,0.0,0.028994113718921508,7
1,[],4,[],2019-01-28 22:45:57,21924.23470929,0.00015400,0.0000000052854032,6523635,2019-01-28 22:45:57,btc,1.6739643032764921,0.0,0.00015400,btc,9844.24835435,4.45899387,3.126437896577089,7
1,[],5,[],2019-01-28 22:45:58,0.0047534,0.00015130,0.00000000519273704,6523636,2019-01-28 22:45:58,btc,1.42353343,0.52589665,0.00015130,btc,0.01075395,0.0,1.3196567,7
1,[],20,[],2019-01-28 22:46:01,62771509.8802,0.000000001,0.0000000000000343208,6523637,2019-01-28 22:46:01,btc,121.193281184396,28537.5,0.000000001,btc,26002587.8262,5.7075e-05,0.0627715098802,8
0,[],2,[],2019-01-20 23:22:42,0.0,0,0,6476876,2019-01-20 23:22:42,,0.0,0.0,0,,0.0,0.0,0.0,9
0,[],23,[],2019-01-20 23:22:48,0.0,0,0,6476878,2019-01-20 23:22:48,,0.0,0.0,0,,0.0,0.0,0.0,9
1,[],1,[],2019-01-28 22:46:02,1926804.91,0.000001830000000000000054831898570195658493275914224795997142791748046875,0.000000000062807064,6523638,2019-01-28 22:46:02,btc,0.9108419198,23295981.43,0.000001830000000000000054831898570195658493275914224795997142791748046875,btc,483106.18,43.60614855,3.4704027829,9
1,[],4,[],2019-01-28 22:46:03,1246523.57637089,0.00000183,0.000000000062807064,6523639,2019-01-28 22:46:03,btc,0.9680034206713478,0.0,0.00000183,btc,493362.18619056,1.02413771,0.3309197437941331,9
1,[],28,[],2019-01-28 22:46:10,50368.14,0.00000185,0.00000000006349348,6523640,2019-01-28 22:46:10,btc,2708.75001072,2719947.0,0.00000185,btc,7762.68,0.0,0.057601859,9
1,[],4,[],2019-01-28 22:46:12,7444428.16126053,0.00000002,0.000000000000686416,6523641,2019-01-28 22:46:12,btc,0.2106616203857639,0.0,0.00000002,btc,4256220.48091358,0.00068574,0.0776010538452106,10
0,[],2,[],2019-01-20 23:23:08,0.0,0,0,6476890,2019-01-20 23:23:08,,0.0,0.0,0,,0.0,0.0,0.0,12
1,[],4,[],2019-01-28 22:46:13,2541804.16084858,0.00000141,0.000000000048392328,6523642,2019-01-28 22:46:13,btc,0.9313364398249953,0.0,0.00000141,btc,617862.85393347,3.06325151,2.6740817541525357,12
1,[],5,[],2019-01-28 22:46:14,1.055e-05,0.00000132,0.000000000045303456,6523643,2019-01-28 22:46:14,btc,0.35693635,1.27188776,0.00000132,btc,0.0001076,0.0,0.15890562,12
0.0,[],25,[],2019-01-28 22:46:15,0.0,0,0,6523644,2019-01-28 22:46:15,,0.0,0.0,0.0,btc,0.0,0.0,0.0,12
1,[],10,[],2019-01-28 20:54:17,569565.06697548,0.00000688,0.00000000023574388800000003,6522915,2019-01-28 20:54:17,btc,666807.8681368481,6094.98864551,0.00000688,btc,835121.40813354,0.0,0.8073062350201129,13
1,[],4,[],2019-01-28 22:46:16,304417.59689735,0.00000673,0.000000000230978984,6523645,2019-01-28 22:46:16,btc,0.7158038087545759,0.0,0.00000673,btc,100789.69650894,0.53717039,1.3567849679659416,13
1,[],21,[],2019-01-28 22:46:20,1558081.89011753,0.000006839999999999999732828732252,0.000000000234754272,6523646,2019-01-28 22:46:20,btc,6.00791459501897,1207684.89831709,0.0000068399999999999997328287322517770263630154659040272235870361328125,btc,787283.2184689,8.42728702,9.366301392350435,13
1,[],12,[],2019-01-28 22:46:22,91208.85021373,0.000001659999999999999988409336675043714848243325832299888134002685546875,0.000000000056972528,6523648,2019-01-28 22:46:22,btc,1.785951800596362,0.0,0.000001659999999999999988409336675043714848243325832299888134002685546875,btc,37987.62520423,0.0020961065812999,0.0189241729335921,14
0,[],17,[],2019-01-28 22:46:24,0.0,0,0,6523649,2019-01-28 22:46:24,btc,0.0,0.0,0,btc,0.0,0.0,0.0,14
1,[],26,[],2019-01-28 22:46:24,0.0,0.00000020,0.00000000000686416,6523650,2019-01-28 22:46:24,btc,0.0,0.0,0.00000020,btc,0.0,0.0,0.0,14
1,[],4,[],2019-01-28 22:46:21,856663.29984396,0.00000154,0.000000000052854032,6523647,2019-01-28 22:46:21,btc,0.1465325500046515,0.0,0.00000154,btc,66345.46712042,0.05526725,0.1629376049877183,14
0,[],4,[],2019-01-28 22:46:25,0.0,0,0,6523651,2019-01-28 22:46:25,,0.0,0.0,0,,0.0,0.0,0.0,15
,[],12,[],2018-12-01 15:15:48,204241.84496,0.00000489,0.000000000202473384,5260204,2018-12-01 15:15:48,btc,49.5475654835,0.0,,btc,35763.2193806,0.0163153972027625,0.0203389899998,15
1,[],4,[],2019-01-28 22:46:27,24510.76071018,0.00001801,0.000000000618117608,6523652,2019-01-28 22:46:27,btc,1.2286312961871702,0.0,0.00001801,btc,7472.59419368,0.03236599,0.0720386179987686,18
1,[],10,[],2019-01-28 22:46:29,391134.22021078,0.00001778,0.0000000006102238239999999,6523653,2019-01-28 22:46:29,btc,15.539275702840516,13199.6009402,0.00001778,btc,10680.31157029,0.0,0.205039037471055,18
1,[],12,[],2019-01-28 22:46:30,200787.2744273,0.0000178899999999999998151305191651516679485212080180644989013671875,0.000000000613999112,6523654,2019-01-28 22:46:30,btc,0.1950337270560766,0.0,0.0000178899999999999998151305191651516679485212080180644989013671875,btc,1987.54498457,0.0033435583346153,0.0169556873649096,18
0,[],17,[],2019-01-28 22:46:32,0.0,0,0,6523655,2019-01-28 22:46:32,btc,0.0,0.0,0,btc,0.0,0.0,0.0,18
0,[],2,[],2019-01-20 23:23:38,0.0,0,0,6476906,2019-01-20 23:23:38,,0.0,0.0,0,,0.0,0.0,0.0,18
1,[],3,[],2019-01-28 22:46:32,108847.38970198091,0.000038080000000000001326126708445229951394139789044857025146484375,0.000000001306936064,6523656,2019-01-28 22:46:32,btc,1.1939161811847707,21.0251256281,0.000038080000000000001326126708445229951394139789044857025146484375,btc,8295.059421123888,0.0,0.10398332493169819,19
1,[],4,[],2019-01-28 22:46:33,72286.75963532,0.00003730,0.00000000128016584,6523657,2019-01-28 22:46:33,btc,0.6331386682584604,0.0,0.00003730,btc,15258.30854307,0.4235944,1.6402341446276187,19
1,[],5,[],2019-01-28 22:46:34,0.00032542,0.00003100,0.0000000010639448,6523658,2019-01-28 22:46:34,btc,0.31563375,0.00031762,0.00003100,btc,0.00351364,0.0,0.19153301,19
1,[],12,[],2019-01-28 22:46:35,133616.0,0.0000425099999999999978751719087455285261967219412326812744140625,0.000000001458977208,6523659,2019-01-28 22:46:35,btc,1.9917115431861292,0.0,0.0000425099999999999978751719087455285261967219412326812744140625,btc,416.49251023,0.0,0.03231902,19
0,[],27,[],2019-01-28 22:46:39,0.0,0,0,6523660,2019-01-28 22:46:39,,0.0,0.0,0,btc,0.0,0.0,0.0,19
0,[],2,[],2019-01-20 23:24:19,0.0,0,0,6476924,2019-01-20 23:24:19,,0.0,0.0,0,,0.0,0.0,0.0,19
1,[],4,[],2019-01-28 22:46:40,9448048.34664562,0.00000015,0.00000000000514812,6523661,2019-01-28 22:46:40,btc,0.8111204117420863,0.0,0.00000015,btc,1583112.29307681,0.0,0.3958519084068923,20
1,[],4,[],2019-01-28 22:46:41,119578205.47023025,0.00000002,0.000000000000686416,6523662,2019-01-28 22:46:41,btc,0.7830633964054443,0.0,0.00000002,btc,17147963.66723585,0.1188349,1.4013436936144454,21
1,[],12,[],2019-01-28 22:46:42,19406794.0,0.00000002,0.000000000000686416,6523663,2019-01-28 22:46:42,btc,668.0308850760451,0.0,0.00000002,btc,8089903.74725544,0.0022271420179829,0.2610724,21
0,[],17,[],2019-01-28 22:46:44,0.0,0,0,6523664,2019-01-28 22:46:44,btc,0.0,0.0,0,btc,0.0,0.0,0.0,21
1,[],12,[],2019-01-28 22:46:46,4524652753.531896,0.0000000001,0.00000000000000343208,6523665,2019-01-28 22:46:46,btc,1721704712844.7188,0.0,0.0000000001,btc,6797587457.476755,0.000975321328871128,0.4524652753531896,23
0,[],27,[],2019-01-28 22:46:48,0.0,0,0,6523666,2019-01-28 22:46:48,,0.424699,0.0,0,eth,424699.0,0.0,0.0,23
1,[],4,[],2019-01-28 22:46:49,952441.20328091,0.00000086,0.000000000029515888,6523667,2019-01-28 22:46:49,btc,0.0969181662288642,0.0,0.00000086,btc,78318.70007623,0.0146764,0.4086779911711464,24
1,[],22,[],2019-01-28 22:46:53,11.76,0.00000100,0.0000000000343208,6523668,2019-01-28 22:46:53,BTC,7.415e-05,0.0,0.00000100,BTC,23.919354838709676,0.0,1.176e-05,24
0.0,[],25,[],2019-01-28 22:46:54,0.0,0,0,6523669,2019-01-28 22:46:54,,0.0,0.0,0.0,btc,0.0,0.0,0.0,24
1,[],4,[],2019-01-28 22:46:55,28193946.18813877,0.00000656,0.000000000225144448,6523670,2019-01-28 22:46:55,btc,0.4898582520609697,0.0,0.00000656,btc,42597.59925091,0.11610599,0.3752345484803615,26
1,[],10,[],2019-01-28 22:46:57,729972.11993893,0.00000669,0.00000000022960615200000002,6523671,2019-01-28 22:46:57,btc,27.970614785272243,2443.23186987,0.00000669,btc,12132.50795028,0.0,0.2150600744660522,26
0,[],2,[],2019-01-20 23:25:56,0.0,0,0,6476976,2019-01-20 23:25:56,,0.0,0.0,0,,0.0,0.0,0.0,26
1,[],3,[],2019-01-28 22:46:58,6731331.03885143,0.00000001,0.000000000000343208,6523672,2019-01-28 22:46:58,btc,2.97956748808308,21001.0,0.00000001,btc,17962798.28761028,0.0,0.0673133103885143,27
1,[],5,[],2019-01-28 22:47:00,1e-08,0.00000001,0.000000000000343208,6523673,2019-01-28 22:47:00,btc,2.61950068,0.00330055,0.00000001,btc,4.436e-05,0.0,0.04473401,27
1,[],11,[],2019-01-28 22:47:02,10597882.41182718,0.00000005,0.0000000000017160399999999998,6523674,2019-01-28 22:47:02,btc,370.53275036350783,1000.0,0.00000005,btc,8220964.80991447,0.0,0.4932896594767663,27
1,[],4,[],2019-01-28 22:47:03,233752149.10100418,0.00000003,0.000000000001029624,6523675,2019-01-28 22:47:03,btc,3.9712540245009555,0.0,0.00000003,"btc,ltc",153756250.1698168,0.14766191,2.0404994988279976,29
1,[],7,[],2019-01-28 22:47:04,39587898.68547895,0.00000003,0.0000000000010296239999999999,6523676,2019-01-28 22:47:04,btc,44465202.61689058,5457.33756242,0.00000003,btc,39444055.34175683,0.00016372,0.7207499085800054,29
1,[],4,[],2019-01-28 22:47:05,1672137.47975002,0.00000034,0.000000000011669072,6523677,2019-01-28 22:47:05,btc,0.2660658336169214,0.0,0.00000034,btc,477475.76541802,0.00323418,0.1287191905635145,30
0,[],17,[],2019-01-28 22:47:06,0.0,0,0,6523678,2019-01-28 22:47:06,btc,0.0,0.0,0,btc,0.0,0.0,0.0,30
1,[],4,[],2019-01-28 22:47:08,134509.35733881,0.00008582,0.000000002945411056,6523679,2019-01-28 22:47:08,btc,1.079129234539746,0.0,0.00008582,btc,11280.40497679,1.80711851,2.7554408918071567,31
1,[],21,[],2019-01-28 22:47:10,87346.4462332,0.00008598999999999999493353192159,0.000000002951245592,6523680,2019-01-28 22:47:10,btc,10.399495375436052,328661.89653996,0.000085989999999999994933531921592617663918645121157169342041015625,btc,107894.39027367,28.97984484,7.125850971059358,31
0,[],2,[],2019-01-20 23:28:43,0.0,0,0,6477009,2019-01-20 23:28:43,,0.0,0.0,0,,0.0,0.0,0.0,32
1,[],4,[],2019-01-28 22:47:10,138962276.96137083,0.00000006,0.000000000002059248,6523681,2019-01-28 22:47:10,btc,3.3300721080559175,0.0,0.00000006,"btc,ltc",52571427.66643347,1.27234014,2.0543359801518815,33
1,[],12,[],2019-01-28 22:47:11,21459126.0,0.00000006,0.0000000000020592479999999998,6523682,2019-01-28 22:47:11,btc,17261783.2055475,0.0,0.00000006,btc,88876983.38361624,0.0019698365035014,0.8605070499999999,33
1,[],4,[],2019-01-28 22:47:12,105679169.45713256,0.00000002,0.000000000000686416,6523683,2019-01-28 22:47:12,btc,0.8325635516300076,0.0,0.00000002,btc,27752118.38766692,0.02400227,1.0937833833144053,34
1,[],5,[],2019-01-28 22:47:14,1e-08,0.00000001,0.000000000000343208,6523684,2019-01-28 22:47:14,btc,3.57003573,3.802919,0.00000001,btc,1.343e-05,0.0,0.77377272,34
0.00000000008887960000000001,[],4,[],2019-01-28 22:47:15,2257504242.7279267,3.555184e-18,1.220167590272e-22,6523685,2019-01-28 22:47:15,ltc,6.448719470601241e-09,0.0,0.00000004,ltc,1320929232.6297832,0.0,5.123304137020404e-09,36
1,[],5,[],2019-01-28 22:47:17,0.0,0,0,6523686,2019-01-28 22:47:17,btc,202.42914818,0.0,0,btc,1.295e-05,0.0,0.0,36
0,[],17,[],2019-01-28 22:47:19,0.0,0,0,6523687,2019-01-28 22:47:19,btc,0.1489213154269606,0.0,0,btc,12533924.99083647,0.0,0.0,36
0.00000000008887960000000001,[],27,[],2019-01-28 22:47:22,2000000.0,1.777592e-18,6.10083795136e-23,6523688,2019-01-28 22:47:22,ltc,448.586156645,0.0,0.00000002,"ltc,eth",3710972.58,0.0,2.666388e-12,36
1,[],4,[],2019-01-28 22:47:22,409011.22649076,0.00000141,0.000000000048392328,6523689,2019-01-28 22:47:22,btc,0.4775328485634727,0.0,0.00000141,btc,257682.78222979,0.00374909,0.3556317030888868,37
1,[],12,[],2019-01-28 22:47:24,458078.44664441,0.00000141999999999999995691814247411599581027985550463199615478515625,0.000000000048735536,6523690,2019-01-28 22:47:24,btc,1335.9575509771737,0.0,0.00000141999999999999995691814247411599581027985550463199615478515625,btc,799255.53899563,0.1733489921156272,0.3395241274020701,37
1,[],17,[],2019-01-28 22:47:26,1752.74075282,0.00000025,0.0000000000085802,6523691,2019-01-28 22:47:26,btc,0.055487313961899376,0.0,0.00000025,btc,1388.79251806,0.0,0.00043818518820499993,37
1,[],27,[],2019-01-28 22:47:28,3640.0609574,0.00569910,0.00000019559767128,6523692,2019-01-28 22:47:28,btc,22.37095737308125,0.0,0.00569910,btc,2948.884381,0.0,0.000368193331273,37
1,[],5,[],2019-01-28 22:47:29,8.6e-06,0.00000074,0.000000000025397392,6523693,2019-01-28 22:47:29,btc,0.10467571,0.08864241,0.00000074,btc,0.00010239,0.0,0.05292661,42
1,[],12,[],2019-01-28 22:47:33,111977.33333327,0.00000096,0.000000000032947967999999997,6523694,2019-01-28 22:47:33,btc,109.31928355294089,0.0,0.00000096,btc,85852.68930896,0.0805303923605654,0.0203587699999381,42
0,[],27,[],2019-01-28 22:49:34,0.0,0,0,6523695,2019-01-28 22:49:34,,0.00315028,0.0,0,"btc,eth",11.007,0.0,0.0,42
1,[],5,[],2019-01-28 22:49:35,3e-08,0.00000002,0.000000000000686416,6523696,2019-01-28 22:49:35,btc,6.16284439,0.00223252,0.00000002,btc,1.425e-05,0.0,0.52020855,43
1,[],12,[],2019-01-28 22:49:36,6478239.0,0.00000002,0.000000000000686416,6523697,2019-01-28 22:49:36,btc,20007433.359969333,0.0,0.00000002,btc,39909576.74765234,0.0084374566233766,0.06523944,43
0,[],17,[],2019-01-28 22:49:38,0.0,0,0,6523698,2019-01-28 22:49:38,btc,0.0,0.0,0,btc,0.0,0.0,0.0,43
1,[],12,[],2019-01-28 22:49:40,930890.99999998,0.00000018,0.000000000006177744,6523699,2019-01-28 22:49:40,btc,11114770.146086223,0.0,0.00000018,btc,816941.45554441,0.092193375449644,0.0321164499999964,44
1,[],4,[],2019-01-28 22:49:41,262389726.32457674,0.00000003,0.000000000001029624,6523700,2019-01-28 22:49:41,btc,0.20522073145264133,0.0,0.00000003,"btc,ltc",3975212.46655899,0.00659894,0.5514251832584557,49
0.00000000008887960000000001,[],4,[],2019-01-28 22:49:42,3499834950.4387116,1.777592e-18,6.10083795136e-23,6523701,2019-01-28 22:49:42,ltc,4.9943946341386365,0.0,0.00000002,ltc,2089661131.9963303,0.0,3.1326908973812886e-09,52
0,[],22,[],2019-01-28 22:49:45,0.0,0,0,6523702,2019-01-28 22:49:45,,3693.94483704,0.0,0,,271755069.90882355,0.0,0.0,57
0,[],27,[],2019-01-28 22:49:47,0.0,0,0,6523703,2019-01-28 22:49:47,,0.0,0.0,0,"btc,eth",0.0,0.0,0.0,57
0.00000000008887960000000001,[],4,[],2019-01-28 22:49:49,1715425561.1614242,6.221572000000001e-18,2.135293282976e-22,6523704,2019-01-28 22:49:49,ltc,3.336677012976056,0.0,0.00000007,ltc,1151084187.0785713,0.0,8.600337523419398e-09,58
1,[],12,[],2019-01-28 22:49:50,2655231903.9329967,0.0000000007,0.000000000000024024559999999998,6523705,2019-01-28 22:49:50,btc,684074821995.7645,0.0,0.0000000007,btc,3157671895.5365634,0.020346892227072942,1.131815316719563,58
0,[],17,[],2019-01-28 22:49:53,0.0,0,0,6523706,2019-01-28 22:49:53,btc,1e+24,0.0,0,btc,41616695.95832568,0.0,0.0,58
0.0000000001252745,[],22,[],2019-01-28 22:49:56,137438.0,1.252745e-18,4.2995210596e-23,6523707,2019-01-28 22:49:56,XMR,69.8835922,0.0,0.00000001,XMR,9887963.0,0.0,0.00137438,58
1,[],5,[],2019-01-28 22:49:58,5.7e-07,0.00000027,0.000000000009266616,6523708,2019-01-28 22:49:58,btc,0.41477718,0.02596729,0.00000027,btc,8.441e-05,0.0,0.01534573,61
1,[],22,[],2019-01-28 22:50:01,5111.5,0.00000011,0.000000000003775288,6523709,2019-01-28 22:50:01,BTC,1002.29606732,0.0,0.00000011,BTC,15028.700278135757,0.0,0.00051178,61
1,[],26,[],2019-01-28 22:50:02,0.0,0.00000800,0.0000000002745664,6523710,2019-01-28 22:50:02,btc,0.0,0.0,0.00000800,btc,0.0,0.0,0.0,61
0,[],27,[],2019-01-28 22:50:05,0.0,0,0,6523711,2019-01-28 22:50:05,,0.0,0.0,0,"btc,eth",0.0,0.0,0.0,61
0,[],28,[],2019-01-28 22:56:55,0.0,0,0,6523712,2019-01-28 22:56:55,,0.0,464.0,0,,0.0,0.0,0.0,61
1,[],4,[],2019-01-28 22:56:57,1337239.33574526,0.00000184,0.000000000063150272,6523713,2019-01-28 22:56:57,btc,0.6369658404436844,0.0,0.00000184,btc,201853.78582772,0.12247123,1.0150583362434564,67
0.0,[],25,[],2019-01-28 22:56:58,0.0,0,0,6523714,2019-01-28 22:56:58,,0.0,0.0,0.0,btc,0.0,0.0,0.0,67
1,[],12,[],2019-01-28 22:56:59,2901591.77777778,0.0000001,0.0000000000034320799999999996,6523715,2019-01-28 22:56:59,btc,16893709.132194053,0.0,0.0000001,btc,2026961.22457537,0.0081791986799926,0.078950768888889,71
,[],5,[],2018-11-20 23:02:39,1.5e-07,0.00000005,0.000000000002128045,4862160,2018-11-20 23:02:39,btc,2.84511358,0.0,,btc,0.00036572,0.0,0.07381892,74
1,[],5,[],2019-01-25 15:53:51,3.303e-05,0.00000156,0.000000000055588884,6499610,2019-01-25 15:53:51,btc,1.42844212,0.0,0.00000156,btc,0.00015937,0.0,0.49487621,75
1,[],4,[],2019-01-28 22:57:01,71740762.79977812,0.00000001,0.000000000000343208,6523716,2019-01-28 22:57:01,btc,0.8152423463076897,0.0,0.00000001,btc,15022852.83659743,0.02873102,0.7174076279977812,81
0,[],20,[],2019-01-25 09:30:31,0.0,0,0,6495923,2019-01-25 09:30:31,btc,0.0,0.0,0,btc,0.0,0.0,0.0,81
1,[],4,[],2019-01-28 22:57:02,23654.91304107,0.00007300,0.0000000025054184,6523717,2019-01-28 22:57:02,btc,1.1554572266662886,0.0,0.00007300,btc,10385.0889726,0.0139363,0.0801943906234228,82
1,[],21,[],2019-01-28 22:57:03,95290.12308532,0.00008032999999999999830250368982,0.000000002756989864,6523718,2019-01-28 22:57:03,btc,4.412517167968232,7336.42027064,0.000080329999999999998302503689817655185834155417978763580322265625,btc,46986.24875145,0.59056539,5.330447278084162,82
0,[],17,[],2019-01-28 22:57:05,0.0,0,0,6523719,2019-01-28 22:57:05,btc,0.0447233088476774,0.0,0,btc,999127.19588126,0.0,0.0,84
0.00000000008887960000000001,[],4,[],2019-01-28 22:57:06,124538567.81726399,1.3331940000000001e-17,4.57562846352e-22,6523720,2019-01-28 22:57:06,ltc,0.19754182502600462,0.0,0.00000015,ltc,73065926.17398848,0.0,1.1214793911486165e-09,85
,[],22,[],2018-11-20 23:09:34,3408.1,0.0000001,0.0000000000041895,4862324,2018-11-20 23:09:34,BTC,0.04624735,0.0,,BTC,4990.0,0.0,0.00033081,86
0,[],22,[],2019-01-28 22:57:08,0.0,0,0,6523721,2019-01-28 22:57:08,,2.07810912,0.0,0,,154826.94736842104,0.0,0.0,87
0,[],27,[],2019-01-28 22:57:11,0.0,0,0,6523722,2019-01-28 22:57:11,,0.0,0.0,0,btc,0.0,0.0,0.0,87
,[],2,[],2018-11-20 23:10:47,0.0,0,0,4862359,2018-11-20 23:10:47,,0.0,0.0,,,0.0,0.0,0.0,88
1,[],11,[],2019-01-28 22:57:13,104185.82472136,0.000193059999999999998103461518184076339821331202983856201171875,0.000000006625973648,6523723,2019-01-28 22:57:13,btc,235.52575837272886,2983.9137384,0.000193059999999999998103461518184076339821331202983856201171875,btc,185138.57875113,0.0,8.195659842249754,89
0,[],2,[],2019-01-20 23:31:45,0.0,0,0,6477083,2019-01-20 23:31:45,,0.0,0.0,0,,0.0,0.0,0.0,91
1,[],12,[],2019-01-28 22:57:14,513907.95457842,0.000009000000000000000228007716873701582471767324022948741912841796875,0.0000000003088872,6523724,2019-01-28 22:57:14,btc,2.7611490965479817,0.0,0.000009000000000000000228007716873701582471767324022948741912841796875,btc,10481.08285651,0.0131229604743413,0.1076708816998929,91
0,[],17,[],2019-01-28 22:57:16,0.0,0,0,6523725,2019-01-28 22:57:16,btc,0.0,0.0,0,btc,0.0,0.0,0.0,91
0.00000000008887960000000001,[],22,[],2019-01-28 22:57:19,35057501.0,5.332776e-18,1.830251385408e-22,6523726,2019-01-28 22:57:19,LTC,8.48502956,0.0,0.00000006,LTC,73800957.1,9.195609625032e-12,1.33543645,95
0.00000000008887960000000001,[],4,[],2019-01-28 22:57:20,132683407.64275368,9.598996800000001e-17,3.2944524937344003e-21,6523727,2019-01-28 22:57:20,ltc,1.3089690007986303,0.0,0.00000108,ltc,66198469.47119477,0.01207724,6.531327323870864e-10,96
1,[],12,[],2019-01-28 22:57:21,1196265.0,0.00000001,0.000000000000343208,6523728,2019-01-28 22:57:21,btc,255060.86543135685,0.0,0.00000001,btc,7944157.89441532,8.42040059944e-05,0.01196265,96
0,[],17,[],2019-01-28 22:57:23,0.0,0,0,6523729,2019-01-28 22:57:23,btc,0.0,0.0,0,btc,0.0,0.0,0.0,96
1,[],4,[],2019-01-28 01:29:03,1472892.19429314,0.00000039,0.000000000013841295,6517118,2019-01-28 01:29:03,btc,0.30363706505258,0.0,0.00000039,btc,473598.41813208,0.02260545,0.1322524391209234,99
1,[],4,[],2019-01-28 22:57:24,123584.95503866,0.00004246,0.000000001457261168,6523730,2019-01-28 22:57:24,btc,2.0824102920361276,0.0,0.00004246,btc,40118.54494733,2.7256015,2.6775197530275565,100
0,[],2,[],2019-01-20 23:23:55,0.0,0,0,6476914,2019-01-20 23:23:55,,0.0,0.0,0,,0.0,0.0,0.0,100
1,[],22,[],2019-01-28 22:57:27,50000.0,0.00000001,0.000000000000343208,6523731,2019-01-28 22:57:27,BTC,23.50383609,0.0,0.00000001,BTC,11277.22,0.0,0.0005,101
1,[],4,[],2019-01-28 22:57:28,120448.09695394,0.00000085,0.00000000002917268,6523732,2019-01-28 22:57:28,btc,0.3990557616350438,0.0,0.00000085,btc,157377.06773035,0.01602235,0.0578462455553566,103
1,[],12,[],2019-01-28 22:57:31,73588813.77474426,0.000000018,0.0000000000006177744,6523733,2019-01-28 22:57:31,btc,9138279019.49058,0.0,0.000000018,btc,146717559.57453713,0.06504859739884918,0.49042126894539667,105
1,[],27,[],2019-01-28 22:57:32,463254.46811249,0.00000001,0.000000000000343208,6523734,2019-01-28 22:57:32,btc,0.2678591955148419,4.11,0.00000001,btc,635751.62835029,4e-08,0.0046325446811249,105
0,[],22,[],2019-01-28 22:57:35,0.0,0,0,6523735,2019-01-28 22:57:35,,1.07253299,0.0,0,,94300.0,0.0,0.0,107
1,[],26,[],2019-01-28 22:57:35,0.0,0.00000000,0,6523736,2019-01-28 22:57:35,btc,0.0,0.0,0.00000000,btc,0.0,0.0,0.0,107
1,[],5,[],2019-01-28 22:57:37,1e-08,0.00000001,0.000000000000343208,6523737,2019-01-28 22:57:37,btc,3.27881141,0.000644,0.00000001,btc,1.512e-05,0.0,0.05027521,112
1,[],22,[],2019-01-28 22:57:41,24952.0,0.00000001,0.000000000000343208,6523738,2019-01-28 22:57:41,BTC,2.84243449,0.0,0.00000001,BTC,977103.5833333334,0.0,0.00024952,112
0,[],27,[],2019-01-28 22:57:43,0.0,0,0,6523739,2019-01-28 22:57:43,,1.25356065,0.0,0,"btc,eth",1328.0,0.0,0.0,112
1,[],4,[],2019-01-28 22:57:44,442441.41105321,0.00000402,0.000000000137969616,6523740,2019-01-28 22:57:44,btc,0.6622966567877614,0.0,0.00000402,btc,106545.61115266,0.15842682,0.3951794346788286,113
1,[],5,[],2019-01-28 22:57:45,2.948e-05,0.00000382,0.000000000131105456,6523741,2019-01-28 22:57:45,btc,2.1739236,0.0042738,0.00000382,btc,0.00330458,0.0,0.21247237,113
1,[],17,[],2019-01-28 22:57:47,233369.0,0.00000004,0.000000000001372832,6523742,2019-01-28 22:57:47,btc,1.3376290575565146,0.0,0.00000004,btc,72546.975,0.0,0.00543476,116
0,[],27,[],2019-01-28 22:57:48,0.0,0,0,6523743,2019-01-28 22:57:48,,0.0,0.0,0,btc,0.0,0.0,0.0,116
1,[],4,[],2019-01-28 22:57:49,49552.32513993,0.00001973,0.000000000677149384,6523744,2019-01-28 22:57:49,btc,0.665556159211009,0.0,0.00001973,btc,26683.30338329,1.1706237,0.5870758502773883,120
1,[],7,[],2019-01-28 22:57:51,2205.43294581,0.00002103999999999999845497720973863664539749152027070522308349609375,0.000000000722109632,6523745,2019-01-28 22:57:51,btc,95.00158870134278,0.0,0.00002103999999999999845497720973863664539749152027070522308349609375,btc,25454.77030116,0.0,0.021475543702810698,120
1,[],20,[],2019-01-28 22:57:54,1165301.6608,0.000000013,0.0000000000004461704,6523746,2019-01-28 22:57:54,btc,33.7489442370083,37137.248,0.000000013,btc,1074422.3317,0.000482784224,0.0061929111866,125
1,[],22,[],2019-01-28 22:57:57,68433.0,0.00000001,0.000000000000343208,6523747,2019-01-28 22:57:57,BTC,0.01415863,0.0,0.00000001,BTC,293039.4,0.0,0.00068433,126
1,[],4,[],2019-01-28 22:57:59,62986.44479809,0.00001390,0.00000000047705912,6523748,2019-01-28 22:57:59,btc,0.5777297813546424,0.0,0.00001390,btc,30587.37537407,0.19509873,0.141952708712611,131
0,[],17,[],2019-01-28 22:58:00,0.0,0,0,6523749,2019-01-28 22:58:00,btc,0.0008451375975800001,0.0,0,btc,30.89614684,0.0,0.0,131
0,[],2,[],2019-01-20 23:25:46,0.0,0,0,6476969,2019-01-20 23:25:46,,0.0,0.0,0,,0.0,0.0,0.0,131
1,[],4,[],2019-01-28 22:58:01,6068.4515712,0.00020982,0.000000007201190256,6523750,2019-01-28 22:58:01,btc,0.4425203784745989,0.0,0.00020982,btc,284.34476376,0.0,0.0119010166791901,135
1,[],3,[],2019-01-28 22:58:02,1829234.27379818,0.00000007,0.0000000000024024560000000004,6523751,2019-01-28 22:58:02,btc,0.1443365876257691,26512.0392484,0.00000007,btc,308779.81453588,0.0,0.0645902603232849,136
1,[],4,[],2019-01-28 22:58:02,87466.12791933,0.00000178,0.000000000061091024,6523752,2019-01-28 22:58:02,btc,0.451605234604834,0.0,0.00000178,btc,178591.40745571,0.27787562,0.1183114628408109,137
1,[],12,[],2019-01-28 22:58:03,306594.14356186,0.000001740000000000000069492480346544649449924690998159348964691162109375,0.000000000059718192,6523753,2019-01-28 22:58:03,btc,11798.824821966458,0.0,0.000001740000000000000069492480346544649449924690998159348964691162109375,btc,134390.1243948,0.2006385075663979,0.037271679999994,137
1,[],5,[],2019-01-28 22:58:05,0.00115705,0.00003461,0.000000001187842888,6523754,2019-01-28 22:58:05,btc,2.57264083,1.68735862,0.00003461,btc,0.00211758,0.0,0.84641736,142
1,[],17,[],2019-01-28 22:58:07,12500.0,0.0000001,0.0000000000034320799999999996,6523755,2019-01-28 22:58:07,btc,0.6809500038036553,0.0,0.0000001,btc,5932.0,0.0,0.00125,142
1,[],20,[],2019-01-28 22:58:09,151966.7503,0.00003205,0.00000000109998164,6523756,2019-01-28 22:58:09,btc,2.762592673267,46708.7833,0.00003205,btc,10943.7584,1.8898766114475,0.2754242588105,142
1,[],22,[],2019-01-28 22:58:12,990.0,0.00001880,0.00000000064523104,6523757,2019-01-28 22:58:12,BTC,0.00073414,0.0,0.00001880,BTC,10.000500375281462,0.0,0.00022106,142
0.0,[],25,[],2019-01-28 22:58:13,0.0,0,0,6523758,2019-01-28 22:58:13,,0.0,0.0,0.0,btc,0.0,0.0,0.0,142
1,[],28,[],2019-01-28 22:58:16,78710.0,0.00002500,0.00000000085802,6523759,2019-01-28 22:58:16,btc,0.143072340044,41850.2874,0.00002500,btc,2814.9968,0.0,0.0312247,142
0,[],22,[],2019-01-28 18:33:43,0.0,0,0,6521842,2019-01-28 18:33:43,,61.27958297,0.0,0,,815366265.8,0.0,0.0,143
1,[],21,[],2019-01-28 22:58:17,40162517.00597869,0.00000029,0.000000000009953031999999999,6523760,2019-01-28 22:58:17,btc,36.508857087079136,10488116.9133352,0.00000029,btc,70452786.2818778,3.07390821,6.515989307788433,145
0,[],22,[],2019-01-28 15:47:49,0.0,0,0,6520545,2019-01-28 15:47:49,,4.31668284,0.0,0,,1427838.5,0.0,0.0,146
,[],22,[],2018-11-20 23:01:11,0.0,0,0,4862114,2018-11-20 23:01:11,,2.56807021,0.0,,,61828.4988236,0.0,0.0,147
1,[],12,[],2019-01-28 22:58:18,8694960.22153319,0.0000029399999999999998034319777240330751055807922966778278350830078125,0.00000000010090315199999999,6523761,2019-01-28 22:58:18,btc,17.077125111288964,0.0,0.0000029399999999999998034319777240330751055807922966778278350830078125,btc,111893.65407238,0.0007996976543,0.13074642700000721,148
1,[],4,[],2019-01-28 22:58:19,284562.01389065,0.00000031,0.000000000010639448,6523762,2019-01-28 22:58:19,btc,0.6856929088712505,0.0,0.00000031,btc,503839.26650758,0.00339427,0.0611224541594386,152
0,[],22,[],2019-01-28 22:58:22,0.0,0,0,6523763,2019-01-28 22:58:22,,0.0,0.0,0,,0.0,0.0,0.0,152
1,[],5,[],2019-01-28 22:58:23,0.0,0,0,6523764,2019-01-28 22:58:23,btc,4.37024355,0.0,0,btc,0.00161275,0.0,0.0,153
,[],16,[],2019-01-11 15:38:59,0.0,0,0,6366141,2019-01-11 15:38:59,btc,0.0,0.0,,btc,0.0,0.0,0.0,155
0,[],22,[],2019-01-28 22:58:30,0.0,0,0,6523765,2019-01-28 22:58:30,,6.73308927,0.0,0,,4561867.742592593,0.0,0.0,156
0,[],23,[],2019-01-20 23:24:29,0.0,0,0,6476932,2019-01-20 23:24:29,,0.0,0.0,0,,0.0,0.0,0.0,156
1,[],22,[],2019-01-28 22:58:33,7906.0,0.00000801,0.000000000274909608,6523766,2019-01-28 22:58:33,BTC,43.78612537,0.0,0.00000801,BTC,1033.584498154164,0.0,0.00743836,157
0,[],22,[],2019-01-28 22:58:36,0.0,0,0,6523767,2019-01-28 22:58:36,,50175.6753658,0.0,0,,54007107.04179466,0.0,0.0,158
,[],17,[],2018-11-20 22:56:10,0.0,0,0,4861976,2018-11-20 22:56:10,btc,1.1265625,0.0,,btc,1000.0,0.0,0.0,159
,[],20,[],2018-11-20 22:56:12,0.0,0,0,4861977,2018-11-20 22:56:12,btc,11912.7940471,0.0,,btc,34413894.3617,0.0,0.0,159
1,[],12,[],2019-01-28 22:58:37,195508.46758621,0.000009919999999999999889914448214511821788619272410869598388671875,0.000000000340462336,6523768,2019-01-28 22:58:37,btc,6.653702777353024,0.0,0.000009919999999999999889914448214511821788619272410869598388671875,btc,14146.54908934,0.0015744884,0.0976286919000225,168
1,[],17,[],2019-01-28 22:58:38,29784.95,0.000001,0.0000000000343208,6523769,2019-01-28 22:58:38,btc,0.0353989844335,0.0,0.000001,btc,196.82520268,0.0,0.00716147,168
1,[],22,[],2019-01-28 22:58:42,1433447.0,0.00000001,0.000000000000343208,6523770,2019-01-28 22:58:42,BTC,1.13380276,0.0,0.00000001,BTC,689102.5537281231,0.0,0.01433447,169
1,[],22,[],2019-01-28 22:58:45,78616.14285714286,0.00000035,0.00000000001201228,6523771,2019-01-28 22:58:45,BTC,2.46382397,0.0,0.00000035,BTC,54723.32824465009,0.00044091,0.01593565,171
1,[],22,[],2019-01-28 22:58:49,183672.8245614035,0.00000025,0.0000000000085802,6523772,2019-01-28 22:58:49,BTC,2.84934645,0.0,0.00000025,BTC,247191.96376857045,0.0,0.01009653,173
1,[],5,[],2019-01-28 22:58:51,7.62e-05,0.00000444,0.000000000152384352,6523773,2019-01-28 22:58:51,btc,0.37636914,0.0017896,0.00000444,btc,0.00033735,0.0,0.85207656,175
1,[],22,[],2019-01-28 22:58:55,39026.0,0.00000069,0.000000000023681352,6523774,2019-01-28 22:58:55,BTC,0.63315377,0.0,0.00000069,BTC,152487.57822767255,0.02536256,0.01417753,176
1,[],7,[],2019-01-28 22:58:56,0.0,0,0,6523775,2019-01-28 22:58:56,btc,10965.679391932514,0.0,0,btc,122501377.45418899,0.0,0.0,178
0,[],22,[],2019-01-28 22:58:59,0.0,0,0,6523776,2019-01-28 22:58:59,,1.00242428,0.0,0,,57512.0,0.0,0.0,178
0,[],2,[],2019-01-20 23:28:34,0.0,0,0,6477001,2019-01-20 23:28:34,,0.0,0.0,0,,0.0,0.0,0.0,178
1,[],5,[],2019-01-28 22:59:00,6e-08,0.00000003,0.000000000001029624,6523777,2019-01-28 22:59:00,btc,15.47953243,0.48114799,0.00000003,btc,2.285e-05,0.0,1.64472444,179
1,[],22,[],2019-01-28 22:59:05,9110525.038095238,0.00000002,0.000000000000686416,6523778,2019-01-28 22:59:05,BTC,5.4658149,0.0,0.00000002,"BTC,LTC",16490605.651989967,0.00074842,0.39691458,179
0,[],23,[],2019-01-20 23:25:08,0.0,0,0,6476952,2019-01-20 23:25:08,,0.0,0.0,0,,0.0,0.0,0.0,179
1,[],17,[],2019-01-28 22:59:07,10504.725,0.0000001,0.0000000000034320799999999996,6523779,2019-01-28 22:59:07,btc,5.206877489876862,0.0,0.0000001,btc,7465.6174587,0.0,0.0010504725,180
0.00000000008887960000000001,[],22,[],2019-01-28 22:59:10,215.4,8.88796e-18,3.05041897568e-22,6523780,2019-01-28 22:59:10,LTC,0.09593569,0.0,0.0000001,LTC,16416.625478042326,2.55084452e-16,2.154e-05,180
1,[],26,[],2019-01-28 22:59:10,0.0,0.00000020,0.00000000000686416,6523781,2019-01-28 22:59:10,btc,0.0,3307.0,0.00000020,btc,0.0,0.0,0.0,180
,[],7,[],2018-11-20 22:58:01,562227.975654,0.00000085,0.000000000036176765,4862015,2018-11-20 22:58:01,btc,21836.6059674,2491.87645172,,btc,749999.041456,0.00211021,0.127565380455,183
,[],5,[],2019-01-10 08:11:41,0.0,0,0,6347036,2019-01-10 08:11:41,btc,82.15055501,0.00261,,btc,1.19002445,0.0,0.0,187
1,[],24,[],2019-01-28 22:59:12,0.0,0.000000000001,3.43208e-17,6523782,2019-01-28 22:59:12,btc,0.0,0.0,0.000000000001,btc,0.0,0.0,0.0,187
,[],17,[],2018-11-16 20:58:10,4062536.27273,0.00000001,0.000000000000550501,4708775,2018-11-16 20:58:10,btc,3.36492563466,0.195460381006,,"btc,eth",110697919.549,0.0,0.0157628953496,187
0,[],22,[],2019-01-28 22:59:15,0.0,0,0,6523783,2019-01-28 22:59:15,,1.19382741,0.0,0,,13380.036201072173,0.0,0.0,191
0,[],22,[],2019-01-28 22:59:20,0.0,0,0,6523784,2019-01-28 22:59:20,,0.0,0.0,0,,0.0,0.0,0.0,197
0,[],23,[],2019-01-20 23:31:41,0.0,0,0,6477079,2019-01-20 23:31:41,,0.0,0.0,0,,0.0,0.0,0.0,199
1,[],26,[],2019-01-28 22:59:21,0.0,0.00000000,0,6523785,2019-01-28 22:59:21,btc,0.0,760170.0,0.00000000,btc,0.0,0.0,0.0,199
0,[],17,[],2019-01-28 22:59:22,0.0,0,0,6523786,2019-01-28 22:59:22,btc,6.802544163740346,0.0,0,btc,105897.55575295,0.0,0.0,200
0,[],2,[],2019-01-20 23:30:49,0.0,0,0,6477059,2019-01-20 23:30:49,,0.0,0.0,0,,0.0,0.0,0.0,201
1,[],4,[],2019-01-25 15:51:35,2084389.58565343,0.00000936,0.000000000333526752,6499557,2019-01-25 15:51:35,btc,2.0092503037378524,0.0,0.00000936,btc,160195.80207885,0.19272417,1.242687955921835,211
1,[],7,[],2019-01-28 22:59:25,19821701.196319908,0.000001219999999999999965968520108938744073157067759893834590911865234375,0.000000000041871376,6523787,2019-01-28 22:59:25,btc,16567814.318319447,1208821.02319,0.000001219999999999999965968520108938744073157067759893834590911865234375,btc,12004247.89276343,0.0,7.793828868736656,212
1,[],12,[],2019-01-25 02:44:32,207462.42853209,0.000001080000000000000035831255497387193287295303889550268650054931640625,0.000000000038610756000000006,6493050,2019-01-25 02:44:32,btc,85023.03793723314,0.0,0.000001080000000000000035831255497387193287295303889550268650054931640625,btc,43675.73520027,0.000146250909087,0.0348620860622024,213
1,[],5,[],2019-01-28 22:59:27,4.84e-06,0.00000034,0.000000000011669072,6523788,2019-01-28 22:59:27,btc,1.00113407,0.03036827,0.00000034,btc,3.16e-05,0.0,0.34848242,213
1,[],24,[],2019-01-28 22:59:27,0.0,0.000000050000,0.00000000000171604,6523789,2019-01-28 22:59:27,btc,0.0,0.0,0.000000050000,btc,0.0,0.0,0.0,213
1,[],26,[],2019-01-28 22:59:27,0.0,0.00000003,0.000000000001029624,6523790,2019-01-28 22:59:27,btc,0.0,0.0,0.00000003,btc,0.0,0.0,0.0,213
1,[],22,[],2019-01-28 22:59:30,276400.0,0.00000002,0.000000000000686416,6523791,2019-01-28 22:59:30,BTC,70.22556302,0.0,0.00000002,BTC,266525.63907173084,0.0001,0.004714,216
1,[],27,[],2019-01-28 22:59:34,5078045.0,0.0000002,0.00000000000686416,6523792,2019-01-28 22:59:34,btc,619.87865254716,36880.04,0.0000002,"btc,ltc",268396.13411,0.02065282,0.0525224,216
1,[],22,[],2019-01-28 22:59:37,285431.482503991,0.00000234,0.000000000080310672,6523793,2019-01-28 22:59:37,BTC,12677.96175669,0.0,0.00000234,BTC,370859.106069969,0.006996,0.3965013,217
1,[],7,[],2019-01-28 22:59:38,0.0,0,0,6523794,2019-01-28 22:59:38,btc,302.63931663911063,0.0,0,btc,140340320.6214003,0.0,0.0,219
0,[],27,[],2019-01-28 22:59:40,0.0,0,0,6523795,2019-01-28 22:59:40,,0.0747309448198,0.0,0,btc,1605140.29226592,0.0,0.0,219
0.0000000000000056,[],28,[],2019-01-28 23:01:31,202451915.672,5.6e-18,1.9219648000000001e-22,6523796,2019-01-28 23:01:31,doge,79804.0293717675,11967.9,0.00100000,"btc,doge",4169437.84751,0.0,1.4438916189803786e-11,219
1,[],22,[],2019-01-28 23:01:35,203912.0,0.0000007,0.00000000002402456,6523797,2019-01-28 23:01:35,BTC,2.3935193,0.0,0.0000007,BTC,31747.55212317522,0.0106387,0.02126308,221
1,[],24,[],2019-01-28 23:01:36,0.0,0.000000550000,0.00000000001887644,6523798,2019-01-28 23:01:36,btc,0.0,0.0,0.000000550000,btc,0.0,0.0,0.0,221
1,[],26,[],2019-01-28 23:01:36,0.0,0.00000002,0.000000000000686416,6523799,2019-01-28 23:01:36,btc,0.0,11413.0,0.00000002,btc,0.0,0.0,0.0,231
1,[],26,[],2019-01-28 23:01:36,0.0,0.00000004,0.000000000001372832,6523800,2019-01-28 23:01:36,btc,0.0,373.0,0.00000004,btc,0.0,0.0,0.0,234
0,[],27,[],2019-01-28 23:01:39,0.0,0,0,6523801,2019-01-28 23:01:39,,0.0113483662182,0.0,0,"btc,eth",11462.99618,0.0,0.0,234
0.00000000008887960000000001,[],22,[],2019-01-28 23:01:42,8895864.0,8.88796e-19,3.05041897568e-23,6523802,2019-01-28 23:01:42,LTC,3.34473524,0.0,0.00000001,LTC,91427951.31349206,0.0,0.08895864,235
1,[],4,[],2019-01-28 23:01:42,2215369.35130762,0.00000076,0.000000000026083808,6523803,2019-01-28 23:01:42,btc,0.1230175703760879,0.0,0.00000076,btc,108297.5775003,0.0562205,0.1868816832406157,236
1,[],24,[],2019-01-28 23:01:43,0.0,0.000000010000,0.000000000000343208,6523804,2019-01-28 23:01:43,btc,0.0,0.0,0.000000010000,btc,0.0,0.0,0.0,236
1,[],20,[],2019-01-28 23:01:44,184304388.0066,0.000000061,0.0000000000020935688,6523805,2019-01-28 23:01:44,btc,14.2758253952821,21252977.8091,0.000000061,btc,23954788.598,1.4767649918719,0.4931030467347,237
1,[],22,[],2019-01-28 23:01:56,10000.0,0.00000001,0.000000000000343208,6523806,2019-01-28 23:01:56,BTC,0.04103605,0.0,0.00000001,BTC,5179.0,0.0,0.0001,237
1,[],4,[],2019-01-28 23:01:57,3395168.491325,0.00000032,0.000000000010982656,6523807,2019-01-28 23:01:57,btc,0.3348822211486863,0.0,0.00000032,btc,938928.19042208,0.56846976,0.9733379491537265,238
1,[],5,[],2019-01-28 23:02:00,3.64e-06,0.00000031,0.000000000010639448,6523808,2019-01-28 23:02:00,btc,0.77442918,0.00290608,0.00000031,btc,2.855e-05,0.0,0.33248723,238
1,[],22,[],2019-01-28 23:02:04,261262.85,0.00000005,0.00000000000171604,6523809,2019-01-28 23:02:04,BTC,15.40997189,0.0,0.00000005,BTC,236142.18162280702,0.00120987,0.00866469,249
0.00000000008887960000000001,[],22,[],2019-01-28 23:02:07,2017551.25,3.555184e-18,1.220167590272e-22,6523810,2019-01-28 23:02:07,LTC,0.55145796,0.0,0.00000004,LTC,14667809.970555555,2.4217060163840002e-12,0.02461079,252
1,[],28,[],2019-01-28 23:02:39,2048897.319,0.00000008,0.000000000002745664,6523811,2019-01-28 23:02:39,btc,164692.83916179495,7489.7,0.00000008,btc,1287408.2807,0.0,0.07545856627,256
0,[],27,[],2019-01-28 23:02:42,0.0,0,0,6523812,2019-01-28 23:02:42,,4.96668,0.0,0,"btc,eth",90.59,0.0,0.0,257
1,[],22,[],2019-01-28 23:02:46,173085.0,0.00000001,0.000000000000343208,6523813,2019-01-28 23:02:46,BTC,35605.63426955,0.0,0.00000001,BTC,595094.1102695753,0.00435227,0.00173085,258
1,[],22,[],2019-01-26 20:58:41,368451.0,0.00000001,0.000000000000356135,6510120,2019-01-26 20:58:41,BTC,2.642917,0.0,0.00000001,"BTC,LTC",1862.0,0.0,0.02488451,259
1,[],22,[],2019-01-28 23:02:50,3440.8449032258063,0.00000775,0.0000000002659862,6523814,2019-01-28 23:02:50,BTC,4.68653298,0.0,0.00000775,BTC,6059.700866142444,0.00058456,0.02375359,262
1,[],5,[],2019-01-28 23:02:53,4.543e-05,0.00000226,0.000000000077565008,6523815,2019-01-28 23:02:53,btc,67781.61524406,0.44131213,0.00000226,btc,11111.11520369,0.0,0.25864399,264
1,[],20,[],2019-01-28 23:02:54,1779885.295,0.00000169,0.000000000058002152,6523816,2019-01-28 23:02:54,btc,5.2350838720284,14084.7565,0.00000169,btc,101033.1235,0.049301971839,0.0345008090266,264
1,[],22,[],2019-01-28 23:02:58,174754.0,0.00000003,0.000000000001029624,6523817,2019-01-28 23:02:58,BTC,2095.98870071,0.0,0.00000003,BTC,243260.0959888626,0.00024843,0.00424736,271
0,[],22,[],2019-01-28 23:03:00,0.0,0,0,6523818,2019-01-28 23:03:00,,242.59396368,0.0,0,,12792025291.9,0.0,0.0,272
0.0000000000000056,[],28,[],2019-01-28 23:03:17,215147894141.683,5.376e-21,1.8450862080000002e-25,6523819,2019-01-28 23:03:17,doge,51958736.680317216,29828398842.49,0.00000096,doge,139367257643.51862,0.0,5.705440253211354e-10,272
