pairValue,buyBook,exchangeId,sellBook,updated,buyTotal,satoshiPrice,usdPrice,exchangeLogId,created,bestPair,sellTotalBtc,volume,pairPrice,activePairs,sellTotal,volumeBtc,buyTotalBtc,coinId
1,[],28,[],2019-05-07 12:55:51,987.9,0.01131000,0.0000006715572629999999,7566592,2019-05-07 12:55:51,btc,0.160832048,316628.2,0.01131000,btc,8.7307,0.0,0.024551096,1
1,[],3,[],2019-05-07 13:04:35,30888.031309980008,0.0114848799999999993948218701689256704412400722503662109375,0.000000681913601512,7566734,2019-05-07 13:04:35,btc,3.869023628575718,12.408201298,0.0114848799999999993948218701689256704412400722503662109375,btc,26.862744777493,0.0,0.3590212650478247,1
1,[],4,[],2019-05-07 13:04:36,207729.48420185,0.01151385,0.000000683633692365,7566735,2019-05-07 13:04:36,btc,8.744026075338086,0.0,0.01151385,btc,372.50219203,3.54067781,0.5045520247698663,1
0,[],2,[],2019-01-20 23:28:45,0.0,0,0,6477011,2019-01-20 23:28:45,,0.0,0.0,0,,0.0,0.0,0.0,1
1,[],5,[],2019-05-07 12:55:34,0.0,0,0,7566583,2019-05-07 12:55:34,btc,0.0,0.01457776,0,btc,0.0,0.0,0.0,1
1,[],10,[],2019-05-07 12:55:36,185025.06585224,0.01005077,0.000000596787585521,7566584,2019-05-07 12:55:36,btc,6525.075613654619,1082.49796743,0.01005077,btc,1460.19498726,0.0,4.018613684501243,1
1,[],12,[],2019-05-07 12:55:39,69.4407902,0.011400000000000000410782519111307919956743717193603515625,0.00000067690122,7566585,2019-05-07 12:55:39,btc,0.2090651273737,0.0,0.011400000000000000410782519111307919956743717193603515625,btc,14.80911067,0.165390492251,0.2617426691089,1
1,[],20,[],2019-05-07 12:55:41,976.5617,0.010710341,0.0000006359511306593,7566586,2019-05-07 12:55:41,btc,0.0780600583409,0.0364,0.010710341,btc,5.1403,0.0004457912088,0.1791251621517,1
1,[],21,[],2019-05-07 12:55:42,1796.23854382,0.01143971000000000050322856993,0.000000679259092583,7566587,2019-05-07 12:55:42,btc,15.742839408893687,7566.5006673,0.01143971000000000050322856992579545476473867893218994140625,"btc,eth",1646.71253047,20.621835605555667,12.854998777689413,1
0,[],22,[],2019-05-07 12:55:46,0.0,0,0,7566588,2019-05-07 12:55:46,,0.3163308,0.0,0,,0.2527518593615956,0.0,0.0,1
1,[],24,[],2019-05-07 12:55:46,0.0,0.000000000000,0,7566589,2019-05-07 12:55:46,btc,0.0,0.0,0.000000000000,btc,0.0,0.0,0.0,1
0.0,[],25,[],2019-05-07 12:55:47,0.0,0,0,7566590,2019-05-07 12:55:47,btc,47.949999997918475,605.29879025,0.0,btc,4116.36273086,6.8286,0.0,1
1,[],26,[],2019-05-07 12:55:49,0.0,0,0,7566591,2019-05-07 12:55:49,,0.0,0.0,0,,0.0,0.0,0.0,1
1,[],5,[],2019-05-07 12:55:52,0.0,0,0,7566593,2019-05-07 12:55:52,btc,0.0,0.06080649,0,btc,0.0,0.0,0.0,2
1,[],22,[],2019-05-07 12:55:56,60848.0,0.00000002,0.000000000001187546,7566594,2019-05-07 12:55:56,BTC,21.00846647,0.0,0.00000002,"BTC,XMR",24148.96059725142,0.0,0.00199035,2
1,[],5,[],2019-05-07 12:55:58,0.0,0,0,7566595,2019-05-07 12:55:58,btc,0.0,0.09035018,0,btc,0.0,0.0,0.0,3
1,[],12,[],2019-05-07 12:55:59,2498771.10906821,0.000000159,0.0000000000094409907,7566596,2019-05-07 12:55:59,btc,2714595.5296674,0.0,0.000000159,btc,3975135.93152786,0.04811410028666096,0.27627264956180075,3
0,[],28,[],2019-05-07 12:56:01,0.0,0,0,7566597,2019-05-07 12:56:01,,0.0,0.0,0,,0.0,0.0,0.0,3
0,[],2,[],2019-01-20 23:31:32,0.0,0,0,6477077,2019-01-20 23:31:32,,0.0,0.0,0,,0.0,0.0,0.0,4
1,[],4,[],2019-04-26 19:14:12,610911.70993152,0.00000026,0.000000000013566046,7471614,2019-04-26 19:14:12,btc,31.457742656463164,0.0,0.00000026,btc,718733.71307795,0.00142695,0.0638464483338706,4
0,[],12,[],2019-04-25 23:08:22,0.0,0,0,7459310,2019-04-25 23:08:22,btc,1111851.94727753,0.0,0,btc,953412.0,0.0,0.0,5
1,[],11,[],2019-05-07 12:56:03,5106182.307535999,0.00000001,0.000000000000593773,7566598,2019-05-07 12:56:03,btc,9576.556401859494,406556.0,0.00000001,btc,47894201.75253575,0.0,0.05106182307536,6
0,[],2,[],2019-01-20 23:31:51,0.0,0,0,6477087,2019-01-20 23:31:51,,0.0,0.0,0,,0.0,0.0,0.0,6
1,[],3,[],2019-05-07 12:56:04,11064.0785680003,0.00019644000000000000978779557403441913265851326286792755126953125,0.000000011664076812,7566599,2019-05-07 12:56:04,btc,24.96121739199037,32.0018895808,0.00019644000000000000978779557403441913265851326286792755126953125,btc,309.781605034214,0.0,0.029363715164612426,7
1,[],4,[],2019-05-07 12:56:06,38125.46712425,0.00019001,0.000000011282280772999999,7566600,2019-05-07 12:56:06,btc,8.667556690131086,0.0,0.00019001,btc,36788.71597883,3.71841579,3.2233511522670533,7
1,[],5,[],2019-05-07 12:56:08,0.0,0,0,7566601,2019-05-07 12:56:08,btc,0.0,0.41331029,0,btc,0.0,0.0,0.0,7
1,[],20,[],2019-04-07 22:06:50,3201475.0482,0.000000001,0.000000000000051590000000000004,7213932,2019-04-07 22:06:50,btc,30.8005781811902,0.0,0.000000001,btc,23077405.3926,0.0,0.0032014750482,8
1,[],4,[],2019-05-07 12:56:10,22802309.47559974,0.00000085,0.000000000050470704999999995,7566602,2019-05-07 12:56:10,btc,4.803174388979913,0.0,0.00000085,btc,3597039.21670445,0.60873345,1.0246116823757472,9
1,[],28,[],2019-05-07 12:56:22,18055.0,0.00000021,0.000000000012469233,7566603,2019-05-07 12:56:22,btc,2708.774353000864,3492604.0,0.00000021,btc,24560.2792,0.0,0.00186155,9
0,[],2,[],2019-01-20 23:22:42,0.0,0,0,6476876,2019-01-20 23:22:42,,0.0,0.0,0,,0.0,0.0,0.0,9
0,[],23,[],2019-01-20 23:22:48,0.0,0,0,6476878,2019-01-20 23:22:48,,0.0,0.0,0,,0.0,0.0,0.0,9
1,[],1,[],2019-02-17 23:31:42,1822507.21,0.00000181000000000000003456111265232042484285557293333113193511962890625,0.000000000066086901,6701244,2019-02-17 23:31:42,btc,3.6990969245,17153386.5,0.00000181000000000000003456111265232042484285557293333113193511962890625,btc,1997391.71,31.11772986,3.2610482446,9
1,[],4,[],2019-02-17 11:22:43,4341674.27126056,0.00000002,0.0000000000007272960000000001,6696112,2019-02-17 11:22:43,btc,0.1997230937751353,0.0,0.00000002,btc,4109766.79808031,0.00215132,0.0479381022052112,10
1,[],4,[],2019-05-07 12:56:23,3165623.2549877,0.00000100,0.0000000000593773,7566604,2019-05-07 12:56:23,btc,6.1562333613247,0.0,0.00000100,btc,4373218.37114592,2.24373481,0.8263711352773213,12
1,[],5,[],2019-05-07 12:56:24,0.0,0,0,7566605,2019-05-07 12:56:24,btc,0.0,0.1554223,0,btc,0.0,0.0,0.0,12
0.0,[],25,[],2019-05-07 12:56:25,0.0,0,0,7566606,2019-05-07 12:56:25,,0.0,0.0,0.0,btc,0.0,0.0,0.0,12
0,[],2,[],2019-01-20 23:23:08,0.0,0,0,6476890,2019-01-20 23:23:08,,0.0,0.0,0,,0.0,0.0,0.0,12
1,[],4,[],2019-05-07 12:56:27,32037570.16602033,0.00000660,0.00000000039189018,7566607,2019-05-07 12:56:27,btc,3.10773391383842,0.0,0.00000660,btc,345820.59122845,0.42231976,1.1047677997136482,13
1,[],21,[],2019-05-07 12:56:30,1975990.90339331,0.000006579999999999999681066752133,0.00000000039070263399999996,7566608,2019-05-07 12:56:30,btc,9.533452930351054,481276.17891841,0.000006579999999999999681066752132974073674631654284894466400146484375,btc,1232484.45789106,3.29502681,10.740786595481623,13
1,[],10,[],2019-05-07 12:40:08,477936.47064681,0.00000632,0.00000000037421162399999995,7566328,2019-05-07 12:40:08,btc,666793.5798303831,5750.34744583,0.00000632,btc,742900.45708832,0.0,0.5120847790418542,13
1,[],4,[],2019-05-07 12:56:31,1141803.78116982,0.00000090,0.000000000053439569999999996,7566609,2019-05-07 12:56:31,btc,5.657580282656419,0.0,0.00000090,btc,1183825.28045049,0.01843279,0.2465690820247913,14
1,[],12,[],2019-05-07 12:56:32,254936.34609921,0.00000085,0.000000000050470705,7566610,2019-05-07 12:56:32,btc,0.11827195654366761,0.0,0.00000085,btc,14480.86895597,0.0003530899100899,0.0284662399999711,14
1,[],26,[],2019-05-07 12:56:33,0.0,0.00000050,0.00000000002968865,7566611,2019-05-07 12:56:33,btc,0.0,0.0,0.00000050,btc,0.0,0.0,0.0,14
0,[],17,[],2019-05-03 00:53:32,0.0,0,0,7558876,2019-05-03 00:53:32,btc,0.0,0.0,0,btc,0.0,0.0,0.0,14
0,[],4,[],2019-05-07 12:56:34,0.0,0,0,7566612,2019-05-07 12:56:34,,0.0,0.0,0,,0.0,0.0,0.0,15
,[],12,[],2018-12-01 15:15:48,204241.84496,0.00000489,0.000000000202473384,5260204,2018-12-01 15:15:48,btc,49.5475654835,0.0,,btc,35763.2193806,0.0163153972027625,0.0203389899998,15
1,[],4,[],2019-05-07 12:56:36,30604.66550857,0.00001303,0.0000000007736862189999999,7566613,2019-05-07 12:56:36,btc,1.0970257874613742,0.0,0.00001303,btc,13330.44783931,0.03360872,0.1093306214075233,18
1,[],10,[],2019-05-07 12:56:38,169645.44236038,0.00001374,0.000000000815844102,7566614,2019-05-07 12:56:38,btc,15.883794975569243,2746.56031062,0.00001374,btc,33887.34137272,0.0,0.5207387950927761,18
1,[],12,[],2019-05-07 12:56:39,221225.89803578,0.0000131900000000000007689682224309990488109178841114044189453125,0.000000000783186587,7566615,2019-05-07 12:56:39,btc,33215.32015176716,0.0,0.0000131900000000000007689682224309990488109178841114044189453125,btc,1228.2576162,0.000140451331,0.0164719959603133,18
0,[],2,[],2019-01-20 23:23:38,0.0,0,0,6476906,2019-01-20 23:23:38,,0.0,0.0,0,,0.0,0.0,0.0,18
0,[],17,[],2019-05-03 00:53:39,0.0,0,0,7558882,2019-05-03 00:53:39,btc,0.0,0.0,0,btc,0.0,0.0,0.0,18
1,[],3,[],2019-05-07 12:56:41,152783.57565828835,0.0000143300000000000000185788884277116039811517111957073211669921875,0.0000000008508767089999999,7566616,2019-05-07 12:56:41,btc,0.26273498520582617,629.976955908,0.0000143300000000000000185788884277116039811517111957073211669921875,btc,6470.289184939193,0.0,0.04332149401884439,19
1,[],4,[],2019-05-07 12:56:42,382003.57619545,0.00001542,0.000000000915597966,7566617,2019-05-07 12:56:42,btc,3.696523898147089,0.0,0.00001542,btc,119417.38195544,0.45848274,0.6610439990916301,19
1,[],5,[],2019-05-07 12:56:43,0.0,0,0,7566618,2019-05-07 12:56:43,btc,0.0,0.0001116,0,btc,0.0,0.0,0.0,19
1,[],12,[],2019-05-07 12:56:44,186998.29964056,0.000015119999999999999231088156081970197419650503434240818023681640625,0.0000000008977847759999999,7566619,2019-05-07 12:56:44,btc,0.2761110011740179,0.0,0.000015119999999999999231088156081970197419650503434240818023681640625,btc,2300.39413244,1.514e-05,0.0929643499995506,19
0,[],27,[],2019-05-07 12:56:57,0.0,0,0,7566620,2019-05-07 12:56:57,,0.0,0.0,0,btc,0.0,0.0,0.0,19
0,[],2,[],2019-01-20 23:24:19,0.0,0,0,6476924,2019-01-20 23:24:19,,0.0,0.0,0,,0.0,0.0,0.0,19
1,[],4,[],2019-05-07 12:56:58,1893069.11944487,0.00000010,0.00000000000593773,7566621,2019-05-07 12:56:58,btc,5.280175126319464,0.0,0.00000010,btc,2275880.8131896,0.00032894,0.0665075897814302,20
1,[],4,[],2019-05-07 12:56:59,75571248.68018357,0.00000001,0.000000000000593773,7566622,2019-05-07 12:56:59,btc,39333.275960112485,0.0,0.00000001,btc,54554651.93904999,0.01337471,0.7557124868018358,21
1,[],12,[],2019-05-07 12:57:01,3839997.0,0.00000001,0.000000000000593773,7566623,2019-05-07 12:57:01,btc,2895.660823185824,0.0,0.00000001,btc,7181972.54845151,0.0002199001998002,0.03839997,21
0,[],17,[],2019-05-03 00:53:51,0.0,0,0,7558891,2019-05-03 00:53:51,btc,0.0,0.0,0,btc,0.0,0.0,0.0,21
1,[],12,[],2019-05-07 12:40:32,8345503989.808,0.0000000005,0.000000000000029605350000000004,7566342,2019-05-07 12:40:32,btc,311119401335.85895,0.0,0.0000000005,btc,2835373210.9394655,0.35272873609666033,1.995482388104,23
0.0000000002982722,[],27,[],2019-05-07 12:40:45,6568187.0,5.965444000000001e-18,3.5321811505080003e-22,7566343,2019-05-07 12:40:45,eth,10132.030040686011,312211929.65999997,0.00000002,eth,4415346.3444,1.862482781564198e-09,2.2321877164894e-11,23
1,[],4,[],2019-05-07 12:57:03,808255.04237775,0.00000033,0.000000000019594509,7566624,2019-05-07 12:57:03,btc,13.93477453448147,0.0,0.00000033,btc,2125376.15041307,0.00827289,0.0903942771413931,24
1,[],22,[],2019-05-07 12:57:06,1021.76,0.00000100,0.0000000000593773,7566625,2019-05-07 12:57:06,BTC,7.415e-05,0.0,0.00000100,BTC,23.919354838709676,0.0,0.00011186,24
0.0,[],25,[],2019-05-07 12:57:08,0.0,0,0,7566626,2019-05-07 12:57:08,,0.0,0.0,0.0,btc,0.0,0.0,0.0,24
1,[],4,[],2019-05-07 12:57:08,26957375.00295112,0.00000541,0.000000000321231193,7566627,2019-05-07 12:57:08,btc,11.549151315743616,0.0,0.00000541,btc,303809.28775567,0.09540205,0.550263374303831,26
1,[],10,[],2019-05-07 12:57:10,117934.63530305,0.00000853,0.0000000005064883689999999,7566628,2019-05-07 12:57:10,btc,25.64091979768987,3166.73528847,0.00000853,btc,19769.05233809,0.0,0.0706618704601122,26
0,[],2,[],2019-01-20 23:25:56,0.0,0,0,6476976,2019-01-20 23:25:56,,0.0,0.0,0,,0.0,0.0,0.0,26
1,[],11,[],2019-04-30 04:16:17,7094566.83690364,0.00000006,0.000000000003115554,7518027,2019-04-30 04:16:17,btc,67504.138725751,6116.07566417,0.00000006,btc,6591680.7351637,0.0,0.38529422037817224,27
1,[],5,[],2019-04-26 09:47:06,0.0,0,0,7465326,2019-04-26 09:47:06,btc,0.0,0.0,0,btc,0.0,0.0,0.0,27
1,[],3,[],2019-04-28 02:38:55,141621.60361514,0.00000001,0.0000000000005253330000000001,7491060,2019-04-28 02:38:55,btc,2.501704004580372,921815.184511,0.00000001,btc,21091882.2176418,0.0,0.0014162160361513999,27
1,[],4,[],2019-05-07 12:57:12,1545619943.7832494,0.00000001,0.000000000000593773,7566629,2019-05-07 12:57:12,btc,4.861943230157076,0.0,0.00000001,"btc,ltc",273895960.73564094,0.71688899,9.873468394202085,29
1,[],7,[],2019-05-07 12:57:14,114231625.43132304,0.00000002,0.000000000001187546,7566630,2019-05-07 12:57:14,btc,46550610.465626255,606533.48551,0.00000002,btc,31586374.79457892,0.01213417,1.27355848482415,29
1,[],4,[],2019-05-07 12:57:16,1655651.55752064,0.00000012,0.000000000007125276,7566631,2019-05-07 12:57:16,btc,2.441713607516399,0.0,0.00000012,btc,1838777.01328282,0.07664615,0.055842902752301,30
0,[],17,[],2019-05-03 01:11:25,0.0,0,0,7559066,2019-05-03 01:11:25,btc,0.0,0.0,0,btc,0.0,0.0,0.0,30
1,[],4,[],2019-05-07 12:57:18,187083.53195861,0.00006043,0.0000000035881702389999997,7566632,2019-05-07 12:57:18,btc,6.216904654315573,0.0,0.00006043,btc,58211.6680435,1.25119709,0.9493869316418947,31
1,[],21,[],2019-05-07 12:57:19,88418.94836428,0.00006082999999999999865551991718,0.0000000036119211589999997,7566633,2019-05-07 12:57:19,btc,4.136265725590026,271485.12592717,0.0000608299999999999986555199171789354295469820499420166015625,btc,63987.07559097,17.85822277,4.935400456127352,31
0,[],2,[],2019-01-20 23:28:43,0.0,0,0,6477009,2019-01-20 23:28:43,,0.0,0.0,0,,0.0,0.0,0.0,32
0,[],4,[],2019-05-07 12:57:23,0.0,0,0,7566634,2019-05-07 12:57:23,,0.0,0.0,0,,0.0,0.0,0.0,33
1,[],12,[],2019-03-30 07:55:10,40641173.964,0.00000003,0.000000000001228359,7108785,2019-03-30 07:55:10,btc,4233210.82356125,0.0,0.00000003,btc,28378394.68333462,0.0126927883965248,0.90752895892,33
0,[],4,[],2019-05-07 12:57:26,0.0,0,0,7566635,2019-05-07 12:57:26,,3.7431764667241234,0.0,0,,150509238.26985812,0.01333175,0.0,34
1,[],5,[],2019-05-07 12:57:27,0.0,0,0,7566636,2019-05-07 12:57:27,btc,0.0,0.01499093,0,btc,0.0,0.0,0.0,34
0.000000000133684,[],4,[],2019-05-02 18:17:45,3384239970.6360936,1.3368400000000002e-18,7.293946092400001e-23,7556428,2019-05-02 18:17:45,ltc,5.381102735485169e-08,0.0,0.00000001,ltc,6862894551.7408495,0.0,4.524187362345155e-09,36
1,[],5,[],2019-05-02 18:17:46,0.0,0,0,7556429,2019-05-02 18:17:46,btc,0.0,0.0,0,btc,0.0,0.0,0.0,36
0.0000000002926451,[],17,[],2019-05-02 18:17:47,200000.0,2.9264510000000002e-18,1.596703856561e-22,7556430,2019-05-02 18:17:47,eth,0.20942468735267253,0.0,0.00000001,"btc,eth",1018272.20243647,0.0,5.852902e-13,36
0.000000000133684,[],27,[],2019-05-02 18:17:55,7883196.008,1.3368400000000002e-18,7.293946092400001e-23,7556431,2019-05-02 18:17:55,ltc,25567.4086131264,0.0,0.00000001,"ltc,eth",21753551.64,0.0,1.0538571751334722e-11,36
1,[],17,[],2019-05-03 01:11:36,211752.74075282,0.00000025,0.000000000013700074999999998,7559074,2019-05-03 01:11:36,btc,0.055484923955058496,0.0,0.00000025,"btc,eth",1387.19918473,0.0,0.0005381851887916605,37
1,[],4,[],2019-05-07 12:50:26,192655.0267148,0.00000025,0.00000000001482145,7566499,2019-05-07 12:50:26,btc,19772.676105217746,0.0,0.00000025,btc,833936.7337195,0.01626146,0.0183736748856843,37
1,[],12,[],2019-05-07 12:50:27,1134176.76293457,0.00000025,0.00000000001482145,7566500,2019-05-07 12:50:27,btc,61604.975154047126,0.0,0.00000025,btc,584265.04205838,0.02565244152847,0.1319113035794931,37
1,[],27,[],2019-05-07 12:50:38,1600.0,0.00000015,0.00000000000889287,7566501,2019-05-07 12:50:38,btc,24.12824334291843,77.0,0.00000015,btc,5839.49448498,2.695e-05,3e-05,37
1,[],5,[],2019-05-07 12:57:28,0.0,0,0,7566637,2019-05-07 12:57:28,btc,0.0,0.02686948,0,btc,0.0,0.0,0.0,42
1,[],12,[],2019-05-07 12:57:29,351593.31847446,0.00000088,0.000000000052252024,7566638,2019-05-07 12:57:29,btc,51.24120567061817,0.0,0.00000088,btc,30704.97515568,0.0169504682915047,0.0553432989999749,42
1,[],27,[],2019-05-07 12:57:36,3256.0,0.00000015,0.000000000008906594999999999,7566639,2019-05-07 12:57:36,btc,1.8179904929696,0.0,0.00000015,"btc,eth",2428.82344975,0.0,0.00024750000061623986,42
1,[],12,[],2019-03-13 09:13:29,1112112.0,0.00000001,0.000000000000386531,6919902,2019-03-13 09:13:29,btc,29058.00478931866,0.0,0.00000001,btc,5967681.93306694,9.99000999e-07,0.01112112,43
1,[],5,[],2019-04-26 22:38:52,0.0,0,0,7474154,2019-04-26 22:38:52,btc,0.0,0.02638891,0,btc,0.0,0.0,0.0,43
0,[],17,[],2019-04-26 22:38:53,0.0,0,0,7474155,2019-04-26 22:38:53,btc,0.0,0.0,0,btc,0.0,0.0,0.0,43
1,[],12,[],2019-03-05 01:54:08,639326.02,0.00000004,0.000000000001486676,6845775,2019-03-05 01:54:08,btc,11116042.728239931,0.0,0.00000004,btc,1103841.4595604,0.0003330765234764,0.014975410599999999,44
1,[],4,[],2019-05-07 12:57:37,132592500.4775676,0.00000001,0.000000000000593773,7566640,2019-05-07 12:57:37,btc,436.7796096741083,0.0,0.00000001,"btc,ltc",22914217.59564506,0.00190427,0.2982144773935604,49
0.0000000001291726,[],4,[],2019-05-07 12:57:38,131093510.70002925,7.2336656e-17,4.2951553243087996e-21,7566641,2019-05-07 12:57:38,ltc,21616.24462542065,0.0,0.00000056,ltc,97215158.06174465,0.04123626,1.6964951491317614e-09,52
0,[],22,[],2019-05-07 12:57:41,0.0,0,0,7566642,2019-05-07 12:57:41,,10304.87709543,0.0,0,,310505736.4566013,0.0,0.0,57
0.00000000029819020000000004,[],27,[],2019-05-07 12:57:50,10000.0,2.981902e-18,1.770572896246e-22,7566643,2019-05-07 12:57:50,eth,0.0,0.0,0.00000001,"btc,eth",0.0,0.0,2.981902e-14,57
0.0000000001291726,[],4,[],2019-05-07 12:57:51,1137495462.4045448,1.291726e-18,7.66992022198e-23,7566644,2019-05-07 12:57:51,ltc,19.111263380676125,0.0,0.00000001,ltc,5681894345.99197,0.0,1.469332463669973e-09,58
1,[],12,[],2019-05-07 12:57:53,1569861174.0,0.0000000001,0.0000000000000059377299999999996,7566645,2019-05-07 12:57:53,btc,11896833.098020853,0.0,0.0000000001,btc,4278593559.895105,0.00078606752117882,0.1569861174,58
0.0000000001129232,[],22,[],2019-05-07 12:57:57,137438.0,1.129232e-18,6.705074723359999e-23,7566646,2019-05-07 12:57:57,XMR,69.1795942,0.0,0.00000001,XMR,9887963.0,0.0,0.00137438,58
1,[],17,[],2019-05-03 01:12:09,1200000.0,0.0000000001,0.00000000000000548003,7559085,2019-05-03 01:12:09,btc,1e+24,0.0,0.0000000001,"btc,eth",39516342.31952568,0.0,0.00010000000058666061,58
1,[],5,[],2019-05-07 12:57:59,0.0,0,0,7566647,2019-05-07 12:57:59,btc,0.0,0.03074657,0,btc,0.0,0.0,0.0,61
1,[],22,[],2019-05-07 12:58:03,13613.833333333334,0.00000012,0.000000000007125276,7566648,2019-05-07 12:58:03,BTC,1002.29626883,0.0,0.00000012,BTC,15392.180177125656,0.0,0.00153269,61
1,[],26,[],2019-05-07 12:58:03,0.0,0.00000100,0.0000000000593773,7566649,2019-05-07 12:58:03,btc,0.0,0.0,0.00000100,btc,0.0,0.0,0.0,61
0.00000000029819020000000004,[],27,[],2019-05-07 12:58:14,100000.0,2.981902e-18,1.770572896246e-22,7566650,2019-05-07 12:58:14,eth,1.9482732497246655,0.0,0.00000001,"btc,eth",13266.51663696,0.0,2.9819020000000003e-13,61
1,[],28,[],2019-05-07 12:58:16,1039.304,0.00000008,0.000000000004750184,7566651,2019-05-07 12:58:16,btc,2.056501795415105,621.0,0.00000008,btc,10022.46650005,0.0,2.439304e-05,61
1,[],4,[],2019-05-07 12:51:33,1252486.83562384,0.00000110,0.00000000006521438,7566517,2019-05-07 12:51:33,btc,1.0748942906344754,0.0,0.00000110,btc,428144.10361193,0.07718977,0.8528119741681944,67
0.0,[],25,[],2019-05-07 12:51:35,0.0,0,0,7566518,2019-05-07 12:51:35,,0.0,0.0,0.0,btc,0.0,0.0,0.0,67
1,[],12,[],2019-05-07 12:58:18,623934.33333333,0.00000015,0.000000000008906594999999999,7566652,2019-05-07 12:58:18,btc,55556348.252341926,0.0,0.00000015,btc,1485057.49353085,0.00015288928072,0.0248284599999996,71
,[],5,[],2018-11-20 23:02:39,1.5e-07,0.00000005,0.000000000002128045,4862160,2018-11-20 23:02:39,btc,2.84511358,0.0,,btc,0.00036572,0.0,0.07381892,74
1,[],5,[],2019-05-07 13:00:19,0.0,0,0,7566653,2019-05-07 13:00:19,btc,0.0,0.02026475,0,btc,0.0,0.0,0.0,75
0,[],4,[],2019-05-07 13:00:21,0.0,0,0,7566654,2019-05-07 13:00:21,,133703.44050792317,0.0,0,,35150289.66593586,0.00045218,0.0,81
0,[],20,[],2019-01-25 09:30:31,0.0,0,0,6495923,2019-01-25 09:30:31,btc,0.0,0.0,0,btc,0.0,0.0,0.0,81
1,[],4,[],2019-05-07 13:00:24,30334.35068026,0.00007034,0.000000004176599281999999,7566655,2019-05-07 13:00:24,btc,18.575733396614577,0.0,0.00007034,btc,24899.354931,0.4838252,0.5512081967893832,82
1,[],21,[],2019-05-07 13:00:24,257673.57758067,0.00006752999999999999888172785845,0.000000004009749069,7566656,2019-05-07 13:00:24,btc,3.335932601311802,4364.23122507,0.000067529999999999998881727858446311074658297002315521240234375,btc,43333.07828353,0.29964659,2.013920969495635,82
0,[],17,[],2019-03-25 22:42:34,0.0,0,0,7038780,2019-03-25 22:42:34,btc,0.0445064681804024,0.0,0,btc,995513.18476001,0.0,0.0,84
0.00000000013644,[],4,[],2019-05-01 19:17:39,299701867.376,1.3644e-18,7.259508504e-23,7542161,2019-05-01 19:17:39,ltc,1.6769037726995486,0.0,0.00000001,ltc,427823536.87452894,0.00010978,4.089132278478144e-10,85
,[],22,[],2018-11-20 23:09:34,3408.1,0.0000001,0.0000000000041895,4862324,2018-11-20 23:09:34,BTC,0.04624735,0.0,,BTC,4990.0,0.0,0.00033081,86
1,[],22,[],2019-05-07 13:00:27,89999.0,0.00000001,0.000000000000593773,7566657,2019-05-07 13:00:27,BTC,3.66432991,0.0,0.00000001,BTC,332904.29736842104,0.00032209,0.00089999,87
1,[],27,[],2019-05-07 13:00:41,10674.0,0.00000001,0.000000000000593773,7566658,2019-05-07 13:00:41,btc,4.960707720736,0.0,0.00000001,btc,10175.62841,0.0,0.00010674,87
,[],2,[],2018-11-20 23:10:47,0.0,0,0,4862359,2018-11-20 23:10:47,,0.0,0.0,,,0.0,0.0,0.0,88
1,[],11,[],2019-05-07 13:00:44,91206.48856697,0.00014400000000000000364812346997922531954827718436717987060546875,0.0000000085503312,7566659,2019-05-07 13:00:44,btc,168.7357680485614,1128.99900895,0.00014400000000000000364812346997922531954827718436717987060546875,btc,161636.51991839,0.0,5.870892031622281,89
0,[],2,[],2019-01-20 23:31:45,0.0,0,0,6477083,2019-01-20 23:31:45,,0.0,0.0,0,,0.0,0.0,0.0,91
1,[],12,[],2019-05-07 13:00:45,397525.79115626,0.00000055,0.000000000032657515,7566660,2019-05-07 13:00:45,btc,73.20232914204239,0.0,0.00000055,btc,152301.65581625002,1.65e-08,0.0439776037999611,91
1,[],22,[],2019-05-07 13:00:49,76014.0,0.0000008,0.00000000004750184,7566661,2019-05-07 13:00:49,BTC,0.1,0.0,0.0000008,"BTC,LTC",1.0,0.0,0.0017135,91
0,[],17,[],2019-05-03 01:12:26,0.0,0,0,7559096,2019-05-03 01:12:26,btc,0.0,0.0,0,btc,0.0,0.0,0.0,91
1,[],22,[],2019-04-09 20:17:52,374949.73333333334,0.00000015,0.000000000007771935,7235704,2019-04-09 20:17:52,BTC,6.87372503,0.0,0.00000015,"BTC,LTC",159980.01196797504,1.1e-05,0.80510266,95
0.0000000001291726,[],4,[],2019-05-07 13:00:50,553860434.2269237,7.2336656e-17,4.2951553243087996e-21,7566662,2019-05-07 13:00:50,ltc,11.263507150234737,0.0,0.00000056,ltc,126853807.53315696,0.0633077,1.5289906418469273e-09,96
0,[],12,[],2019-05-07 13:00:51,0.0,0,0,7566663,2019-05-07 13:00:51,btc,25054.263517880074,0.0,0,btc,6821680.82664734,0.0,0.0,96
0,[],17,[],2019-05-03 01:12:32,0.0,0,0,7559100,2019-05-03 01:12:32,btc,0.0,0.0,0,btc,0.0,0.0,0.0,96
1,[],4,[],2019-04-14 03:32:46,1039404.33283278,0.00000038,0.000000000019245518,7293458,2019-04-14 03:32:46,btc,4.170086055365747,0.0,0.00000038,btc,3097704.34561074,0.06260606,0.1859928211030784,99
1,[],4,[],2019-05-07 13:00:53,326358.71570967,0.00003683,0.000000002186865959,7566664,2019-05-07 13:00:53,btc,6.565905483997677,0.0,0.00003683,btc,112148.80083063,0.32072536,0.4054903745929384,100
0,[],2,[],2019-01-20 23:23:55,0.0,0,0,6476914,2019-01-20 23:23:55,,0.0,0.0,0,,0.0,0.0,0.0,100
1,[],22,[],2019-05-07 13:00:56,130000.0,0.00000001,0.000000000000593773,7566665,2019-05-07 13:00:56,BTC,24.83526409,0.0,0.00000001,BTC,11187.719,0.0,0.0013,101
1,[],4,[],2019-05-07 13:00:57,545049.09839961,0.00000950,0.00000000056408435,7566666,2019-05-07 13:00:57,btc,339.22678192752,0.0,0.00000950,btc,284888.30809134,4.19777557,0.4654680294612204,103
1,[],12,[],2019-05-07 13:00:59,116315569.51292,0.000000005,0.0000000000002968865,7566667,2019-05-07 13:00:59,btc,468525102.2349725,0.0,0.000000005,btc,106864610.7400099,0.00225494675324686,0.24265953771276,105
1,[],27,[],2019-05-07 13:01:12,11976.0,0.00000001,0.000000000000593773,7566668,2019-05-07 13:01:12,btc,0.0689357688051137,0.0,0.00000001,btc,864584.59450753,0.0,0.00011976,105
1,[],22,[],2019-04-21 00:17:26,21333.0,0.00000001,0.000000000000532493,7385819,2019-04-21 00:17:26,BTC,51.38182867,0.0,0.00000001,BTC,470435.0,0.0,0.00021333,107
1,[],26,[],2019-04-21 00:17:26,0.0,0.00000000,0,7385820,2019-04-21 00:17:26,btc,0.0,0.0,0.00000000,btc,0.0,0.0,0.0,107
1,[],5,[],2019-05-07 13:01:14,0.0,0,0,7566669,2019-05-07 13:01:14,btc,0.0,0.00141372,0,btc,0.0,0.0,0.0,112
0,[],22,[],2019-05-07 13:01:16,0.0,0,0,7566670,2019-05-07 13:01:16,,2.79003697,0.0,0,,1380942.0833333333,0.0,0.0,112
1,[],27,[],2019-05-07 13:01:29,1.0,0.00000001,0.000000000000593773,7566671,2019-05-07 13:01:29,btc,1.25032588,0.0,0.00000001,"btc,eth",1819.0,0.0,1e-08,112
1,[],4,[],2019-05-07 13:01:31,359608.29847874,0.00000160,0.00000000009500368,7566672,2019-05-07 13:01:31,btc,5.229847230595515,0.0,0.00000160,btc,523187.24624803,0.1120299,0.2449890862708688,113
1,[],5,[],2019-05-07 13:01:32,0.0,0,0,7566673,2019-05-07 13:01:32,btc,0.0,0.0,0,btc,0.0,0.0,0.0,113
1,[],17,[],2019-04-26 02:17:47,162738.278,0.00000004,0.0000000000021069000000000002,7461287,2019-04-26 02:17:47,btc,1.3331140273775473,0.0,0.00000004,btc,51796.221,0.0,0.00230953112,116
0,[],27,[],2019-04-26 02:19:51,0.0,0,0,7461288,2019-04-26 02:19:51,,0.0,0.0,0,,0.0,0.0,0.0,116
1,[],4,[],2019-05-07 13:01:33,136392.6735093,0.00001025,0.000000000608617325,7566674,2019-05-07 13:01:33,btc,132.24293692487188,0.0,0.00001025,btc,270691.69208767,0.05316468,1.0935854288035582,120
1,[],7,[],2019-05-07 13:01:34,9484.09353241,0.00001167999999999999997967771447893170488896430470049381256103515625,0.0000000006935268639999999,7566675,2019-05-07 13:01:34,btc,231185.89204203463,0.0,0.00001167999999999999997967771447893170488896430470049381256103515625,btc,4114.85498974,0.0,0.0181706894391652,120
1,[],20,[],2019-04-07 18:42:29,1914137.0852,0.000000035,0.0000000000017871910000000002,7211992,2019-04-07 18:42:29,btc,32.2497668025648,25528.85,0.000000035,btc,1001975.4986,0.00089350975,0.0152723574729,125
1,[],22,[],2019-05-07 13:01:38,110000.0,0.00000001,0.000000000000593773,7566676,2019-05-07 13:01:38,BTC,0.032061,0.0,0.00000001,BTC,299316.7611111111,0.0,0.0011,126
1,[],4,[],2019-05-07 13:01:39,1860813.04305819,0.00000958,0.000000000568834534,7566677,2019-05-07 13:01:39,btc,3.708388107941148,0.0,0.00000958,btc,167450.90123804,0.09373715,0.5097267575346961,131
0,[],2,[],2019-01-20 23:25:46,0.0,0,0,6476969,2019-01-20 23:25:46,,0.0,0.0,0,,0.0,0.0,0.0,131
1,[],17,[],2019-05-03 01:13:10,10000.0,0.00000001,0.000000000000548003,7559115,2019-05-03 01:13:10,btc,0.0953976503951408,0.0,0.00000001,btc,5037.62507334,0.0,0.0001,131
1,[],4,[],2019-05-07 13:01:40,4709.83550094,0.00012777,0.000000007586637620999999,7566678,2019-05-07 13:01:40,btc,6.011526130532105,0.0,0.00012777,btc,191.61415747,0.0,0.0079768379600951,135
1,[],3,[],2019-05-07 13:01:41,530498.0,0.00000001,0.000000000000593773,7566679,2019-05-07 13:01:41,btc,0.0934057631805504,129896.5,0.00000001,btc,1024104.34967245,0.0,0.00530498,136
1,[],4,[],2019-05-07 13:01:42,3425745.23830743,0.00000209,0.000000000124098557,7566680,2019-05-07 13:01:42,btc,319.56832569882414,0.0,0.00000209,btc,511056.12983645,0.15872043,0.7515202693700769,137
1,[],12,[],2019-05-07 13:01:43,331387.52109634,0.00000207999999999999999057936732327345197290924261324107646942138671875,0.00000000012350478399999998,7566681,2019-05-07 13:01:43,btc,48520.51118772467,0.0,0.00000207999999999999999057936732327345197290924261324107646942138671875,btc,41597.92680232,0.0035297090009681,0.0381775399999503,137
1,[],4,[],2019-05-07 13:01:44,45898.69227347,0.00003653,0.000000002169052769,7566682,2019-05-07 13:01:44,btc,5.336744131004916,0.0,0.00003653,btc,72028.51685835,0.243531,0.1658620268690842,142
1,[],5,[],2019-05-07 13:01:45,0.0,0,0,7566683,2019-05-07 13:01:45,btc,0.0,0.16754337,0,btc,0.0,0.0,0.0,142
1,[],20,[],2019-05-07 13:01:48,167603.1901,0.00003401,0.000000002019421973,7566684,2019-05-07 13:01:48,btc,1.7086003245498,0.0,0.00003401,btc,8215.5399,0.0,0.060010579467,142
1,[],22,[],2019-05-07 13:01:51,1370.0,0.00000200,0.0000000001187546,7566685,2019-05-07 13:01:51,BTC,3.2756588,0.0,0.00000200,BTC,1135.5948275773155,0.0,0.0003632,142
0.0,[],25,[],2019-05-07 13:01:52,0.0,0,0,7566686,2019-05-07 13:01:52,,0.0,0.0,0.0,btc,0.0,0.0,0.0,142
1,[],28,[],2019-05-07 13:02:05,79102.0,0.00003311,0.000000001965982403,7566687,2019-05-07 13:02:05,btc,0.0580251924,237364.0,0.00003311,btc,463.37303,0.0,0.07347342,142
1,[],17,[],2019-05-03 01:13:16,32967.38636364,0.00000088,0.000000000048224264,7559122,2019-05-03 01:13:16,btc,20.06976206696776,0.0,0.00000088,btc,2746.079105,0.0,0.0105613000000032,142
0,[],22,[],2019-05-07 13:02:08,0.0,0,0,7566688,2019-05-07 13:02:08,,66.66505393,0.0,0,,938775805.8,0.0,0.0,143
0,[],22,[],2019-02-25 15:42:22,0.0,0,0,6783783,2019-02-25 15:42:22,,4.2131946,0.0,0,,2322156.0,0.0,0.0,146
,[],22,[],2018-11-20 23:01:11,0.0,0,0,4862114,2018-11-20 23:01:11,,2.56807021,0.0,,,61828.4988236,0.0,0.0,147
1,[],12,[],2019-04-21 06:38:04,193091.5971266,0.00000071,0.000000000037635183,7388679,2019-04-21 06:38:04,btc,2.301232411611175,0.0,0.00000071,btc,9957.48302385,0.00023528,0.0313308199999888,148
1,[],4,[],2019-03-19 21:31:25,255810.0415942,0.00000029,0.000000000011615747,6982695,2019-03-19 21:31:25,btc,218.94922712414143,0.0,0.00000029,btc,793529.37642722,0.00117,0.0608347789473395,152
0,[],22,[],2019-03-19 21:31:27,0.0,0,0,6982696,2019-03-19 21:31:27,,0.0,0.0,0,,0.0,0.0,0.0,152
1,[],5,[],2019-04-26 09:36:59,0.0,0,0,7465040,2019-04-26 09:36:59,btc,0.0,0.0,0,btc,0.0,0.0,0.0,153
,[],16,[],2019-01-11 15:38:59,0.0,0,0,6366141,2019-01-11 15:38:59,btc,0.0,0.0,,btc,0.0,0.0,0.0,155
0,[],22,[],2019-05-07 13:02:10,0.0,0,0,7566689,2019-05-07 13:02:10,,6.80191271,0.0,0,,4673448.342592592,0.0,0.0,156
0,[],23,[],2019-01-20 23:24:29,0.0,0,0,6476932,2019-01-20 23:24:29,,0.0,0.0,0,,0.0,0.0,0.0,156
1,[],22,[],2019-05-07 13:02:14,7066.0,0.00000800,0.0000000004750184,7566690,2019-05-07 13:02:14,BTC,1.79802465,0.0,0.00000800,BTC,802.6461988741639,0.0,0.00062996,157
0,[],22,[],2019-05-07 13:02:16,0.0,0,0,7566691,2019-05-07 13:02:16,,50234.60468402,0.0,0,,54786159.03179465,0.0,0.0,158
,[],17,[],2018-11-20 22:56:10,0.0,0,0,4861976,2018-11-20 22:56:10,btc,1.1265625,0.0,,btc,1000.0,0.0,0.0,159
,[],20,[],2018-11-20 22:56:12,0.0,0,0,4861977,2018-11-20 22:56:12,btc,11912.7940471,0.0,,btc,34413894.3617,0.0,0.0,159
1,[],12,[],2019-05-07 13:02:16,263995.23978303,0.000003700000000000000150205368976141784287392511032521724700927734375,0.00000000021969600999999999,7566692,2019-05-07 13:02:16,btc,13.565093969765512,0.0,0.000003700000000000000150205368976141784287392511032521724700927734375,btc,11929.20412762,0.0035320820367624,0.0475378292630007,168
1,[],17,[],2019-05-03 01:13:36,42852.0,0.00000002,0.000000000001096006,7559132,2019-05-03 01:13:36,btc,0.04279856251542,0.0,0.00000002,btc,274.46171372,0.0,0.00052852,168
1,[],22,[],2019-05-07 03:57:18,743122.0,0.00000001,0.000000000000593596,7562020,2019-05-07 03:57:18,BTC,41.40912107,0.0,0.00000001,BTC,1593401.2737547632,0.00342649,0.00743122,169
1,[],22,[],2019-05-07 13:02:20,193976.0,0.00000002,0.000000000001187546,7566693,2019-05-07 13:02:20,BTC,30.18748138,0.0,0.00000002,BTC,436527.35474695155,7.016e-05,0.00194052,171
0.0000000001291726,[],22,[],2019-05-07 13:02:23,94400.0,1.2917260000000001e-17,7.66992022198e-22,7566694,2019-05-07 13:02:23,LTC,22.16462449,0.0,0.0000001,LTC,653634.9264972081,0.0,0.00098,173
1,[],5,[],2019-05-06 19:49:32,0.0,0,0,7559281,2019-05-06 19:49:32,btc,0.0,0.00023336,0,btc,0.0,0.0,0.0,175
1,[],22,[],2019-05-07 13:02:26,90671.0,0.00000001,0.000000000000593773,7566695,2019-05-07 13:02:26,BTC,394.0276142,0.0,0.00000001,BTC,136275.61833431243,3.68e-05,0.00090671,176
1,[],7,[],2019-05-07 13:02:27,0.0,0,0,7566696,2019-05-07 13:02:27,btc,520270.96578817914,0.0,0,btc,27653386.48336857,0.0,0.0,178
0,[],22,[],2019-05-07 13:02:29,0.0,0,0,7566697,2019-05-07 13:02:29,,1.00242428,0.0,0,,57512.0,0.0,0.0,178
0,[],2,[],2019-01-20 23:28:34,0.0,0,0,6477001,2019-01-20 23:28:34,,0.0,0.0,0,,0.0,0.0,0.0,178
1,[],5,[],2019-05-07 13:02:30,0.0,0,0,7566698,2019-05-07 13:02:30,btc,0.0,0.37123525,0,btc,0.0,0.0,0.0,179
1,[],22,[],2019-05-07 13:02:33,3085038.0,0.00000001,0.000000000000593773,7566699,2019-05-07 13:02:33,BTC,5.58952945,0.0,0.00000001,BTC,13941180.711946676,0.02291198,0.03085038,179
0,[],23,[],2019-01-20 23:25:08,0.0,0,0,6476952,2019-01-20 23:25:08,,0.0,0.0,0,,0.0,0.0,0.0,179
1,[],22,[],2019-05-07 13:02:37,641258.971048321,0.0000008,0.00000000004750184,7566700,2019-05-07 13:02:37,BTC,39.28291866,0.0,0.0000008,"BTC,LTC",153547.80311938145,0.00201847,0.55417964,180
1,[],26,[],2019-05-07 13:02:37,0.0,0.00000120,0.00000000007125275999999999,7566701,2019-05-07 13:02:37,btc,0.0,0.0,0.00000120,btc,0.0,0.0,0.0,180
1,[],17,[],2019-05-03 01:13:56,20504.725000000002,0.0000001,0.00000000000548003,7559141,2019-05-03 01:13:56,btc,5.2010695838400265,0.0,0.0000001,btc,5033.45945,0.0,0.0011504725,180
,[],7,[],2018-11-20 22:58:01,562227.975654,0.00000085,0.000000000036176765,4862015,2018-11-20 22:58:01,btc,21836.6059674,2491.87645172,,btc,749999.041456,0.00211021,0.127565380455,183
,[],5,[],2019-01-10 08:11:41,0.0,0,0,6347036,2019-01-10 08:11:41,btc,82.15055501,0.00261,,btc,1.19002445,0.0,0.0,187
1,[],24,[],2019-04-30 17:34:05,0.0,0.000000000014,7.396256000000001e-16,7526291,2019-04-30 17:34:05,btc,0.0,0.0,0.000000000014,btc,0.0,0.0,0.0,187
,[],17,[],2018-11-16 20:58:10,4062536.27273,0.00000001,0.000000000000550501,4708775,2018-11-16 20:58:10,btc,3.36492563466,0.195460381006,,"btc,eth",110697919.549,0.0,0.0157628953496,187
0,[],22,[],2019-04-25 02:54:07,0.0,0,0,7447896,2019-04-25 02:54:07,,7.54794454,0.0,0,,76361.7243344055,0.0,0.0,191
0,[],22,[],2019-05-07 13:02:42,0.0,0,0,7566702,2019-05-07 13:02:42,,0.0,0.0,0,,0.0,0.0,0.0,197
0,[],23,[],2019-01-20 23:31:41,0.0,0,0,6477079,2019-01-20 23:31:41,,0.0,0.0,0,,0.0,0.0,0.0,199
0.0000000001291726,[],22,[],2019-05-07 13:02:45,54734331.0,2.583452e-18,1.533984044396e-22,7566703,2019-05-07 13:02:45,LTC,18.75578347,0.0,0.00000002,LTC,35255414.0,0.0,0.64068281,199
1,[],26,[],2019-05-07 13:02:45,0.0,0.00000000,0,7566704,2019-05-07 13:02:45,btc,0.0,0.0,0.00000000,btc,0.0,0.0,0.0,199
0,[],2,[],2019-01-20 23:30:49,0.0,0,0,6477059,2019-01-20 23:30:49,,0.0,0.0,0,,0.0,0.0,0.0,201
1,[],4,[],2019-01-25 15:51:35,2084389.58565343,0.00000936,0.000000000333526752,6499557,2019-01-25 15:51:35,btc,2.0092503037378524,0.0,0.00000936,btc,160195.80207885,0.19272417,1.242687955921835,211
1,[],7,[],2019-05-07 13:02:49,13679230.70020256,0.00000087,0.000000000051658251,7566705,2019-05-07 13:02:49,btc,15559126.12198091,600233.871837,0.00000087,btc,12018978.89419553,0.0,1.8230557731463373,212
1,[],5,[],2019-05-07 13:02:51,0.0,0,0,7566706,2019-05-07 13:02:51,btc,0.0,0.43032184,0,btc,0.0,0.0,0.0,213
1,[],24,[],2019-05-07 13:02:52,0.0,0.000000050000,0.000000000002968865,7566707,2019-05-07 13:02:52,btc,0.0,0.0,0.000000050000,btc,0.0,0.0,0.0,213
1,[],26,[],2019-05-07 13:02:52,0.0,0.00000040,0.00000000002375092,7566708,2019-05-07 13:02:52,btc,0.0,0.0,0.00000040,btc,0.0,0.0,0.0,213
1,[],12,[],2019-01-25 02:44:32,207462.42853209,0.000001080000000000000035831255497387193287295303889550268650054931640625,0.000000000038610756000000006,6493050,2019-01-25 02:44:32,btc,85023.03793723314,0.0,0.000001080000000000000035831255497387193287295303889550268650054931640625,btc,43675.73520027,0.000146250909087,0.0348620860622024,213
0,[],22,[],2019-05-07 13:02:56,0.0,0,0,7566709,2019-05-07 13:02:56,,11.27089216,0.0,0,,2262454.2040649247,0.0,0.0,216
1,[],27,[],2019-05-07 13:03:05,36097.0,0.00000001,0.000000000000593773,7566710,2019-05-07 13:03:05,btc,58.92187219803932,22750.0,0.00000001,"btc,ltc",213050.497308,0.0002275,0.00036097,216
1,[],22,[],2019-05-07 13:03:08,317814.4632352941,0.00000136,0.000000000080753128,7566711,2019-05-07 13:03:08,BTC,12055.01776535,0.0,0.00000136,BTC,442920.99703465856,0.01623002,0.09446394,217
1,[],7,[],2019-05-07 13:03:10,0.0,0,0,7566712,2019-05-07 13:03:10,btc,111302.56967336107,0.0,0,btc,137382971.78428552,0.0,0.0,219
0,[],27,[],2019-05-07 13:03:16,0.0,0,0,7566713,2019-05-07 13:03:16,,0.01810337,0.0,0,btc,1580037.0,0.0,0.0,219
0.0000000000000044000000000000005,[],28,[],2019-05-07 13:03:19,489172109.014,2.6400440000000003e-18,1.567586846012e-22,7566714,2019-05-07 13:03:19,doge,3650161.3072620197,26794.15,0.00060001,"btc,doge",44741760.5033,0.0,2.828481345591537e-11,219
1,[],22,[],2019-05-07 13:03:22,405857.0,0.00000005,0.000000000002968865,7566715,2019-05-07 13:03:22,BTC,56.83025662,0.0,0.00000005,BTC,168795.81494054076,0.0,0.01336485,221
1,[],24,[],2019-05-07 13:03:22,0.0,0.000000010000,0.000000000000593773,7566716,2019-05-07 13:03:22,btc,0.0,0.0,0.000000010000,btc,0.0,0.0,0.0,221
1,[],20,[],2019-05-07 13:03:24,12215979.1583,0.00000001,0.000000000000593773,7566717,2019-05-07 13:03:24,btc,100092.89446225954,242411.381,0.00000001,btc,22929825.5625,0.0031891439494,0.0533295320409,224
0,[],22,[],2019-05-07 13:03:26,0.0,0,0,7566718,2019-05-07 13:03:26,,0.0,0.0,0,,0.0,0.0,0.0,224
1,[],26,[],2019-05-07 13:03:27,0.0,0.00000026,0.000000000015438097999999998,7566719,2019-05-07 13:03:27,btc,0.0,0.0,0.00000026,btc,0.0,0.0,0.0,231
1,[],26,[],2019-05-07 13:03:27,0.0,0.00000005,0.000000000002968865,7566720,2019-05-07 13:03:27,btc,0.0,0.0,0.00000005,btc,0.0,0.0,0.0,234
0.00000000029819020000000004,[],27,[],2019-05-07 13:03:35,10000.0,2.981902e-18,1.770572896246e-22,7566721,2019-05-07 13:03:35,eth,0.01134836604,0.0,0.00000001,"btc,eth",11462.996,0.0,2.981902e-14,234
1,[],4,[],2019-04-29 21:02:20,217188.93193785,0.00000080,0.00000000004151584,7514327,2019-04-29 21:02:20,btc,5.239800103892936,0.0,0.00000080,btc,797346.30008933,0.0,0.0590549781555679,236
1,[],24,[],2019-04-29 21:02:20,0.0,0.000000100000,0.00000000000518948,7514328,2019-04-29 21:02:20,btc,0.0,0.0,0.000000100000,btc,0.0,0.0,0.0,236
1,[],5,[],2019-05-06 20:53:15,0.0,0,0,7559637,2019-05-06 20:53:15,btc,0.0,0.20253514,0,btc,0.0,0.0,0.0,237
1,[],20,[],2019-05-06 20:53:18,38173217.6136,0.000000083,0.0000000000047460728,7559638,2019-05-06 20:53:18,btc,21342.514614200165,8832375.7238,0.000000083,btc,27701499.3386,0.7554403456107,1.3621107610479,237
1,[],22,[],2019-05-06 20:53:20,343938.0,0.00000009,0.000000000005146344,7559639,2019-05-06 20:53:20,BTC,1.20267422,0.0,0.00000009,BTC,17930.94871794872,0.0,0.01017442,237
1,[],4,[],2019-05-07 13:03:36,10044991.93335225,0.00000016,0.000000000009500368,7566722,2019-05-07 13:03:36,btc,3.166084826955048,0.0,0.00000016,btc,8287447.80033249,0.66425627,0.8957450829455555,238
1,[],5,[],2019-05-07 13:03:38,0.0,0,0,7566723,2019-05-07 13:03:38,btc,0.0,0.03552736,0,btc,0.0,0.0,0.0,238
0,[],22,[],2019-03-12 16:49:32,0.0,0,0,6914458,2019-03-12 16:49:32,,0.40415746,0.0,0,,526736.5639027493,0.0,0.0,249
0,[],22,[],2019-05-07 13:03:41,0.0,0,0,7566724,2019-05-07 13:03:41,,3.32273884,0.0,0,,28649313.771216933,0.0,0.0,252
1,[],28,[],2019-05-07 13:03:43,41981158.508,0.00000042,0.000000000024938466,7566725,2019-05-07 13:03:43,btc,3.633006075279,406987.0562,0.00000042,btc,2997675.8961,0.0,0.72017420688,256
1,[],22,[],2019-05-07 13:03:45,1088993.5,0.00000002,0.000000000001187546,7566726,2019-05-07 13:03:45,BTC,21.88116616,0.0,0.00000002,BTC,522884.63333384093,2.75e-06,0.01124633,258
1,[],22,[],2019-03-13 00:07:30,47146.0,0.00000001,0.000000000000387233,6917028,2019-03-13 00:07:30,BTC,2.415167,0.0,0.00000001,BTC,157.0,0.0,0.00047146,259
1,[],5,[],2019-05-07 13:03:47,0.0,0,0,7566727,2019-05-07 13:03:47,btc,0.0,0.38401575,0,btc,0.0,0.0,0.0,264
1,[],20,[],2019-05-07 13:03:49,1263570.0271,0.000001064,0.0000000000631774472,7566728,2019-05-07 13:03:49,btc,4.8269570006036,60269.7202,0.000001064,btc,95751.7266,0.0765687566963,0.0270051693305,264
0,[],22,[],2019-04-12 17:57:27,0.0,0,0,7278186,2019-04-12 17:57:27,,66.37522201,0.0,0,,677842.4169881374,0.0,0.0,271
0,[],22,[],2019-05-07 13:03:51,0.0,0,0,7566729,2019-05-07 13:03:51,,33051802.3172899,0.0,0,,15696307799.7,0.0,0.0,272
0.0000000000000044000000000000005,[],28,[],2019-05-07 13:03:53,398637513768.5,1.056e-21,6.27024288e-26,7566730,2019-05-07 13:03:53,doge,26838969.841179468,1017930649.0,0.00000024,doge,353904979136.509,0.0,2.2468712724748402e-10,272
1,[],22,[],2019-05-07 13:03:57,168039.7,0.00000013,0.000000000007719048999999999,7566731,2019-05-07 13:03:57,BTC,427.42495672,0.0,0.00000013,BTC,249705.37764460206,0.0,0.00918978,281
1,[],22,[],2019-05-07 13:04:03,109871.1,0.00000002,0.000000000001187546,7566732,2019-05-07 13:04:03,BTC,536.90561567,0.0,0.00000002,"BTC,LTC",626917.2922801868,3.7e-06,0.00734874,286
0,[],22,[],2019-05-07 13:04:05,0.0,0,0,7566733,2019-05-07 13:04:05,,7337883.29829334,0.0,0,,1299453029.2797825,0.0,0.0,294
