pairValue,buyBook,exchangeId,sellBook,updated,buyTotal,satoshiPrice,usdPrice,exchangeLogId,created,bestPair,sellTotalBtc,volume,pairPrice,activePairs,sellTotal,volumeBtc,buyTotalBtc,coinId
1,[],3,[],2019-02-19 12:24:46,30557.167541370465,0.01301265000000000060520477518366533331573009490966796875,0.00000050742828675,6720094,2019-02-19 12:24:46,btc,107.08060242577237,4.4479,0.01301265000000000060520477518366533331573009490966796875,btc,22.574112088377,0.0,0.28382123692228595,1
1,[],4,[],2019-02-19 12:24:47,94.17146365,0.01312171,0.00000051168108145,6720095,2019-02-19 12:24:47,btc,0.7854730304344139,0.0,0.01312171,btc,54.6192751,1.28514104,1.1518245812674797,1
1,[],5,[],2019-02-19 12:24:49,0.0,0,0,6720096,2019-02-19 12:24:49,btc,0.0,0.19945814,0,btc,0.0,0.0,0.0,1
1,[],10,[],2019-02-19 12:24:51,414159.10504113,0.01190401,0.00000046419686995,6720097,2019-02-19 12:24:51,btc,6521.058802525623,1482.18043481,0.01190401,btc,919.83795798,0.0,4.725854781587193,1
1,[],12,[],2019-02-19 12:24:55,10442.53265022,0.01306000000000000042799097599299784633331000804901123046875,0.0000005092747000000001,6720098,2019-02-19 12:24:55,btc,0.34403906293590003,0.0,0.01306000000000000042799097599299784633331000804901123046875,btc,19.10459683,0.226915691782,0.4275868934541,1
1,[],20,[],2019-02-19 12:24:57,1151.1263,0.010500214,0.00000040945584493,6720099,2019-02-19 12:24:57,btc,0.0588401269655,0.0098,0.010500214,btc,2.6354,0.0001029020776,0.0961852616737,1
1,[],21,[],2019-02-19 12:24:59,2467.6392539,0.01310000000000000053290705182,0.0000005108345,6720100,2019-02-19 12:24:59,btc,25.577443225035886,3548.56794306,0.01310000000000000053290705182007513940334320068359375,"btc,eth",2300.68507424,39.753354858765626,24.02072227258573,1
1,[],22,[],2019-02-19 12:25:06,0.0163776,0.01300000,0.000000506935,6720101,2019-02-19 12:25:06,BTC,0.31423927,0.0,0.01300000,BTC,0.11751954901960784,0.0,0.00020972,1
1,[],24,[],2019-02-19 12:25:06,0.0,0.000000000000,0,6720102,2019-02-19 12:25:06,btc,0.0,0.0,0.000000000000,btc,0.0,0.0,0.0,1
0.0,[],25,[],2019-02-19 12:25:07,0.0,0,0,6720103,2019-02-19 12:25:07,btc,27.26569999734317,566.78215676,0.0,btc,2039.38927052,7.5443,0.0,1
1,[],26,[],2019-02-19 12:25:16,0.0,0,0,6720104,2019-02-19 12:25:16,,0.0,0.0,0,,0.0,0.0,0.0,1
1,[],28,[],2019-02-19 12:25:19,992.968,0.01231000,0.00000048002845,6720105,2019-02-19 12:25:19,btc,0.162839806,17750.35,0.01231000,btc,8.9,0.0,0.086870176,1
0,[],2,[],2019-01-20 23:28:45,0.0,0,0,6477011,2019-01-20 23:28:45,,0.0,0.0,0,,0.0,0.0,0.0,1
1,[],5,[],2019-02-19 12:25:20,0.0,0,0,6720106,2019-02-19 12:25:20,btc,0.0,0.00331667,0,btc,0.0,0.0,0.0,2
0,[],22,[],2019-02-19 12:25:25,0.0,0,0,6720107,2019-02-19 12:25:25,,0.0,0.0,0,,0.0,0.0,0.0,2
1,[],5,[],2019-02-19 12:25:27,0.0,0,0,6720108,2019-02-19 12:25:27,btc,0.0,0.02503957,0,btc,0.0,0.0,0.0,3
1,[],12,[],2019-02-19 12:25:29,12321987.99287912,0.000000172,0.0000000000067071400000000004,6720109,2019-02-19 12:25:29,btc,924398.313436519,0.0,0.000000172,btc,9075819.8619564,0.03631893783258613,0.5204415019655736,3
0,[],28,[],2019-02-19 12:25:30,0.0,0,0,6720110,2019-02-19 12:25:30,,0.0,0.0,0,,0.0,0.0,0.0,3
0,[],2,[],2019-01-20 23:31:32,0.0,0,0,6477077,2019-01-20 23:31:32,,0.0,0.0,0,,0.0,0.0,0.0,4
1,[],4,[],2019-02-19 12:25:31,400705.04836527,0.00000032,0.0000000000124784,6720111,2019-02-19 12:25:31,btc,0.384785387488259,0.0,0.00000032,btc,337830.34099658,0.0,0.0548027983140441,4
1,[],12,[],2019-02-19 12:25:32,1351022.18866667,0.00000003,0.00000000000116985,6720112,2019-02-19 12:25:32,btc,11113878.272371836,0.0,0.00000003,btc,1233939.19484872,0.00039417,0.0216563404400001,5
0,[],2,[],2019-01-20 23:31:51,0.0,0,0,6477087,2019-01-20 23:31:51,,0.0,0.0,0,,0.0,0.0,0.0,6
1,[],11,[],2019-02-19 12:25:34,1381209.5,0.00000002,0.0000000000007799,6720113,2019-02-19 12:25:34,btc,9433.307563620638,10000.0,0.00000002,btc,40314064.15478057,0.0,0.019133885,6
1,[],3,[],2019-02-19 12:25:37,1098.349922505364,0.0001543299999999999945303474913060881590354256331920623779296875,0.00000000601809835,6720114,2019-02-19 12:25:37,btc,27.605796873748474,0.0,0.0001543299999999999945303474913060881590354256331920623779296875,btc,249.144760639695,0.0,0.03519753281684664,7
1,[],4,[],2019-02-19 12:25:37,15135.20224793,0.00021619,0.00000000843032905,6720115,2019-02-19 12:25:37,btc,2.8603468446761546,0.0,0.00021619,btc,11616.96241265,5.01062142,2.9530683672570532,7
1,[],5,[],2019-02-19 12:25:39,0.0,0,0,6720116,2019-02-19 12:25:39,btc,0.0,0.49533294,0,btc,0.0,0.0,0.0,7
1,[],20,[],2019-02-19 06:57:36,39399800.8418,0.000000001,0.0000000000000389284,6716631,2019-02-19 06:57:36,btc,116.9737581404545,0.0,0.000000001,btc,56932990.8895,0.0,0.0393998008418,8
0,[],2,[],2019-01-20 23:22:42,0.0,0,0,6476876,2019-01-20 23:22:42,,0.0,0.0,0,,0.0,0.0,0.0,9
0,[],23,[],2019-01-20 23:22:48,0.0,0,0,6476878,2019-01-20 23:22:48,,0.0,0.0,0,,0.0,0.0,0.0,9
1,[],4,[],2019-02-19 12:25:42,423895.11132222,0.00000179,0.00000000006980105,6720117,2019-02-19 12:25:42,btc,1.8281105417802364,0.0,0.00000179,btc,994292.9131961,2.38008775,0.7249204025092776,9
1,[],28,[],2019-02-19 12:25:44,43300.0,0.00000166,0.0000000000647317,6720118,2019-02-19 12:25:44,btc,2709.147620057195,3628222.0,0.00000166,btc,204959.7701,0.0,0.043148,9
1,[],1,[],2019-02-17 23:31:42,1822507.21,0.00000181000000000000003456111265232042484285557293333113193511962890625,0.000000000066086901,6701244,2019-02-17 23:31:42,btc,3.6990969245,17153386.5,0.00000181000000000000003456111265232042484285557293333113193511962890625,btc,1997391.71,31.11772986,3.2610482446,9
1,[],4,[],2019-02-17 11:22:43,4341674.27126056,0.00000002,0.0000000000007272960000000001,6696112,2019-02-17 11:22:43,btc,0.1997230937751353,0.0,0.00000002,btc,4109766.79808031,0.00215132,0.0479381022052112,10
0,[],2,[],2019-01-20 23:23:08,0.0,0,0,6476890,2019-01-20 23:23:08,,0.0,0.0,0,,0.0,0.0,0.0,12
1,[],4,[],2019-02-19 12:25:45,1602473.35564037,0.00000151,0.00000000005888245,6720119,2019-02-19 12:25:45,btc,4.146460744343059,0.0,0.00000151,btc,2384456.79066567,6.66722119,2.3231007220292192,12
1,[],5,[],2019-02-19 12:25:45,0.0,0,0,6720120,2019-02-19 12:25:45,btc,0.0,1.07330982,0,btc,0.0,0.0,0.0,12
0.0,[],25,[],2019-02-19 12:25:47,0.0,0,0,6720121,2019-02-19 12:25:47,,0.0,0.0,0.0,btc,0.0,0.0,0.0,12
1,[],4,[],2019-02-19 12:25:47,1313950.04637413,0.00000585,0.00000000022812075000000002,6720122,2019-02-19 12:25:47,btc,0.4453828508070171,0.0,0.00000585,btc,70003.1523392,1.21199483,1.3639813125786204,13
1,[],21,[],2019-02-19 12:25:50,1082789.51442798,0.000005920000000000000070922000911,0.0000000002308504,6720123,2019-02-19 12:25:50,btc,4.3047219484460975,1147660.32465005,0.0000059200000000000000709220009109667870461635175161063671112060546875,btc,657672.51239353,6.80299363,3.002398475907094,13
1,[],10,[],2019-02-19 11:27:24,458405.39003721,0.00000578,0.00000000022476223599999998,6719427,2019-02-19 11:27:24,btc,666802.4634362992,6745.26335095,0.00000578,btc,723070.98673931,0.0,0.3903858456607146,13
1,[],4,[],2019-02-19 12:17:51,1049643.34477309,0.00000148,0.000000000057715412,6719937,2019-02-19 12:17:51,btc,0.1253225084799669,0.0,0.00000148,btc,61608.9435448,0.09772633,0.486198367822308,14
1,[],12,[],2019-02-19 12:17:52,86083.97502017,0.00000159000000000000002334070436926793945531244389712810516357421875,0.000000000062005071,6719938,2019-02-19 12:17:52,btc,5.30757764626373,0.0,0.00000159000000000000002334070436926793945531244389712810516357421875,btc,31452.002997,0.0009449188496428,0.0101184199999661,14
1,[],26,[],2019-02-19 12:17:54,0.0,0.00000050,0.00000000001949845,6719939,2019-02-19 12:17:54,btc,0.0,0.0,0.00000050,btc,0.0,0.0,0.0,14
0,[],17,[],2019-02-19 12:03:53,0.0,0,0,6719738,2019-02-19 12:03:53,btc,0.0,0.0,0,btc,0.0,0.0,0.0,14
0,[],4,[],2019-02-19 12:25:51,0.0,0,0,6720124,2019-02-19 12:25:51,,0.0,0.0,0,,0.0,0.0,0.0,15
,[],12,[],2018-12-01 15:15:48,204241.84496,0.00000489,0.000000000202473384,5260204,2018-12-01 15:15:48,btc,49.5475654835,0.0,,btc,35763.2193806,0.0163153972027625,0.0203389899998,15
0,[],2,[],2019-01-20 23:23:38,0.0,0,0,6476906,2019-01-20 23:23:38,,0.0,0.0,0,,0.0,0.0,0.0,18
1,[],4,[],2019-02-19 12:25:53,26922.72276361,0.00001832,0.0000000007143884000000001,6720125,2019-02-19 12:25:53,btc,1.2098533225613426,0.0,0.00001832,btc,6792.22609338,0.03566049,0.0996309233693053,18
1,[],10,[],2019-02-19 12:25:55,784489.03825761,0.00001901,0.00000000074129495,6720126,2019-02-19 12:25:55,btc,15.522732785479489,11627.6823598,0.00001901,btc,9884.71118817,0.0,0.2231948774638915,18
1,[],12,[],2019-02-19 12:25:56,204193.56103317,0.00001855000000000000027230821764145929364531184546649456024169921875,0.00000000072335725,6720127,2019-02-19 12:25:56,btc,21.90984697195737,0.0,0.00001855000000000000027230821764145929364531184546649456024169921875,btc,1745.36187689,0.0013813943347088,0.032441348053258295,18
0,[],17,[],2019-02-19 12:18:02,0.0,0,0,6719944,2019-02-19 12:18:02,btc,0.0,0.0,0,btc,0.0,0.0,0.0,18
0,[],2,[],2019-01-20 23:24:19,0.0,0,0,6476924,2019-01-20 23:24:19,,0.0,0.0,0,,0.0,0.0,0.0,19
1,[],3,[],2019-02-19 12:25:57,121670.63139160197,0.000022799999999999998544740476003056528497836552560329437255859375,0.0000000008890859999999999,6720128,2019-02-19 12:25:57,btc,0.5191916810387337,2159.2204961,0.000022799999999999998544740476003056528497836552560329437255859375,btc,7772.0849361608725,0.0,0.10018893011315032,19
1,[],4,[],2019-02-19 12:25:59,309095.67306228,0.00002290,0.0000000008929855,6720129,2019-02-19 12:25:59,btc,0.3978729216729674,0.0,0.00002290,btc,15590.63427274,0.62005676,3.680484103466032,19
1,[],5,[],2019-02-19 12:25:59,0.0,0,0,6720130,2019-02-19 12:25:59,btc,0.0,0.01739742,0,btc,0.0,0.0,0.0,19
1,[],12,[],2019-02-19 12:26:01,134812.64692886,0.0000226299999999999984783179141079045848528039641678333282470703125,0.00000000088245685,6720131,2019-02-19 12:26:01,btc,0.0291788367813548,0.0,0.0000226299999999999984783179141079045848528039641678333282470703125,btc,280.66393647,0.0003454945055518,0.0326786700001018,19
0,[],27,[],2019-02-19 12:26:03,0.0,0,0,6720132,2019-02-19 12:26:03,,0.0,0.0,0,btc,0.0,0.0,0.0,19
1,[],4,[],2019-02-19 12:26:04,8074365.41899576,0.00000014,0.0000000000054593,6720133,2019-02-19 12:26:04,btc,0.7489880752473539,0.0,0.00000014,btc,1600922.19540293,0.001,0.2590475804948392,20
1,[],4,[],2019-02-19 12:26:05,109972799.95820357,0.00000002,0.0000000000007799,6720134,2019-02-19 12:26:05,btc,0.4047937008108997,0.0,0.00000002,btc,11907646.42013239,0.01908485,1.2372964430447118,21
1,[],12,[],2019-02-19 12:26:06,18389644.0,0.00000002,0.0000000000007799,6720135,2019-02-19 12:26:06,btc,669.7773900317494,0.0,0.00000002,btc,8580697.27073194,7.8e-07,0.24003316,21
0,[],17,[],2019-02-19 12:26:18,0.0,0,0,6720136,2019-02-19 12:26:18,btc,0.0,0.0,0,btc,0.0,0.0,0.0,21
1,[],12,[],2019-02-19 12:26:19,3361150518.043896,0.0000000002,0.000000000000007799,6720137,2019-02-19 12:26:19,btc,880865841726.6705,0.0,0.0000000002,btc,4743344803.976475,0.012687744474925081,0.3864441338555898,23
0,[],27,[],2019-02-19 12:26:21,0.0,0,0,6720138,2019-02-19 12:26:21,,1.3429826565934113,0.0,0,eth,1964879.85514486,0.0,0.0,23
1,[],4,[],2019-02-19 12:26:22,313788.06650383,0.00000063,0.00000000002456685,6720139,2019-02-19 12:26:22,btc,0.1764947692187587,0.0,0.00000063,btc,183562.3273368,0.0091407,0.1585156056858332,24
1,[],22,[],2019-02-19 12:26:56,11.76,0.00000100,0.000000000038995000000000003,6720140,2019-02-19 12:26:56,BTC,7.415e-05,0.0,0.00000100,BTC,23.919354838709676,0.0,1.176e-05,24
0.0,[],25,[],2019-02-19 12:26:57,0.0,0,0,6720141,2019-02-19 12:26:57,,0.0,0.0,0.0,btc,0.0,0.0,0.0,24
1,[],4,[],2019-02-19 12:26:58,26858986.82215845,0.00000596,0.00000000023241020000000001,6720142,2019-02-19 12:26:58,btc,0.5363563721862787,0.0,0.00000596,btc,46559.13575553,0.10458441,0.4339943981148589,26
1,[],10,[],2019-02-19 12:26:59,683124.19163166,0.0000054,0.000000000210573,6720143,2019-02-19 12:26:59,btc,25.927272136924913,0.0,0.0000054,btc,14351.41452713,0.0,0.2138635226438311,26
0,[],2,[],2019-01-20 23:25:56,0.0,0,0,6476976,2019-01-20 23:25:56,,0.0,0.0,0,,0.0,0.0,0.0,26
1,[],3,[],2019-02-19 12:27:04,5972327.70213569,0.00000001,0.00000000000038995,6720144,2019-02-19 12:27:04,btc,2.7177458034899336,0.0,0.00000001,btc,17631823.38485497,0.0,0.059723277021356894,27
1,[],5,[],2019-02-19 12:27:05,0.0,0,0,6720145,2019-02-19 12:27:05,btc,0.0,1e-05,0,btc,0.0,0.0,0.0,27
1,[],11,[],2019-02-19 12:27:06,9803584.35433359,0.00000005,0.00000000000194975,6720146,2019-02-19 12:27:06,btc,67506.53097482225,8080.0,0.00000005,btc,8171781.9463934,0.0,0.458287845339645,27
1,[],4,[],2019-02-19 12:27:07,561083503.280508,0.00000002,0.0000000000007799,6720147,2019-02-19 12:27:07,btc,0.22148681419605554,0.0,0.00000002,"btc,ltc",43948808.90833248,0.14644305,7.02742532438458,29
1,[],7,[],2019-02-19 12:27:08,35493077.99839969,0.00000002,0.0000000000007799,6720148,2019-02-19 12:27:08,btc,44465227.34040545,2931323.17936,0.00000002,btc,58736636.48923861,0.05876405,0.35500213600728064,29
1,[],4,[],2019-02-19 12:27:09,1499090.43853166,0.00000028,0.0000000000109186,6720149,2019-02-19 12:27:09,btc,0.2106457937054556,0.0,0.00000028,btc,447664.40249777,0.00577674,0.1214215193539246,30
0,[],17,[],2019-02-19 12:18:45,0.0,0,0,6719964,2019-02-19 12:18:45,btc,0.0,0.0,0,btc,0.0,0.0,0.0,30
1,[],4,[],2019-02-19 12:27:21,40417.53235092,0.00006054,0.0000000023607573,6720150,2019-02-19 12:27:21,btc,2.0446569943978097,0.0,0.00006054,btc,30830.83983706,1.97259041,1.5312977300858885,31
1,[],21,[],2019-02-19 12:27:21,46395.62038577,0.00006039999999999999769030242791,0.000000002355298,6720151,2019-02-19 12:27:21,btc,2.5363158003166126,100486.90909317,0.0000603999999999999976903024279106801941452431492507457733154296875,btc,38877.25793926,6.15380039,2.576971260247853,31
0,[],2,[],2019-01-20 23:28:43,0.0,0,0,6477009,2019-01-20 23:28:43,,0.0,0.0,0,,0.0,0.0,0.0,32
1,[],4,[],2019-02-19 12:27:22,135868301.01108462,0.00000004,0.0000000000015598,6720152,2019-02-19 12:27:22,btc,3.818022142631411,0.0,0.00000004,"btc,ltc",80278005.70612086,0.37733655,2.2894948361665883,33
1,[],12,[],2019-02-19 12:27:23,15385448.225,0.00000005,0.00000000000194975,6720153,2019-02-19 12:27:23,btc,35620106.54014954,0.0,0.00000005,btc,88814487.07592382,0.013963270679321,0.51011726125,33
1,[],4,[],2019-02-19 12:27:24,133886735.72663936,0.00000001,0.00000000000038995,6720154,2019-02-19 12:27:24,btc,0.914079867588849,0.0,0.00000001,btc,37904886.02289838,0.0250517,1.3388673572663936,34
1,[],5,[],2019-02-19 12:27:25,0.0,0,0,6720155,2019-02-19 12:27:25,btc,0.0,0.33039475,0,btc,0.0,0.0,0.0,34
0.0000000001238465,[],4,[],2019-02-19 12:27:26,1029493987.2590978,2.4769300000000003e-18,9.658788535000001e-23,6720156,2019-02-19 12:27:26,ltc,9.438667061747824e-09,0.0,0.00000002,ltc,1843358430.6031163,0.0,2.0715933209794594e-09,36
1,[],5,[],2019-02-19 12:27:27,0.0,0,0,6720157,2019-02-19 12:27:27,btc,0.0,0.0,0,btc,0.0,0.0,0.0,36
0,[],17,[],2019-02-19 12:27:29,0.0,0,0,6720158,2019-02-19 12:27:29,btc,0.07464582851571323,0.0,0,btc,4105386.20243647,0.0,0.0,36
0,[],27,[],2019-02-19 12:27:31,0.0,0,0,6720159,2019-02-19 12:27:31,,113.82128944818679,0.0,0,"ltc,eth",3757762.7424504,0.0,0.0,36
1,[],4,[],2019-02-19 12:27:33,473209.9506796,0.00000088,0.000000000034315600000000004,6720160,2019-02-19 12:27:33,btc,0.2965663880390171,0.0,0.00000088,btc,215102.70150805,0.11630758,0.1609597085739736,37
1,[],12,[],2019-02-19 12:27:33,565714.52742556,0.00000083,0.00000000003236585,6720161,2019-02-19 12:27:33,btc,1364.2363429895336,0.0,0.00000083,btc,862445.95557813,0.2653137943052877,0.1958423533849439,37
1,[],17,[],2019-02-19 12:27:35,1752.74075282,0.00000025,0.00000000000974875,6720162,2019-02-19 12:27:35,btc,0.055484923777095005,0.0,0.00000025,btc,1319.19918473,0.0,0.00043818518820499993,37
1,[],27,[],2019-02-19 12:27:37,14752.0,0.00000045,0.00000000001754775,6720163,2019-02-19 12:27:37,btc,26.25770832162233,0.0,0.00000045,btc,6830.24738508,0.0,0.00483022,37
1,[],5,[],2019-02-19 12:27:38,0.0,0,0,6720164,2019-02-19 12:27:38,btc,0.0,0.10432906,0,btc,0.0,0.0,0.0,42
1,[],12,[],2019-02-19 12:27:39,132078.10633464,0.0000008,0.000000000031196,6720165,2019-02-19 12:27:39,btc,94.67040658227565,0.0,0.0000008,btc,88526.29317003,0.001846208391606,0.0396211500000056,42
0,[],27,[],2019-02-19 12:27:41,0.0,0,0,6720166,2019-02-19 12:27:41,,0.00315028,0.0,0,"btc,eth",11.007,0.0,0.0,42
1,[],5,[],2019-02-19 12:27:42,0.0,0,0,6720167,2019-02-19 12:27:42,btc,0.0,0.0,0,btc,0.0,0.0,0.0,43
1,[],12,[],2019-02-19 12:27:44,4098291.0,0.00000002,0.0000000000007799,6720168,2019-02-19 12:27:44,btc,20007435.274506606,0.0,0.00000002,btc,38974229.21618381,4.805002997e-05,0.04098297,43
0,[],17,[],2019-02-19 12:19:21,0.0,0,0,6719980,2019-02-19 12:19:21,btc,0.0,0.0,0,btc,0.0,0.0,0.0,43
1,[],12,[],2019-02-19 12:27:46,678331.0,0.00000005,0.00000000000194975,6720169,2019-02-19 12:27:46,btc,11115167.675810482,0.0,0.00000005,btc,1069843.31470526,0.00081266,0.0172333,44
1,[],4,[],2019-02-19 12:27:47,324833398.3445787,0.00000002,0.0000000000007799,6720170,2019-02-19 12:27:47,btc,0.1882266069712271,0.0,0.00000002,"btc,ltc",4537751.25245401,0.00309342,0.4236363337288751,49
0.0000000001238465,[],4,[],2019-02-19 12:27:48,32811799.89,1.2384650000000001e-18,4.8293942675000005e-23,6720171,2019-02-19 12:27:48,ltc,4.645173508293541,0.0,0.00000001,ltc,3579357652.409339,0.0,4.063626575076885e-11,52
0,[],22,[],2019-02-19 12:28:18,0.0,0,0,6720172,2019-02-19 12:28:18,,4368.07440295,0.0,0,,262751443.67882353,0.0,0.0,57
0,[],27,[],2019-02-19 12:28:20,0.0,0,0,6720173,2019-02-19 12:28:20,,0.0,0.0,0,"btc,eth",0.0,0.0,0.0,57
0.0000000001238465,[],4,[],2019-02-19 12:28:21,825514649.1437339,4.9538600000000005e-18,1.9317577070000002e-22,6720174,2019-02-19 12:28:21,ltc,3.272209004844194,0.0,0.00000004,ltc,1294773799.9375272,0.0,2.0575065782202447e-09,58
1,[],12,[],2019-02-19 12:28:22,1653993310.843957,0.0000000004,0.000000000000015598,6720175,2019-02-19 12:28:22,btc,224005479821.39276,0.0,0.0000000004,btc,3707240446.379921,0.12026650240708021,0.5367817317011392,58
0,[],17,[],2019-02-19 12:28:24,0.0,0,0,6720176,2019-02-19 12:28:24,btc,1e+24,0.0,0,btc,41401875.8285055,0.0,0.0,58
0.00000000013062050000000001,[],22,[],2019-02-19 12:28:46,137438.0,1.306205e-18,5.0935463975000004e-23,6720177,2019-02-19 12:28:46,XMR,69.8835922,0.0,0.00000001,XMR,9887963.0,0.0,0.00137438,58
1,[],5,[],2019-02-19 12:28:48,0.0,0,0,6720178,2019-02-19 12:28:48,btc,0.0,0.00557939,0,btc,0.0,0.0,0.0,61
1,[],22,[],2019-02-19 12:29:21,5149.5,0.00000011,0.0000000000042894500000000005,6720179,2019-02-19 12:29:21,BTC,1002.29597012,0.0,0.00000011,BTC,14947.700278135757,0.0,0.00051596,61
1,[],26,[],2019-02-19 12:29:21,0.0,0.00000800,0.00000000031196000000000003,6720180,2019-02-19 12:29:21,btc,0.0,0.0,0.00000800,btc,0.0,0.0,0.0,61
1,[],27,[],2019-02-19 12:29:23,5582.64,0.00000045,0.00000000001754775,6720181,2019-02-19 12:29:23,btc,2.935325846318174,0.0,0.00000045,"btc,eth",18504.38399471,0.0,0.0009709972051693649,61
1,[],28,[],2019-02-19 12:29:25,13882.304,0.0000005,0.000000000019497500000000002,6720182,2019-02-19 12:29:25,btc,2.062488404235105,746.0,0.0000005,btc,15611.87550005,0.0,0.00566491304,61
1,[],4,[],2019-02-19 12:08:25,371420.44081529,0.00000347,0.000000000134984041,6719796,2019-02-19 12:08:25,btc,1.0390619535278196,0.0,0.00000347,btc,241420.9771611,0.46810792,0.8258194625233216,67
0.0,[],25,[],2019-02-19 12:08:27,0.0,0,0,6719797,2019-02-19 12:08:27,,0.0,0.0,0.0,btc,0.0,0.0,0.0,67
1,[],12,[],2019-02-19 12:29:27,3106453.03879459,0.00000017,0.0000000000066291499999999995,6720183,2019-02-19 12:29:27,btc,11116609.957589911,0.0,0.00000017,btc,1883471.71212085,0.0133785869519081,0.1147417264411123,71
,[],5,[],2018-11-20 23:02:39,1.5e-07,0.00000005,0.000000000002128045,4862160,2018-11-20 23:02:39,btc,2.84511358,0.0,,btc,0.00036572,0.0,0.07381892,74
1,[],5,[],2019-02-19 12:29:29,0.0,0,0,6720184,2019-02-19 12:29:29,btc,0.0,0.0,0,btc,0.0,0.0,0.0,75
0,[],20,[],2019-01-25 09:30:31,0.0,0,0,6495923,2019-01-25 09:30:31,btc,0.0,0.0,0,btc,0.0,0.0,0.0,81
1,[],4,[],2019-02-19 12:29:30,17976001.10892337,0.00000001,0.00000000000038995,6720185,2019-02-19 12:29:30,btc,0.8634517537739842,0.0,0.00000001,btc,15391342.79181637,0.0,0.1797600110892337,81
1,[],4,[],2019-02-19 12:29:33,33815.53628093,0.00007727,0.00000000301314365,6720186,2019-02-19 12:29:33,btc,1.309651873496266,0.0,0.00007727,btc,11117.15364092,0.01571641,0.5469544782992961,82
1,[],21,[],2019-02-19 12:29:34,167697.75721698,0.00008283999999999999968181702004,0.0000000032303458,6720187,2019-02-19 12:29:34,btc,2.6304245403848916,7533.09958006,0.000082839999999999999681817020036334042742964811623096466064453125,btc,25415.9472765,0.62034044,3.291996215607022,82
0,[],17,[],2019-02-19 12:29:46,0.0,0,0,6720188,2019-02-19 12:29:46,btc,0.0447233088476774,0.0,0,btc,999127.19588126,0.0,0.0,84
0.0000000001238465,[],4,[],2019-02-19 12:29:47,168824931.44782954,7.430790000000001e-18,2.8976365605000003e-22,6720189,2019-02-19 12:29:47,ltc,0.19541526449094102,0.0,0.00000006,ltc,108112871.67515346,0.0,5.792651854380502e-10,85
,[],22,[],2018-11-20 23:09:34,3408.1,0.0000001,0.0000000000041895,4862324,2018-11-20 23:09:34,BTC,0.04624735,0.0,,BTC,4990.0,0.0,0.00033081,86
0,[],22,[],2019-02-19 12:29:57,0.0,0,0,6720190,2019-02-19 12:29:57,,2.0760781,0.0,0,,140622.94736842104,0.0,0.0,87
0,[],27,[],2019-02-19 12:29:58,0.0,0,0,6720191,2019-02-19 12:29:58,,0.0,0.0,0,btc,0.0,0.0,0.0,87
,[],2,[],2018-11-20 23:10:47,0.0,0,0,4862359,2018-11-20 23:10:47,,0.0,0.0,,,0.0,0.0,0.0,88
1,[],11,[],2019-02-19 12:30:01,97114.25840104,0.0001450000000000000008500145032286354762618429958820343017578125,0.0000000056542750000000005,6720192,2019-02-19 12:30:01,btc,610.2107325129828,804.48989621,0.0001450000000000000008500145032286354762618429958820343017578125,btc,94899.42397335,0.0,6.587442105568125,89
0,[],2,[],2019-01-20 23:31:45,0.0,0,0,6477083,2019-01-20 23:31:45,,0.0,0.0,0,,0.0,0.0,0.0,91
1,[],12,[],2019-02-19 12:30:02,435967.40658852,0.000001870000000000000095373470405946125794116596807725727558135986328125,0.00000000007292065,6720193,2019-02-19 12:30:02,btc,15.377791570236285,0.0,0.000001870000000000000095373470405946125794116596807725727558135986328125,btc,50150.88834005,0.007769290211378,0.0631925765998514,91
0,[],17,[],2019-02-19 12:30:04,0.0,0,0,6720194,2019-02-19 12:30:04,btc,0.0,0.0,0,btc,0.0,0.0,0.0,91
0.0000000001238465,[],22,[],2019-02-19 12:30:22,3506520.0,4.9538600000000005e-18,1.9317577070000002e-22,6720195,2019-02-19 12:30:22,LTC,9.13211897,0.0,0.00000004,LTC,72065348.1,2.47693e-14,0.1050108,95
0.0000000001238465,[],4,[],2019-02-19 12:30:23,135032367.11567372,9.660027000000001e-17,3.76692752865e-21,6720196,2019-02-19 12:30:23,ltc,0.6426186844819822,0.0,0.00000078,ltc,37199482.88879285,0.00798995,1.1185618970570877e-09,96
1,[],12,[],2019-02-19 12:30:24,257598.0,0.00000001,0.00000000000038995,6720197,2019-02-19 12:30:24,btc,255075.83076766485,0.0,0.00000001,btc,8791477.79451522,0.0003676785014986,0.00257598,96
0,[],17,[],2019-02-19 12:30:25,0.0,0,0,6720198,2019-02-19 12:30:25,btc,0.0,0.0,0,btc,0.0,0.0,0.0,96
1,[],4,[],2019-02-19 12:30:25,1797085.72697019,0.00000035,0.00000000001364825,6720199,2019-02-19 12:30:25,btc,0.5914175129491734,0.0,0.00000035,btc,937823.80004618,1.44378037,0.254796281677765,99
0,[],2,[],2019-01-20 23:23:55,0.0,0,0,6476914,2019-01-20 23:23:55,,0.0,0.0,0,,0.0,0.0,0.0,100
1,[],4,[],2019-02-19 12:30:26,189564.24056504,0.00003819,0.00000000148921905,6720200,2019-02-19 12:30:26,btc,1.2662505630243113,0.0,0.00003819,btc,29042.36190783,0.70240965,0.9594792869560675,100
1,[],22,[],2019-02-19 12:30:38,50000.0,0.00000001,0.00000000000038995,6720201,2019-02-19 12:30:38,BTC,23.49896609,0.0,0.00000001,BTC,10277.22,0.0,0.0005,101
1,[],4,[],2019-02-19 12:30:38,441430.59449733,0.00000087,0.00000000003392565,6720202,2019-02-19 12:30:38,btc,0.4001162636852761,0.0,0.00000087,btc,162038.90296563,0.02263208,0.2304967267010348,103
1,[],12,[],2019-02-19 12:30:41,58373124.0,0.000000015,0.000000000000584925,6720203,2019-02-19 12:30:41,btc,137279442.53997117,0.0,0.000000015,btc,120323343.25193694,0.03952338138277589,0.217876885,105
1,[],27,[],2019-02-19 12:30:43,397342.89,0.00000001,0.00000000000038995,6720204,2019-02-19 12:30:43,btc,0.2583299431492299,0.0,0.00000001,btc,303168.20460553,0.0,0.0039734289,105
1,[],22,[],2019-02-19 12:31:03,9328.0,0.00000001,0.00000000000038995,6720205,2019-02-19 12:31:03,BTC,51.10825004,0.0,0.00000001,BTC,468935.0,0.0,9.328e-05,107
1,[],26,[],2019-02-19 12:31:03,0.0,0.00000000,0,6720206,2019-02-19 12:31:03,btc,0.0,0.0,0.00000000,btc,0.0,0.0,0.0,107
1,[],5,[],2019-02-19 12:31:05,0.0,0,0,6720207,2019-02-19 12:31:05,btc,0.0,0.00402141,0,btc,0.0,0.0,0.0,112
1,[],22,[],2019-02-19 12:31:33,1966.0,0.00000001,0.00000000000038995,6720208,2019-02-19 12:31:33,BTC,2.81183288,0.0,0.00000001,BTC,808524.0833333334,0.0,1.966e-05,112
0,[],27,[],2019-02-19 12:31:35,0.0,0,0,6720209,2019-02-19 12:31:35,,1.35132491849924,0.0,0,"btc,eth",1328.641654,0.0,0.0,112
1,[],4,[],2019-02-19 12:31:36,467748.61298723,0.00000332,0.0000000001294634,6720210,2019-02-19 12:31:36,btc,0.3146198849005551,0.0,0.00000332,btc,77535.06594715,0.36024172,0.2455312076636228,113
1,[],5,[],2019-02-19 12:31:37,0.0,0,0,6720211,2019-02-19 12:31:37,btc,0.0,0.0,0,btc,0.0,0.0,0.0,113
1,[],17,[],2019-02-19 12:21:04,152738.278,0.00000004,0.0000000000015598760000000001,6720021,2019-02-19 12:21:04,btc,1.3368030275416394,0.0,0.00000004,btc,51896.221,0.0,0.0022095311199999998,116
0,[],27,[],2019-02-19 12:31:50,0.0,0,0,6720212,2019-02-19 12:31:50,,0.0,0.0,0,btc,0.0,0.0,0.0,116
1,[],4,[],2019-02-19 12:31:51,27910.75939244,0.00003130,0.0000000012205435,6720213,2019-02-19 12:31:51,btc,1.0132758370632544,0.0,0.00003130,btc,29731.33177471,0.63246495,0.7086018023305416,120
1,[],7,[],2019-02-19 12:31:52,18204.0250117,0.0000295399999999999983879735154790324713758309371769428253173828125,0.0000000011519123,6720214,2019-02-19 12:31:52,btc,115649.95181475228,41.62128753,0.0000295399999999999983879735154790324713758309371769428253173828125,btc,27841.78287347,0.00125102,0.0761009850997634,120
1,[],20,[],2019-02-19 12:31:54,1073509.3397,0.000000017,0.000000000000662915,6720215,2019-02-19 12:31:54,btc,31.909191296025,3076.05,0.000000017,btc,1141578.7853,5.229285e-05,0.0050788561674,125
1,[],22,[],2019-02-19 12:32:23,3053.0,0.00000001,0.00000000000038995,6720216,2019-02-19 12:32:23,BTC,0.01444887,0.0,0.00000001,BTC,296263.5111111111,0.0,3.053e-05,126
0,[],17,[],2019-02-19 12:21:26,0.0,0,0,6720027,2019-02-19 12:21:26,btc,0.0009561751951600001,0.0,0,btc,35.42829368,0.0,0.0,131
0,[],2,[],2019-01-20 23:25:46,0.0,0,0,6476969,2019-01-20 23:25:46,,0.0,0.0,0,,0.0,0.0,0.0,131
1,[],4,[],2019-02-19 12:32:24,118656.69807161,0.00001637,0.00000000063834815,6720217,2019-02-19 12:32:24,btc,0.7959606173349579,0.0,0.00001637,btc,39177.28185855,0.28642421,0.9137446816974288,131
1,[],4,[],2019-02-19 12:32:36,4559.18009711,0.00016267,0.00000000634331665,6720218,2019-02-19 12:32:36,btc,1.647401424516374,0.0,0.00016267,btc,334.44418488,0.0,0.009309551023188,135
1,[],3,[],2019-02-19 12:32:41,1701123.63905174,0.00000005,0.00000000000194975,6720219,2019-02-19 12:32:41,btc,0.1307779625138315,36152.0,0.00000005,btc,549674.90940695,0.0,0.0617199017803675,136
1,[],4,[],2019-02-19 12:32:43,49958.69731081,0.00000170,0.0000000000662915,6720220,2019-02-19 12:32:43,btc,0.1190586654481817,0.0,0.00000170,btc,57096.03747274,0.0825033,0.0527891842018159,137
1,[],12,[],2019-02-19 12:32:44,295648.41009882,0.0000016899999999999999129363971450690229403335251845419406890869140625,0.00000000006590155,6720221,2019-02-19 12:32:44,btc,11807.70109738575,0.0,0.0000016899999999999999129363971450690229403335251845419406890869140625,btc,158020.15676263,0.0003825899994118,0.0252921100000185,137
1,[],17,[],2019-02-19 12:12:45,22967.386363640002,0.00000088,0.000000000034232264,6719838,2019-02-19 12:12:45,btc,20.0699133484,0.0,0.00000088,btc,405.079105,0.0,0.0104613000000032,142
1,[],4,[],2019-02-19 12:32:45,211805.53466875,0.00005010,0.0000000019536495,6720222,2019-02-19 12:32:45,btc,0.9402543861104689,0.0,0.00005010,btc,14583.62999613,1.40648154,0.5223343598061808,142
1,[],5,[],2019-02-19 12:32:45,0.0,0,0,6720223,2019-02-19 12:32:45,btc,0.0,0.71651747,0,btc,0.0,0.0,0.0,142
1,[],20,[],2019-02-19 12:32:58,134201.3374,0.00003389,0.00000000132154055,6720224,2019-02-19 12:32:58,btc,0.3650013293402,5089.7983,0.00003389,btc,3364.7313,0.389674957848,0.2608125825932,142
1,[],22,[],2019-02-19 12:33:56,1613.354305200341,0.00003220,0.0000000012556390000000001,6720225,2019-02-19 12:33:56,BTC,3.0070065,0.0,0.00003220,BTC,896.9784641392417,0.0,0.0018856,142
0.0,[],25,[],2019-02-19 12:33:57,0.0,0,0,6720226,2019-02-19 12:33:57,,0.0,0.0,0.0,btc,0.0,0.0,0.0,142
1,[],28,[],2019-02-19 12:33:59,77743.0,0.00004500,0.000000001754775,6720227,2019-02-19 12:33:59,btc,0.057100837,474.0,0.00004500,btc,356.4989,0.0,0.0519372,142
0,[],22,[],2019-02-19 12:34:17,0.0,0,0,6720228,2019-02-19 12:34:17,,67.24443376,0.0,0,,817363658.3,0.0,0.0,143
1,[],21,[],2019-02-19 12:34:18,31985553.76378189,0.00000025,0.00000000000974875,6720229,2019-02-19 12:34:18,btc,60.43216019149692,23491512.78627219,0.00000025,btc,103760627.07310352,6.00884456,4.445324135828778,145
0,[],22,[],2019-02-19 12:34:36,0.0,0,0,6720230,2019-02-19 12:34:36,,4.24946284,0.0,0,,1812156.0,0.0,0.0,146
,[],22,[],2018-11-20 23:01:11,0.0,0,0,4862114,2018-11-20 23:01:11,,2.56807021,0.0,,,61828.4988236,0.0,0.0,147
1,[],12,[],2019-02-19 12:13:01,8679734.29079452,0.000002810000000000000201067461291781768295550136826932430267333984375,0.00000000010930984300000001,6719846,2019-02-19 12:13:01,btc,16.564553351064813,0.0,0.000002810000000000000201067461291781768295550136826932430267333984375,btc,118287.3460165,0.0009828716703456,0.1081435779999792,148
1,[],4,[],2019-02-19 12:34:38,247751.67438999,0.00000030,0.0000000000116985,6720231,2019-02-19 12:34:38,btc,0.7783168100673439,0.0,0.00000030,btc,593167.18068715,0.00020876,0.0586340587886126,152
0,[],22,[],2019-02-19 12:34:48,0.0,0,0,6720232,2019-02-19 12:34:48,,0.0,0.0,0,,0.0,0.0,0.0,152
1,[],5,[],2019-02-19 12:34:50,0.0,0,0,6720233,2019-02-19 12:34:50,btc,0.0,0.0,0,btc,0.0,0.0,0.0,153
,[],16,[],2019-01-11 15:38:59,0.0,0,0,6366141,2019-01-11 15:38:59,btc,0.0,0.0,,btc,0.0,0.0,0.0,155
0,[],23,[],2019-01-20 23:24:29,0.0,0,0,6476932,2019-01-20 23:24:29,,0.0,0.0,0,,0.0,0.0,0.0,156
0,[],22,[],2019-02-19 12:35:00,0.0,0,0,6720234,2019-02-19 12:35:00,,6.74608761,0.0,0,,4644402.242592593,0.0,0.0,156
1,[],22,[],2019-02-19 12:35:29,7073.8,0.00005300,0.000000002066735,6720235,2019-02-19 12:35:29,BTC,43.78801181,0.0,0.00005300,BTC,1067.5805334758436,0.0,0.00104336,157
0,[],22,[],2019-02-19 12:35:45,0.0,0,0,6720236,2019-02-19 12:35:45,,50175.68008609,0.0,0,,54479136.04179466,0.0,0.0,158
,[],17,[],2018-11-20 22:56:10,0.0,0,0,4861976,2018-11-20 22:56:10,btc,1.1265625,0.0,,btc,1000.0,0.0,0.0,159
,[],20,[],2018-11-20 22:56:12,0.0,0,0,4861977,2018-11-20 22:56:12,btc,11912.7940471,0.0,,btc,34413894.3617,0.0,0.0,159
1,[],12,[],2019-02-19 12:35:47,188212.9433726,0.00000740000000000000030041073795228356857478502206504344940185546875,0.000000000288563,6720237,2019-02-19 12:35:47,btc,6.6573952135911645,0.0,0.00000740000000000000030041073795228356857478502206504344940185546875,btc,14477.21569509,0.00427511517184,0.0932401614999915,168
1,[],17,[],2019-02-19 12:35:48,29784.95,0.000001,0.000000000038995,6720238,2019-02-19 12:35:48,btc,0.03026736251542,0.0,0.000001,btc,144.46171372,0.0,0.00716147,168
1,[],22,[],2019-02-19 12:36:18,1000.0,0.00000001,0.00000000000038995,6720239,2019-02-19 12:36:18,BTC,1.14655792,0.0,0.00000001,BTC,759972.8900917594,1.481e-05,1e-05,169
1,[],22,[],2019-02-19 12:36:51,179295.22727272726,0.00000022,0.000000000008578900000000001,6720240,2019-02-19 12:36:51,BTC,13.2934994,0.0,0.00000022,BTC,167909.3849585259,0.0,0.02507459,171
1,[],22,[],2019-02-19 12:13:39,133596.6,0.00000005,0.000000000001945015,6719856,2019-02-19 12:13:39,BTC,2.66365745,0.0,0.00000005,BTC,269090.92790191405,0.00230997,0.00533987,173
1,[],5,[],2019-02-19 12:22:26,0.0,0,0,6720046,2019-02-19 12:22:26,btc,0.0,0.18857147,0,btc,0.0,0.0,0.0,175
1,[],22,[],2019-02-19 12:22:30,37430.0,0.0000003,0.00000000001169907,6720047,2019-02-19 12:22:30,BTC,0.53059598,0.0,0.0000003,BTC,143403.40970790636,0.0,0.0032426,176
1,[],7,[],2019-02-19 12:22:32,0.0,0,0,6720048,2019-02-19 12:22:32,btc,410918.63489866455,0.0,0,btc,115828955.16222881,0.0,0.0,178
0,[],22,[],2019-02-19 12:22:35,0.0,0,0,6720049,2019-02-19 12:22:35,,1.00242428,0.0,0,,57512.0,0.0,0.0,178
0,[],2,[],2019-01-20 23:28:34,0.0,0,0,6477001,2019-01-20 23:28:34,,0.0,0.0,0,,0.0,0.0,0.0,178
1,[],5,[],2019-02-19 12:22:35,0.0,0,0,6720050,2019-02-19 12:22:35,btc,0.0,0.9514575,0,btc,0.0,0.0,0.0,179
1,[],22,[],2019-02-19 12:22:39,7859285.0,0.00000002,0.0000000000007799380000000001,6720051,2019-02-19 12:22:39,BTC,5.49491223,0.0,0.00000002,"BTC,LTC",17558294.468656633,0.0,0.38444554,179
0,[],23,[],2019-01-20 23:25:08,0.0,0,0,6476952,2019-01-20 23:25:08,,0.0,0.0,0,,0.0,0.0,0.0,179
1,[],22,[],2019-02-19 12:22:52,128933.32,0.00000025,0.000000000009749225,6720052,2019-02-19 12:22:52,BTC,0.19903667,0.0,0.00000025,"BTC,LTC",57249.550688868796,0.0003,0.00134617,180
1,[],26,[],2019-02-19 12:22:52,0.0,0.00000100,0.0000000000389969,6720053,2019-02-19 12:22:52,btc,0.0,0.0,0.00000100,btc,0.0,0.0,0.0,180
1,[],17,[],2019-02-19 12:15:03,10504.725,0.0000001,0.00000000000389003,6719863,2019-02-19 12:15:03,btc,5.201069583846439,0.0,0.0000001,btc,5033.45945,0.0,0.0010504725,180
,[],7,[],2018-11-20 22:58:01,562227.975654,0.00000085,0.000000000036176765,4862015,2018-11-20 22:58:01,btc,21836.6059674,2491.87645172,,btc,749999.041456,0.00211021,0.127565380455,183
,[],5,[],2019-01-10 08:11:41,0.0,0,0,6347036,2019-01-10 08:11:41,btc,82.15055501,0.00261,,btc,1.19002445,0.0,0.0,187
1,[],24,[],2019-02-19 12:22:53,0.0,0.000000000001,3.89969e-17,6720054,2019-02-19 12:22:53,btc,0.0,0.0,0.000000000001,btc,0.0,0.0,0.0,187
,[],17,[],2018-11-16 20:58:10,4062536.27273,0.00000001,0.000000000000550501,4708775,2018-11-16 20:58:10,btc,3.36492563466,0.195460381006,,"btc,eth",110697919.549,0.0,0.0157628953496,187
0,[],22,[],2019-02-19 12:22:55,0.0,0,0,6720055,2019-02-19 12:22:55,,1.19374426,0.0,0,,16338.869534405507,0.0,0.0,191
0,[],22,[],2019-02-19 12:23:00,0.0,0,0,6720056,2019-02-19 12:23:00,,0.0,0.0,0,,0.0,0.0,0.0,197
0,[],23,[],2019-01-20 23:31:41,0.0,0,0,6477079,2019-01-20 23:31:41,,0.0,0.0,0,,0.0,0.0,0.0,199
0,[],22,[],2019-02-19 12:23:03,0.0,0,0,6720057,2019-02-19 12:23:03,,5.17330081,0.0,0,,21824453.0,0.0,0.0,199
1,[],26,[],2019-02-19 12:23:03,0.0,0.00000000,0,6720058,2019-02-19 12:23:03,btc,0.0,636192.0,0.00000000,btc,0.0,0.0,0.0,199
0,[],17,[],2019-01-30 16:32:01,0.0,0,0,6540827,2019-01-30 16:32:01,btc,6.802544163788159,0.0,0,btc,105897.55575295,0.0,0.0,200
0,[],2,[],2019-01-20 23:30:49,0.0,0,0,6477059,2019-01-20 23:30:49,,0.0,0.0,0,,0.0,0.0,0.0,201
1,[],4,[],2019-01-25 15:51:35,2084389.58565343,0.00000936,0.000000000333526752,6499557,2019-01-25 15:51:35,btc,2.0092503037378524,0.0,0.00000936,btc,160195.80207885,0.19272417,1.242687955921835,211
1,[],7,[],2019-02-19 12:23:06,4979325.1051092,0.00000137999999999999991637657063836552850943917292170226573944091796875,0.000000000053815722,6720059,2019-02-19 12:23:06,btc,15475875.705853311,1194479.97622,0.00000137999999999999991637657063836552850943917292170226573944091796875,btc,12586382.51970216,0.0,3.457271625802505,212
1,[],5,[],2019-02-19 12:23:06,0.0,0,0,6720060,2019-02-19 12:23:06,btc,0.0,0.07302883,0,btc,0.0,0.0,0.0,213
1,[],24,[],2019-02-19 12:23:07,0.0,0.000000050000,0.000000000001949845,6720061,2019-02-19 12:23:07,btc,0.0,20.0,0.000000050000,btc,0.0,1.76e-05,0.0,213
1,[],26,[],2019-02-19 12:23:07,0.0,0.00000009,0.0000000000035097210000000003,6720062,2019-02-19 12:23:07,btc,0.0,0.0,0.00000009,btc,0.0,0.0,0.0,213
1,[],12,[],2019-01-25 02:44:32,207462.42853209,0.000001080000000000000035831255497387193287295303889550268650054931640625,0.000000000038610756000000006,6493050,2019-01-25 02:44:32,btc,85023.03793723314,0.0,0.000001080000000000000035831255497387193287295303889550268650054931640625,btc,43675.73520027,0.000146250909087,0.0348620860622024,213
0,[],22,[],2019-02-19 12:23:10,0.0,0,0,6720063,2019-02-19 12:23:10,,2.19551377,0.0,0,,211112.59081706151,0.0,0.0,216
1,[],27,[],2019-02-19 12:23:12,5201657.5615,0.00000004,0.0000000000015598760000000001,6720064,2019-02-19 12:23:12,btc,362.0745472606,2500.0,0.00000004,"btc,ltc",264161.775,0.00015,0.05463726246,216
1,[],22,[],2019-02-19 12:23:16,185150.4215558848,0.00000194,0.000000000075653986,6720065,2019-02-19 12:23:16,BTC,12676.77407115,0.0,0.00000194,BTC,399121.58148959326,0.01762492,0.20771683,217
1,[],7,[],2019-02-19 12:23:17,0.0,0,0,6720066,2019-02-19 12:23:17,btc,77969.6156418105,0.0,0,btc,137055636.5050253,0.0,0.0,219
0,[],27,[],2019-02-19 12:23:19,0.0,0,0,6720067,2019-02-19 12:23:19,,5.341833788316972,0.0,0,btc,1599140.99226595,0.0,0.0,219
0.0000000000000053,[],28,[],2019-02-19 12:23:21,168163313.092,4.399477e-18,1.7156596462130002e-22,6720068,2019-02-19 12:23:21,doge,84047.8870939895,14011.0,0.00083009,"btc,doge",4762557.44411,0.0,1.1688635191466321e-11,219
1,[],22,[],2019-02-19 12:23:25,245477.6,0.00000019,0.000000000007409411000000001,6720069,2019-02-19 12:23:25,BTC,2.99426303,0.0,0.00000019,BTC,90991.48152986987,0.0,0.02663551,221
1,[],24,[],2019-02-19 12:23:25,0.0,0.000000180000,0.0000000000070194420000000006,6720070,2019-02-19 12:23:25,btc,0.0,0.0,0.000000180000,btc,0.0,0.0,0.0,221
1,[],20,[],2019-02-19 12:23:27,41161710.8437,0.000000002,0.0000000000000779938,6720071,2019-02-19 12:23:27,btc,47.9786214075211,0.0,0.000000002,btc,10194573.1132,0.0,0.0417908661075,224
0,[],22,[],2019-02-19 12:23:29,0.0,0,0,6720072,2019-02-19 12:23:29,,0.0,0.0,0,,0.0,0.0,0.0,224
1,[],26,[],2019-02-19 12:23:29,0.0,0.00000034,0.000000000013258946,6720073,2019-02-19 12:23:29,btc,0.0,0.0,0.00000034,btc,0.0,0.0,0.0,231
1,[],26,[],2019-02-19 12:23:30,0.0,0.00000006,0.000000000002339814,6720074,2019-02-19 12:23:30,btc,0.0,0.0,0.00000006,btc,0.0,0.0,0.0,234
0,[],27,[],2019-02-19 12:23:32,0.0,0,0,6720075,2019-02-19 12:23:32,,0.0113483662182,0.0,0,"btc,eth",11462.99618,0.0,0.0,234
0,[],22,[],2019-02-19 12:23:35,0.0,0,0,6720076,2019-02-19 12:23:35,,4.08286522,0.0,0,,104073927.81349206,0.0,0.0,235
1,[],4,[],2019-02-19 12:23:36,870171.5745086,0.00000082,0.000000000031977458,6720077,2019-02-19 12:23:36,btc,0.3261696973200508,0.0,0.00000082,btc,258203.93103642,0.03081981,0.2492453743331335,236
1,[],24,[],2019-02-19 12:23:36,0.0,0.000000020010,0.000000000000780327969,6720078,2019-02-19 12:23:36,btc,0.0,0.0,0.000000020010,btc,0.0,0.0,0.0,236
1,[],20,[],2019-02-19 12:23:38,66622529.934,0.000000068,0.0000000000026517892,6720079,2019-02-19 12:23:38,btc,16.8273150877901,36990636.7654,0.000000068,btc,41529597.9543,2.7760628385938,0.428191220205,237
1,[],22,[],2019-02-19 12:23:42,116403.0,0.00000004,0.0000000000015598760000000001,6720080,2019-02-19 12:23:42,BTC,0.0405823,0.0,0.00000004,"BTC,LTC",3164.0,0.0,0.00482009,237
1,[],4,[],2019-02-19 12:23:43,4788892.58367329,0.00000034,0.000000000013258946,6720081,2019-02-19 12:23:43,btc,0.4538656606151358,0.0,0.00000034,btc,1167496.73225438,0.30654495,1.522101010245191,238
1,[],5,[],2019-02-19 12:23:44,0.0,0,0,6720082,2019-02-19 12:23:44,btc,0.0,0.0631075,0,btc,0.0,0.0,0.0,238
0,[],22,[],2019-02-19 12:23:46,0.0,0,0,6720083,2019-02-19 12:23:46,,27.41701007,0.0,0,,370860.0639027493,0.0,0.0,249
0.0000000001234864,[],22,[],2019-02-19 12:23:57,7021097.666666667,3.7045919999999996e-18,1.444676037648e-22,6720084,2019-02-19 12:23:57,LTC,0.56670218,0.0,0.00000003,LTC,15147487.09,0.0,0.20963595,252
1,[],28,[],2019-02-19 12:16:11,4391956.698,0.0000001,0.00000000000389003,6719897,2019-02-19 12:16:11,btc,164693.70277468514,66711.4,0.0000001,btc,1125305.4751,0.0,0.2663411375,256
1,[],22,[],2019-02-19 12:24:00,1483373.6666666667,0.00000003,0.000000000001169907,6720085,2019-02-19 12:24:00,BTC,31.40136043,0.0,0.00000003,BTC,455878.3791200279,0.000345,0.04335593,258
1,[],22,[],2019-02-19 12:24:04,49651.0,0.00000002,0.0000000000007799380000000001,6720086,2019-02-19 12:24:04,BTC,2.629917,0.0,0.00000002,BTC,1762.0,0.0,0.00050551,259
1,[],22,[],2019-02-19 12:24:08,10631.0,0.00000800,0.0000000003119752,6720087,2019-02-19 12:24:08,BTC,1293.00671322,0.0,0.00000800,"BTC,LTC",5161.329812607565,0.0,0.01101185,262
1,[],5,[],2019-02-19 12:24:10,0.0,0,0,6720088,2019-02-19 12:24:10,btc,0.0,0.0754677,0,btc,0.0,0.0,0.0,264
1,[],20,[],2019-02-19 12:24:12,1235424.4881,0.0000026,0.00000000010139194000000001,6720089,2019-02-19 12:24:12,btc,8.6272157839506,18672.1709,0.0000026,btc,151616.2182,0.06862247536,0.0183951459439,264
1,[],22,[],2019-02-19 12:24:15,45414.0,0.00000001,0.00000000000038996900000000003,6720090,2019-02-19 12:24:15,BTC,8.43553312,0.0,0.00000001,BTC,415509.1485028838,0.00029151,0.00045414,271
0,[],22,[],2019-02-19 12:24:18,0.0,0,0,6720091,2019-02-19 12:24:18,,385.44178703,0.0,0,,15173097515.9,0.0,0.0,272
0.0000000000000053,[],28,[],2019-02-19 12:24:20,212363939445.506,4.2400000000000005e-21,1.65346856e-25,6720092,2019-02-19 12:24:20,doge,441774430.8922171,33337241851.1766,0.0000008,doge,224703231844.7649,0.0,5.705969203731709e-10,272
1,[],22,[],2019-02-19 12:24:24,19114.156998003993,0.00000650,0.00000000025347985,6720093,2019-02-19 12:24:24,BTC,74.23005231,0.0,0.00000650,"BTC,LTC",4515.887704275736,0.05193403,0.07313123,281
