pairValue,buyBook,exchangeId,sellBook,updated,buyTotal,satoshiPrice,usdPrice,exchangeLogId,created,bestPair,sellTotalBtc,volume,pairPrice,activePairs,sellTotal,volumeBtc,buyTotalBtc,coinId
1,[],3,[],2019-07-11 06:17:02,32163.036399315293,0.007800030000000000331150662447043941938318312168121337890625,0.0000009016054677000001,7802670,2019-07-11 06:17:02,btc,9.245963154904867,54.5362071204,0.007800030000000000331150662447043941938318312168121337890625,btc,35.673276216738,0.0,0.22606190526024705,1
1,[],4,[],2019-07-11 06:17:03,672644.05416477,0.00786111,0.0000009086657049,7802671,2019-07-11 06:17:03,btc,7.453551165389972,0.0,0.00786111,btc,437.7222417,1.0660379,0.62112508283889,1
1,[],10,[],2019-07-11 06:17:06,268733.29450687,0.00251291,0.0000002904672669,7802672,2019-07-11 06:17:06,btc,6515.324385452407,1997.64733567,0.00251291,btc,1997.383261,0.0,1.3348541079967693,1
1,[],12,[],2019-07-11 06:17:08,120.54107692,0.0078499999999999993394173003480318584479391574859619140625,0.0000009073814999999999,7802673,2019-07-11 06:17:08,btc,0.6156728498281999,0.0,0.0078499999999999993394173003480318584479391574859619140625,btc,24.18368814,1.462105246876,0.2550168387026,1
1,[],20,[],2019-07-11 06:17:10,925.5829,0.007343372,0.00000084882036948,7802674,2019-07-11 06:17:10,btc,0.2247733186298,0.6049,0.007343372,btc,19.923,0.0052798965625,0.1190117280113,1
1,[],21,[],2019-07-11 06:17:11,2036.72030498,0.007857859999999999497943825588,0.0000009082900374,7802675,2019-07-11 06:17:11,btc,9.371929411989443,6197.14733552,0.00785785999999999949794382558820871054194867610931396484375,"btc,eth",1339.8495295,43.99611303092309,13.234130372246444,1
1,[],22,[],2019-07-11 06:17:15,1.1199,0.00200000,0.00000023118,7802676,2019-07-11 06:17:15,BTC,0.01745874,0.0,0.00200000,BTC,0.3250713944909389,0.0,0.00197189,1
1,[],24,[],2019-07-11 06:17:15,0.0,0.000000000000,0,7802677,2019-07-11 06:17:15,btc,0.0,0.0,0.000000000000,btc,0.0,0.0,0.0,1
0.0,[],25,[],2019-07-11 06:17:16,0.0,0,0,7802678,2019-07-11 06:17:16,btc,12.87709999956774,7761.9728781,0.0,btc,1549.58315149,60.7552,0.0,1
1,[],26,[],2019-07-11 06:17:21,0.0,0,0,7802679,2019-07-11 06:17:21,,0.0,0.0,0,,0.0,0.0,0.0,1
1,[],28,[],2019-07-11 06:17:23,1041.924,0.00812000,0.0000009385908,7802680,2019-07-11 06:17:23,btc,0.372971346,123102.3,0.00812000,btc,23.6762,0.0,0.284131296,1
1,[],5,[],2019-07-06 00:27:44,0.0,0,0,7800775,2019-07-06 00:27:44,btc,0.0,0.00190933,0,btc,0.0,0.0,0.0,1
0,[],2,[],2019-01-20 23:28:45,0.0,0,0,6477011,2019-01-20 23:28:45,,0.0,0.0,0,,0.0,0.0,0.0,1
0,[],22,[],2019-07-11 06:17:26,0.0,0,0,7802681,2019-07-11 06:17:26,,0.0,0.0,0,,0.0,0.0,0.0,2
1,[],5,[],2019-07-06 00:28:14,0.0,0,0,7800785,2019-07-06 00:28:14,btc,0.0,0.00208797,0,btc,0.0,0.0,0.0,2
1,[],12,[],2019-07-11 06:17:28,3749014.0596,0.000000068,0.00000000000786012,7802682,2019-07-11 06:17:28,btc,6942.7714248397,0.0,0.000000068,btc,6709466.36917219,0.058002479219,0.1628268982818,3
0,[],28,[],2019-07-11 06:17:29,0.0,0,0,7802683,2019-07-11 06:17:29,,0.0,0.0,0,,0.0,0.0,0.0,3
1,[],5,[],2019-06-03 14:48:58,0.0,0,0,7731126,2019-06-03 14:48:58,btc,0.0,0.05905545,0,btc,0.0,0.0,0.0,3
0,[],2,[],2019-01-20 23:31:32,0.0,0,0,6477077,2019-01-20 23:31:32,,0.0,0.0,0,,0.0,0.0,0.0,4
1,[],4,[],2019-07-11 06:17:30,4539063.6443914,0.00000001,0.0000000000011559,7802684,2019-07-11 06:17:30,btc,51.8702876198384,0.0,0.00000001,btc,1236572.57573822,0.0004759,0.045390636443914,4
0,[],12,[],2019-07-10 21:32:46,0.0,0,0,7800866,2019-07-10 21:32:46,btc,641.7517620215584,0.0,0,btc,1208658.0779220702,0.0,0.0,5
0,[],2,[],2019-01-20 23:31:51,0.0,0,0,6477087,2019-01-20 23:31:51,,0.0,0.0,0,,0.0,0.0,0.0,6
1,[],11,[],2019-07-11 06:17:31,2602325.6767359897,0.00000001,0.0000000000011559,7802685,2019-07-11 06:17:31,btc,9583.577258070252,589619.6,0.00000001,btc,78432486.80704153,0.0,0.0260232567673599,6
1,[],3,[],2019-07-11 06:17:32,11647.631438255965,0.000087509999999999993933012809588234404145623557269573211669921875,0.0000000101152809,7802686,2019-07-11 06:17:32,btc,1026.288244482495,761.924585254,0.000087509999999999993933012809588234404145623557269573211669921875,btc,301.717974834588,0.0,0.03307322075359876,7
1,[],4,[],2019-07-11 06:17:32,345114.85694252,0.00010301,0.0000000119069259,7802687,2019-07-11 06:17:32,btc,12.717048223364802,0.0,0.00010301,btc,58011.30846352,7.89008659,5.018746717927778,7
1,[],5,[],2019-07-06 00:28:21,0.0,0,0,7800789,2019-07-06 00:28:21,btc,0.0,0.38662001,0,btc,0.0,0.0,0.0,7
1,[],20,[],2019-04-07 22:06:50,3201475.0482,0.000000001,0.000000000000051590000000000004,7213932,2019-04-07 22:06:50,btc,30.8005781811902,0.0,0.000000001,btc,23077405.3926,0.0,0.0032014750482,8
1,[],4,[],2019-07-11 06:17:34,1960289.30248798,0.00000046,0.0000000000531714,7802688,2019-07-11 06:17:34,btc,2.6268372167729868,0.0,0.00000046,btc,2384177.07549221,0.27016675,0.3093826838462399,9
1,[],28,[],2019-07-11 06:17:49,130043.809,0.00000042,0.0000000000485478,7802689,2019-07-11 06:17:49,btc,2708.80761057485,277328.05,0.00000042,btc,80408.534,0.0,0.03020157978,9
0,[],2,[],2019-01-20 23:22:42,0.0,0,0,6476876,2019-01-20 23:22:42,,0.0,0.0,0,,0.0,0.0,0.0,9
0,[],23,[],2019-01-20 23:22:48,0.0,0,0,6476878,2019-01-20 23:22:48,,0.0,0.0,0,,0.0,0.0,0.0,9
1,[],1,[],2019-02-17 23:31:42,1822507.21,0.00000181000000000000003456111265232042484285557293333113193511962890625,0.000000000066086901,6701244,2019-02-17 23:31:42,btc,3.6990969245,17153386.5,0.00000181000000000000003456111265232042484285557293333113193511962890625,btc,1997391.71,31.11772986,3.2610482446,9
1,[],4,[],2019-02-17 11:22:43,4341674.27126056,0.00000002,0.0000000000007272960000000001,6696112,2019-02-17 11:22:43,btc,0.1997230937751353,0.0,0.00000002,btc,4109766.79808031,0.00215132,0.0479381022052112,10
1,[],5,[],2019-07-05 17:50:59,0.0,0,0,7799863,2019-07-05 17:50:59,btc,0.0,0.04857279,0,btc,0.0,0.0,0.0,12
1,[],4,[],2019-07-11 06:17:49,28435223.76633358,0.00000025,0.0000000000288975,7802690,2019-07-11 06:17:49,btc,7.692367094738881,0.0,0.00000025,btc,9349859.76035865,0.49197784,2.257858121025842,12
0.0,[],25,[],2019-07-11 06:17:52,0.0,0,0,7802691,2019-07-11 06:17:52,,0.0,0.0,0.0,btc,0.0,0.0,0.0,12
0,[],2,[],2019-01-20 23:23:08,0.0,0,0,6476890,2019-01-20 23:23:08,,0.0,0.0,0,,0.0,0.0,0.0,12
1,[],4,[],2019-07-11 06:17:53,607175.88465534,0.00000202,0.0000000002334918,7802692,2019-07-11 06:17:53,btc,1.7823127432789785,0.0,0.00000202,btc,355685.06555657,0.41670424,0.3103267077979459,13
1,[],10,[],2019-07-11 06:17:55,665340.8497967,0.00000182,0.0000000002103738,7802693,2019-07-11 06:17:55,btc,666797.9665551046,17908.553927,0.00000182,btc,1051212.213142,0.0,0.1053198604049166,13
1,[],21,[],2019-07-11 06:17:56,10456396.31118823,0.000002139999999999999839633488263,0.00000000024736259999999996,7802694,2019-07-11 06:17:56,btc,3.8733656474438063,2076073.08389406,0.00000213999999999999983963348826332406815708964131772518157958984375,btc,1359479.79225948,4.22570155,6.086844260140181,13
1,[],4,[],2019-07-11 06:17:57,1074748.03486878,0.00000053,0.0000000000612627,7802695,2019-07-11 06:17:57,btc,13.480355755945236,0.0,0.00000053,btc,966955.90659987,0.02044216,0.0999349763370194,14
1,[],12,[],2019-07-11 06:17:58,240641.50224886,0.00000043,0.000000000049703700000000004,7802696,2019-07-11 06:17:58,btc,186.97483554874347,0.0,0.00000043,btc,42335.70369944,0.00047592949,0.0153731799999964,14
1,[],26,[],2019-07-11 06:19:58,0.0,0.00000050,0.000000000057795,7802697,2019-07-11 06:19:58,btc,0.0,0.0,0.00000050,btc,0.0,0.0,0.0,14
0,[],17,[],2019-05-03 00:53:32,0.0,0,0,7558876,2019-05-03 00:53:32,btc,0.0,0.0,0,btc,0.0,0.0,0.0,14
0,[],4,[],2019-07-11 06:19:59,0.0,0,0,7802698,2019-07-11 06:19:59,,0.0,0.0,0,,0.0,0.0,0.0,15
,[],12,[],2018-12-01 15:15:48,204241.84496,0.00000489,0.000000000202473384,5260204,2018-12-01 15:15:48,btc,49.5475654835,0.0,,btc,35763.2193806,0.0163153972027625,0.0203389899998,15
1,[],4,[],2019-07-11 06:20:00,40309.46754921,0.00000881,0.0000000010183479,7802699,2019-07-11 06:20:00,btc,2.3639842167523333,0.0,0.00000881,btc,16402.86248419,0.0374256,0.1207483173028692,18
1,[],10,[],2019-07-11 06:20:02,388026.92668667,0.00000802,0.0000000009270317999999999,7802700,2019-07-11 06:20:02,btc,15.057571090681908,2901.20544969,0.00000802,btc,18448.50735818,0.0,0.1844799589428196,18
1,[],12,[],2019-07-11 06:20:03,2259.20879641,0.000008149999999999999895894907397941864246604382060468196868896484375,0.0000000009420585,7802701,2019-07-11 06:20:03,btc,0.528104819917417,0.0,0.000008149999999999999895894907397941864246604382060468196868896484375,btc,1921.35202488,8.15e-07,0.0050656527179991,18
0,[],2,[],2019-01-20 23:23:38,0.0,0,0,6476906,2019-01-20 23:23:38,,0.0,0.0,0,,0.0,0.0,0.0,18
0,[],17,[],2019-05-03 00:53:39,0.0,0,0,7558882,2019-05-03 00:53:39,btc,0.0,0.0,0,btc,0.0,0.0,0.0,18
1,[],3,[],2019-07-11 06:22:04,161509.65515597802,0.000007940000000000000212447247294189622834892361424863338470458984375,0.0000000009177846,7802702,2019-07-11 06:22:04,btc,193.21917096508108,18116.4881465,0.000007940000000000000212447247294189622834892361424863338470458984375,btc,18695.255354260637,0.0,0.10159188649281059,19
1,[],4,[],2019-07-11 06:22:05,431599.6874903,0.00000661,0.0000000007640499,7802703,2019-07-11 06:22:05,btc,2.5228162175058966,0.0,0.00000661,btc,174785.22392906,0.12770615,1.2864760728739102,19
1,[],12,[],2019-07-11 06:22:07,107012.21041441,0.000004779999999999999974278387659953892807607189752161502838134765625,0.0000000005525202,7802704,2019-07-11 06:22:07,btc,0.3650994981150192,0.0,0.000004779999999999999974278387659953892807607189752161502838134765625,btc,3017.42994847,1.9e-05,0.0089658339997276,19
0,[],27,[],2019-07-11 06:22:10,0.0,0,0,7802705,2019-07-11 06:22:10,,0.0,0.0,0,btc,0.0,0.0,0.0,19
0,[],2,[],2019-01-20 23:24:19,0.0,0,0,6476924,2019-01-20 23:24:19,,0.0,0.0,0,,0.0,0.0,0.0,19
1,[],5,[],2019-07-06 02:01:19,0.0,0,0,7800799,2019-07-06 02:01:19,btc,0.0,0.0,0,btc,0.0,0.0,0.0,19
1,[],4,[],2019-07-11 06:22:10,10109815.20478478,0.00000005,0.0000000000057795,7802706,2019-07-11 06:22:10,btc,5.154892367544921,0.0,0.00000005,btc,2212540.08702876,0.0,0.1126456577405056,20
0,[],4,[],2019-07-11 06:22:11,0.0,0,0,7802707,2019-07-11 06:22:11,,22938.05423786594,0.0,0,,163848116.81072474,0.0,0.0,21
0,[],12,[],2019-07-11 06:22:13,0.0,0,0,7802708,2019-07-11 06:22:13,btc,2615.527430214845,0.0,0,btc,10705495.28271724,2.0979e-07,0.0,21
0,[],17,[],2019-05-03 00:53:51,0.0,0,0,7558891,2019-05-03 00:53:51,btc,0.0,0.0,0,btc,0.0,0.0,0.0,21
1,[],12,[],2019-07-11 06:24:15,7028903725.600537,0.0000000009,0.000000000000104031,7802709,2019-07-11 06:24:15,btc,1426660710839.444,0.0,0.0000000009,btc,2936093776.2451477,0.50888463873,2.8083761422899625,23
0.00000000023621,[],27,[],2019-07-11 06:24:18,65664352.31998409,1.18105e-16,1.365175695e-20,7802710,2019-07-11 06:24:18,eth,1067.03167395,166095.36963027,0.0000005,eth,1200531.294,1.96166924928e-11,5.074102472006821e-09,23
1,[],4,[],2019-07-11 06:24:19,5760409.82574687,0.00000015,0.000000000017338500000000002,7802711,2019-07-11 06:24:19,btc,10.14051794318159,0.0,0.00000015,btc,1736726.14355719,0.00275504,0.085998762460965,24
0,[],22,[],2019-07-11 06:24:21,0.0,0,0,7802712,2019-07-11 06:24:21,,0.0,0.0,0,,0.0,0.0,0.0,24
0.0,[],25,[],2019-07-11 06:24:23,0.0,0,0,7802713,2019-07-11 06:24:23,,0.0,0.0,0.0,btc,0.0,0.0,0.0,24
1,[],4,[],2019-07-11 06:24:24,26897894.83008294,0.00000250,0.00000000028897500000000003,7802714,2019-07-11 06:24:24,btc,5.289481307643618,0.0,0.00000250,btc,203629.64657818,0.07462194,0.3326223051152681,26
1,[],10,[],2019-07-11 06:24:26,230819.46942276,0.00000272,0.0000000003144048,7802715,2019-07-11 06:24:26,btc,26.26825104974293,7310.82140016,0.00000272,btc,21857.07734983,0.0,0.0459071421497036,26
0,[],2,[],2019-01-20 23:25:56,0.0,0,0,6476976,2019-01-20 23:25:56,,0.0,0.0,0,,0.0,0.0,0.0,26
1,[],11,[],2019-07-11 06:24:29,992380.80216525,0.00000001,0.0000000000011559,7802716,2019-07-11 06:24:29,btc,67502.92060589766,178.77941309,0.00000001,btc,6487362.95640949,0.0,0.0099238080216525,27
1,[],5,[],2019-04-26 09:47:06,0.0,0,0,7465326,2019-04-26 09:47:06,btc,0.0,0.0,0,btc,0.0,0.0,0.0,27
1,[],3,[],2019-06-17 14:30:26,13571825.64059417,0.00000001,0.00000000000092914,7740112,2019-06-17 14:30:26,btc,3.485049956644059,4264730.43754,0.00000001,btc,23500048.28518193,0.0,0.1357182564059417,27
0.00000000008886480000000001,[],4,[],2019-07-11 06:24:30,595993434.3821076,9.153074400000001e-17,1.058003869896e-20,7802717,2019-07-11 06:24:30,ltc,11.241915470167442,0.0,0.00000103,ltc,627587827.5186529,0.0400179,1.514500229036078e-08,29
1,[],7,[],2019-07-11 06:24:31,0.0,0,0,7802718,2019-07-11 06:24:31,btc,1238394.82475937,1249.75024975,0,btc,49037946.58273231,1.25e-05,0.0,29
1,[],4,[],2019-07-11 06:24:32,15026878.36400042,0.00000005,0.0000000000057795,7802719,2019-07-11 06:24:32,btc,2.5851475731882285,0.0,0.00000005,btc,2205724.93015407,0.00688506,0.1612367870106752,30
0,[],17,[],2019-05-03 01:11:25,0.0,0,0,7559066,2019-05-03 01:11:25,btc,0.0,0.0,0,btc,0.0,0.0,0.0,30
1,[],4,[],2019-07-11 06:26:33,280721.11182887,0.00002455,0.0000000028377345,7802720,2019-07-11 06:26:33,btc,2.765712399283442,0.0,0.00002455,btc,52501.67025549,0.38672422,0.5188085420228944,31
1,[],21,[],2019-07-11 06:26:34,643165.09187378,0.00002449000000000000099877571491,0.0000000028307991000000003,7802721,2019-07-11 06:26:34,btc,5.666296392934216,217331.18039284,0.00002449000000000000099877571491102656864313757978379726409912109375,btc,161471.44396405,5.79320339,1.5665398606786183,31
0,[],2,[],2019-01-20 23:28:43,0.0,0,0,6477009,2019-01-20 23:28:43,,0.0,0.0,0,,0.0,0.0,0.0,32
0,[],4,[],2019-07-11 06:26:35,0.0,0,0,7802722,2019-07-11 06:26:35,,0.0,0.0,0,,0.0,0.0,0.0,33
1,[],12,[],2019-03-30 07:55:10,40641173.964,0.00000003,0.000000000001228359,7108785,2019-03-30 07:55:10,btc,4233210.82356125,0.0,0.00000003,btc,28378394.68333462,0.0126927883965248,0.90752895892,33
0.00000000008886480000000001,[],4,[],2019-07-11 06:26:37,105684277.42955056,2.8436736e-17,3.2870023142400004e-21,7802723,2019-07-11 06:26:37,ltc,4.395925857094921,0.0,0.00000032,ltc,180430812.51256183,0.0,4.69235397379461e-10,34
1,[],5,[],2019-07-06 02:03:46,0.0,0,0,7800811,2019-07-06 02:03:46,btc,0.0,0.0,0,btc,0.0,0.0,0.0,34
0,[],4,[],2019-07-11 00:07:02,0.0,0,0,7801420,2019-07-11 00:07:02,,3.68295914902898e-08,0.0,0,,6667385825.224262,0.0,0.0,36
0.0000000002385992,[],27,[],2019-07-11 00:09:09,11642390.307056,6.9193768e-17,8.4302504017872e-21,7801421,2019-07-11 00:09:09,eth,1120.18186,0.0,0.00000029,"ltc,eth",2270631.0,0.0,1.3601704595377105e-10,36
0.0000000002926451,[],17,[],2019-05-02 18:17:47,200000.0,2.9264510000000002e-18,1.596703856561e-22,7556430,2019-05-02 18:17:47,eth,0.20942468735267253,0.0,0.00000001,"btc,eth",1018272.20243647,0.0,5.852902e-13,36
1,[],5,[],2019-05-31 13:28:21,0.0,0,0,7717484,2019-05-31 13:28:21,btc,0.0,0.0,0,btc,0.0,0.0,0.0,36
1,[],4,[],2019-07-11 06:26:38,10638037.78887481,0.00000004,0.0000000000046236,7802724,2019-07-11 06:26:38,btc,19772.149092090684,0.0,0.00000004,btc,844289.91643561,0.00230984,0.1131494817295387,37
1,[],12,[],2019-07-11 06:26:39,9416952.35757401,0.00000006,0.0000000000069354,7802725,2019-07-11 06:26:39,btc,134.85740762918152,0.0,0.00000006,btc,2547268.38262616,0.025858002955,0.1910750578787005,37
1,[],27,[],2019-07-11 06:28:42,10970.0,0.00000019,0.0000000000219621,7802726,2019-07-11 06:28:42,btc,22.62000024371233,0.0,0.00000019,btc,4248.824835,0.0,0.00167419,37
1,[],17,[],2019-05-03 01:11:36,211752.74075282,0.00000025,0.000000000013700074999999998,7559074,2019-05-03 01:11:36,btc,0.055484923955058496,0.0,0.00000025,"btc,eth",1387.19918473,0.0,0.0005381851887916605,37
1,[],12,[],2019-07-11 06:28:45,196366.35124934,0.00000101999999999999997501889774376149233603428001515567302703857421875,0.0000000001179018,7802727,2019-07-11 06:28:45,btc,640.8712165945711,0.0,0.00000101999999999999997501889774376149233603428001515567302703857421875,btc,160904.42262581,0.078141618898,0.0467699114661259,42
1,[],27,[],2019-07-11 06:28:49,2636.0,0.00000003,0.0000000000034677000000000003,7802728,2019-07-11 06:28:49,btc,0.07600425,0.0,0.00000003,"btc,eth",18.0,0.0,3.300000062005125e-07,42
1,[],5,[],2019-07-06 02:03:47,0.0,0,0,7800812,2019-07-06 02:03:47,btc,0.0,0.14382058,0,btc,0.0,0.0,0.0,42
1,[],12,[],2019-03-13 09:13:29,1112112.0,0.00000001,0.000000000000386531,6919902,2019-03-13 09:13:29,btc,29058.00478931866,0.0,0.00000001,btc,5967681.93306694,9.99000999e-07,0.01112112,43
1,[],5,[],2019-04-26 22:38:52,0.0,0,0,7474154,2019-04-26 22:38:52,btc,0.0,0.02638891,0,btc,0.0,0.0,0.0,43
0,[],17,[],2019-04-26 22:38:53,0.0,0,0,7474155,2019-04-26 22:38:53,btc,0.0,0.0,0,btc,0.0,0.0,0.0,43
1,[],12,[],2019-03-05 01:54:08,639326.02,0.00000004,0.000000000001486676,6845775,2019-03-05 01:54:08,btc,11116042.728239931,0.0,0.00000004,btc,1103841.4595604,0.0003330765234764,0.014975410599999999,44
0.00000000008886480000000001,[],4,[],2019-07-11 06:30:51,108446758.11833158,1.8661608000000002e-17,2.1570952687200003e-21,7802729,2019-07-11 06:30:51,ltc,4098.497421680388,0.0,0.00000021,ltc,27337327.28493573,0.0,4.0428977345723313e-10,49
0.00000000008886480000000001,[],4,[],2019-07-11 06:30:51,318947549.957858,1.6884312000000002e-17,1.9516576240800003e-21,7802730,2019-07-11 06:30:51,ltc,28012.82549276261,0.0,0.00000019,ltc,239372376.37905958,0.0,1.6572862304227504e-09,52
0,[],22,[],2019-07-11 06:30:54,0.0,0,0,7802731,2019-07-11 06:30:54,,10289.83185391,0.0,0,,287184669.4566013,0.0,0.0,57
0.00000000023621,[],27,[],2019-07-11 06:30:58,1000.0,2.3621e-18,2.73035139e-22,7802732,2019-07-11 06:30:58,eth,0.0,0.0,0.00000001,"btc,eth",0.0,0.0,2.3621e-15,57
1,[],17,[],2019-05-03 01:12:09,1200000.0,0.0000000001,0.00000000000000548003,7559085,2019-05-03 01:12:09,btc,1e+24,0.0,0.0000000001,"btc,eth",39516342.31952568,0.0,0.00010000000058666061,58
0,[],4,[],2019-07-11 05:56:57,0.0,0,0,7802598,2019-07-11 05:56:57,,19.719070570324067,0.0,0,,6109559536.55814,0.0,0.0,58
0,[],12,[],2019-07-11 05:56:59,0.0,0,0,7802599,2019-07-11 05:56:59,btc,674542220.7101119,0.0,0,btc,4199427581.5623946,3.6399499e-05,0.0,58
0.0000000000785113,[],22,[],2019-07-11 05:59:02,126877.0,7.85113e-19,9.066586988689999e-23,7802600,2019-07-11 05:59:02,XMR,68.17454206,0.0,0.00000001,XMR,9626402.6,0.0,0.00126877,58
1,[],5,[],2019-06-17 14:31:27,0.0,0,0,7740135,2019-06-17 14:31:27,btc,0.0,0.00079154,0,btc,0.0,0.0,0.0,61
0,[],22,[],2019-07-11 05:59:05,0.0,0,0,7802601,2019-07-11 05:59:05,,1000.95215333,0.0,0,,8924.200177125656,0.0,0.0,61
1,[],26,[],2019-07-11 05:59:05,0.0,0.00000013,0.000000000015012568999999998,7802602,2019-07-11 05:59:05,btc,0.0,400.0,0.00000013,btc,0.0,0.0,0.0,61
1,[],27,[],2019-07-11 05:59:09,8400.0,0.00000018,0.000000000020786634,7802603,2019-07-11 05:59:09,btc,1.97314195,0.0,0.00000018,"btc,eth",10936.9,0.0,0.001512,61
1,[],28,[],2019-07-11 05:59:28,101.0,0.00000002,0.000000000002309626,7802604,2019-07-11 05:59:28,btc,0.242369442415105,6668.304,0.00000002,btc,8366.41650005,0.0,2.02e-06,61
1,[],4,[],2019-07-11 05:59:28,1759424.16820542,0.00000033,0.000000000038108829,7802605,2019-07-11 05:59:28,btc,3.2827563224243206,0.0,0.00000033,btc,1356243.78530007,0.01478569,0.29020943126074,67
0.0,[],25,[],2019-07-11 05:59:32,0.0,0,0,7802606,2019-07-11 05:59:32,,0.0,0.0,0.0,btc,0.0,0.0,0.0,67
1,[],12,[],2019-06-02 06:23:14,910048.355,0.00000006,0.000000000005154929999999999,7725270,2019-06-02 06:23:14,btc,5.167005424215783,0.0,0.00000006,btc,738530.60239759,0.003159757462,0.0187188113,71
,[],5,[],2018-11-20 23:02:39,1.5e-07,0.00000005,0.000000000002128045,4862160,2018-11-20 23:02:39,btc,2.84511358,0.0,,btc,0.00036572,0.0,0.07381892,74
1,[],5,[],2019-07-06 00:15:01,0.0,0,0,7800749,2019-07-06 00:15:01,btc,0.0,0.01883861,0,btc,0.0,0.0,0.0,75
0,[],4,[],2019-07-10 21:51:38,0.0,0,0,7800925,2019-07-10 21:51:38,,581890.2410093442,0.0,0,,38279594.33970312,0.0,0.0,81
0,[],20,[],2019-01-25 09:30:31,0.0,0,0,6495923,2019-01-25 09:30:31,btc,0.0,0.0,0,btc,0.0,0.0,0.0,81
1,[],4,[],2019-07-11 06:31:00,169885.01107507,0.00006387,0.0000000073827333,7802733,2019-07-11 06:31:00,btc,58.44544914717602,0.0,0.00006387,btc,122135.13531964,0.54239652,0.3286125873503989,82
1,[],21,[],2019-07-11 06:31:01,283564.50113943,0.00006132000000000000243440684278,0.0000000070879788,7802734,2019-07-11 06:31:01,btc,4.704428781654766,14171.46008292,0.000061320000000000002434406842777292467872030101716518402099609375,btc,52884.21519877,0.87940987,3.0413547453243233,82
0,[],17,[],2019-03-25 22:42:34,0.0,0,0,7038780,2019-03-25 22:42:34,btc,0.0445064681804024,0.0,0,btc,995513.18476001,0.0,0.0,84
0,[],4,[],2019-07-11 06:33:03,0.0,0,0,7802735,2019-07-11 06:33:03,,1.6446419700982966,0.0,0,,583172222.8341572,0.0,0.0,85
,[],22,[],2018-11-20 23:09:34,3408.1,0.0000001,0.0000000000041895,4862324,2018-11-20 23:09:34,BTC,0.04624735,0.0,,BTC,4990.0,0.0,0.00033081,86
1,[],22,[],2019-07-11 06:33:07,2288.0,0.00000001,0.0000000000011559,7802736,2019-07-11 06:33:07,BTC,1.86470212,0.0,0.00000001,BTC,429378.94736842107,0.0,2.288e-05,87
1,[],27,[],2019-07-11 06:33:10,63685.3,0.00000006,0.0000000000069354000000000005,7802737,2019-07-11 06:33:10,btc,6.3570365816,2121.0,0.00000006,btc,218231.088,0.00012726,0.003559508,87
,[],2,[],2018-11-20 23:10:47,0.0,0,0,4862359,2018-11-20 23:10:47,,0.0,0.0,,,0.0,0.0,0.0,88
1,[],11,[],2019-07-11 06:01:45,300868.3467818,0.000034839999999999998465775863376592269560205750167369842529296875,0.0000000040233684919999995,7802612,2019-07-11 06:01:45,btc,162.7627902754105,10.0,0.000034839999999999998465775863376592269560205750167369842529296875,btc,169571.04322437,0.0,0.8460574978496649,89
0,[],2,[],2019-01-20 23:31:45,0.0,0,0,6477083,2019-01-20 23:31:45,,0.0,0.0,0,,0.0,0.0,0.0,91
0,[],17,[],2019-05-03 01:12:26,0.0,0,0,7559096,2019-05-03 01:12:26,btc,0.0,0.0,0,btc,0.0,0.0,0.0,91
1,[],12,[],2019-07-11 06:01:46,433666.29552982,0.00000048,0.00000000005543102399999999,7802613,2019-07-11 06:01:46,btc,413.6112472642177,0.0,0.00000048,btc,289772.63681868,0.013544033097,0.035815511295476,91
1,[],22,[],2019-07-11 06:03:50,75900.0,0.00000001,0.000000000001154813,7802614,2019-07-11 06:03:50,BTC,0.495,0.0,0.00000001,"BTC,LTC",4.95,0.0,0.001659,91
1,[],22,[],2019-07-10 21:56:00,91614.0,0.00000002,0.000000000002352202,7800934,2019-07-10 21:56:00,BTC,11.8980079,0.0,0.00000002,"BTC,LTC",347503.789747713,0.0,0.06622228,95
0,[],17,[],2019-05-03 01:12:32,0.0,0,0,7559100,2019-05-03 01:12:32,btc,0.0,0.0,0,btc,0.0,0.0,0.0,96
0.000000000088626,[],4,[],2019-07-11 06:03:52,542688893.9359269,2.038398e-17,2.353968509574e-21,7802615,2019-07-11 06:03:52,ltc,10.86828798386097,0.0,0.00000023,ltc,151194839.09534153,0.0,6.075342176180533e-10,96
0,[],12,[],2019-07-11 06:03:53,0.0,0,0,7802616,2019-07-11 06:03:53,btc,37.99682360651349,0.0,0,btc,10916781.65134864,0.0,0.0,96
1,[],4,[],2019-04-14 03:32:46,1039404.33283278,0.00000038,0.000000000019245518,7293458,2019-04-14 03:32:46,btc,4.170086055365747,0.0,0.00000038,btc,3097704.34561074,0.06260606,0.1859928211030784,99
0,[],2,[],2019-01-20 23:23:55,0.0,0,0,6476914,2019-01-20 23:23:55,,0.0,0.0,0,,0.0,0.0,0.0,100
1,[],4,[],2019-07-11 06:05:54,187831.96165809,0.00001275,0.0000000014723865749999999,7802617,2019-07-11 06:05:54,btc,8.228317741244291,0.0,0.00001275,btc,158723.35956224,0.17722147,0.4219461474316629,100
1,[],22,[],2019-07-11 06:05:57,146000.0,0.00000002,0.000000000002309626,7802618,2019-07-11 06:05:57,BTC,26.50623849,0.0,0.00000002,BTC,10383.92,0.0,0.00162,101
1,[],4,[],2019-07-11 06:05:59,513090.2382325,0.00000130,0.00000000015012568999999998,7802619,2019-07-11 06:05:59,btc,596.1275448141541,0.0,0.00000130,btc,547771.09768482,0.00274038,0.0634978707517956,103
1,[],12,[],2019-07-11 06:06:01,61421996.28691548,0.000000004,0.0000000000004619252,7802620,2019-07-11 06:06:01,btc,348926.5101957687,0.0,0.000000004,btc,99441056.41855116,0.00538912884,0.12284052914766193,105
1,[],27,[],2019-07-11 06:06:07,152274.74999998,0.00000003,0.000000000003464439,7802621,2019-07-11 06:06:07,btc,208.9394864659637,60989.776,0.00000003,btc,624845.84359946,0.00182969,0.0027261199999997,105
1,[],22,[],2019-07-10 21:58:18,21333.0,0.00000001,0.000000000001176101,7800942,2019-07-10 21:58:18,BTC,51.38182867,0.0,0.00000001,BTC,470435.0,0.0,0.00021333,107
1,[],26,[],2019-07-10 21:58:18,0.0,0.00000000,0,7800943,2019-07-10 21:58:18,btc,0.0,0.0,0.00000000,btc,0.0,0.0,0.0,107
1,[],5,[],2019-07-06 00:19:31,0.0,0,0,7800761,2019-07-06 00:19:31,btc,0.0,0.0,0,btc,0.0,0.0,0.0,112
0,[],22,[],2019-07-11 06:06:10,0.0,0,0,7802622,2019-07-11 06:06:10,,6.79500102,0.0,0,,3375892.0833333335,0.0,0.0,112
1,[],27,[],2019-07-11 06:06:16,1.0,0.00000001,0.000000000001154813,7802623,2019-07-11 06:06:16,btc,0.0,0.0,0.00000001,"btc,eth",0.0,0.0,1e-08,112
1,[],4,[],2019-07-11 06:06:17,1062854.97738319,0.00000032,0.000000000036954016,7802624,2019-07-11 06:06:17,btc,6.196820386184408,0.0,0.00000032,btc,960194.06439826,0.00865679,0.1105765149518756,113
1,[],5,[],2019-07-06 00:19:43,0.0,0,0,7800765,2019-07-06 00:19:43,btc,0.0,0.0,0,btc,0.0,0.0,0.0,113
1,[],27,[],2019-07-11 06:08:21,95525.16595526,0.00000001,0.000000000001154813,7802625,2019-07-11 06:08:21,btc,3918.96526809,0.0,0.00000001,btc,94557.69,0.0,0.0009552516595526,116
1,[],17,[],2019-04-26 02:17:47,162738.278,0.00000004,0.0000000000021069000000000002,7461287,2019-04-26 02:17:47,btc,1.3331140273775473,0.0,0.00000004,btc,51796.221,0.0,0.00230953112,116
1,[],4,[],2019-07-11 06:08:22,226236.9765569,0.00000290,0.00000000033489577,7802626,2019-07-11 06:08:22,btc,20.166911687593675,0.0,0.00000290,btc,237506.34236209,0.13371258,0.2103338237075697,120
1,[],7,[],2019-07-11 05:34:12,3868.5533491300002,0.0000075100000000000000942627052802347265014759614132344722747802734375,0.000000000855021761,7802490,2019-07-11 05:34:12,btc,231273.22869715377,100.0,0.0000075100000000000000942627052802347265014759614132344722747802734375,btc,4704.97924131,0.000798,0.0097281009652565,120
1,[],20,[],2019-04-07 18:42:29,1914137.0852,0.000000035,0.0000000000017871910000000002,7211992,2019-04-07 18:42:29,btc,32.2497668025648,25528.85,0.000000035,btc,1001975.4986,0.00089350975,0.0152723574729,125
1,[],22,[],2019-06-17 14:32:38,10000.0,0.00000001,0.00000000000092914,7740161,2019-06-17 14:32:38,BTC,0.032061,0.0,0.00000001,BTC,299316.7611111111,0.0,0.0001,126
1,[],4,[],2019-07-11 06:08:24,375894.12378974,0.00000369,0.000000000426125997,7802627,2019-07-11 06:08:24,btc,2.9120584071984066,0.0,0.00000369,btc,215128.03942998,0.05883199,0.3090198154639367,131
0,[],2,[],2019-01-20 23:25:46,0.0,0,0,6476969,2019-01-20 23:25:46,,0.0,0.0,0,,0.0,0.0,0.0,131
1,[],17,[],2019-05-03 01:13:10,10000.0,0.00000001,0.000000000000548003,7559115,2019-05-03 01:13:10,btc,0.0953976503951408,0.0,0.00000001,btc,5037.62507334,0.0,0.0001,131
1,[],4,[],2019-07-11 06:10:25,4280.91025617,0.00007008,0.000000008092929504,7802628,2019-07-11 06:10:25,btc,0.5124764392679214,0.0,0.00007008,btc,259.27955961,0.0,0.0042094845496353,135
1,[],3,[],2019-07-11 06:10:25,187.26592867,0.00000001,0.000000000001154813,7802629,2019-07-11 06:10:25,btc,405.3896858005038,1961511.62324,0.00000001,btc,3177336.57523703,0.0,1.8726592866999999e-06,136
1,[],4,[],2019-07-11 06:10:26,245515.79111782,0.00000111,0.000000000128184243,7802630,2019-07-11 06:10:26,btc,12.579773494302783,0.0,0.00000111,btc,533780.63593991,0.0152215,0.0885105629194507,137
1,[],12,[],2019-07-11 06:10:28,34251.59414324,0.000001,0.00000000011548129999999999,7802631,2019-07-11 06:10:28,btc,25.32832767316331,0.0,0.000001,btc,78999.18122835,0.003181222744,0.0081327822645344,137
1,[],4,[],2019-07-11 06:10:28,363394.7524919,0.00000768,0.000000000886896384,7802632,2019-07-11 06:10:28,btc,5.768507004130787,0.0,0.00000768,btc,182774.24969891,0.36135958,0.3106519224903616,142
1,[],22,[],2019-07-11 06:12:34,10619.88,0.00000200,0.0000000002309626,7802633,2019-07-11 06:12:34,BTC,2.99759384,0.0,0.00000200,BTC,835.7198755539798,0.0,0.00416696,142
0.0,[],25,[],2019-07-11 06:12:36,0.0,0,0,7802634,2019-07-11 06:12:36,,0.0,0.0,0.0,btc,0.0,0.0,0.0,142
1,[],28,[],2019-07-11 06:12:54,76710.0,0.00001110,0.0000000012818424299999999,7802635,2019-07-11 06:12:54,btc,0.438587390411,3852.0,0.00001110,btc,1381.1951,0.0,0.0043322,142
1,[],20,[],2019-07-11 05:38:22,111923.4648,0.000005961,0.0000000006786664071,7802497,2019-07-11 05:38:22,btc,1.5838453209324,0.0,0.000005961,btc,9887.9496,0.0,0.005925001033,142
1,[],17,[],2019-05-03 01:13:16,32967.38636364,0.00000088,0.000000000048224264,7559122,2019-05-03 01:13:16,btc,20.06976206696776,0.0,0.00000088,btc,2746.079105,0.0,0.0105613000000032,142
1,[],5,[],2019-07-06 02:06:10,0.0,0,0,7800822,2019-07-06 02:06:10,btc,0.0,0.00140707,0,btc,0.0,0.0,0.0,142
0,[],22,[],2019-07-11 06:12:56,0.0,0,0,7802636,2019-07-11 06:12:56,,67.81665877,0.0,0,,754491934.7744589,0.0,0.0,143
0,[],22,[],2019-02-25 15:42:22,0.0,0,0,6783783,2019-02-25 15:42:22,,4.2131946,0.0,0,,2322156.0,0.0,0.0,146
,[],22,[],2018-11-20 23:01:11,0.0,0,0,4862114,2018-11-20 23:01:11,,2.56807021,0.0,,,61828.4988236,0.0,0.0,147
1,[],12,[],2019-04-21 06:38:04,193091.5971266,0.00000071,0.000000000037635183,7388679,2019-04-21 06:38:04,btc,2.301232411611175,0.0,0.00000071,btc,9957.48302385,0.00023528,0.0313308199999888,148
1,[],4,[],2019-03-19 21:31:25,255810.0415942,0.00000029,0.000000000011615747,6982695,2019-03-19 21:31:25,btc,218.94922712414143,0.0,0.00000029,btc,793529.37642722,0.00117,0.0608347789473395,152
0,[],22,[],2019-03-19 21:31:27,0.0,0,0,6982696,2019-03-19 21:31:27,,0.0,0.0,0,,0.0,0.0,0.0,152
1,[],5,[],2019-04-26 09:36:59,0.0,0,0,7465040,2019-04-26 09:36:59,btc,0.0,0.0,0,btc,0.0,0.0,0.0,153
,[],16,[],2019-01-11 15:38:59,0.0,0,0,6366141,2019-01-11 15:38:59,btc,0.0,0.0,,btc,0.0,0.0,0.0,155
0,[],22,[],2019-07-11 06:13:00,0.0,0,0,7802637,2019-07-11 06:13:00,,7.42843365,0.0,0,,5840816.592592592,0.0,0.0,156
0,[],23,[],2019-01-20 23:24:29,0.0,0,0,6476932,2019-01-20 23:24:29,,0.0,0.0,0,,0.0,0.0,0.0,156
1,[],22,[],2019-07-11 06:13:03,6996.0,0.00000001,0.000000000001154813,7802638,2019-07-11 06:13:03,BTC,1.7543039,0.0,0.00000001,BTC,57.0,0.0,6.996e-05,157
0,[],22,[],2019-07-11 06:13:06,0.0,0,0,7802639,2019-07-11 06:13:06,,50234.60468402,0.0,0,,54786159.03179465,0.0,0.0,158
,[],17,[],2018-11-20 22:56:10,0.0,0,0,4861976,2018-11-20 22:56:10,btc,1.1265625,0.0,,btc,1000.0,0.0,0.0,159
,[],20,[],2018-11-20 22:56:12,0.0,0,0,4861977,2018-11-20 22:56:12,btc,11912.7940471,0.0,,btc,34413894.3617,0.0,0.0,159
1,[],12,[],2019-07-10 22:05:17,232905.70345548,0.0000063199999999999996293047720141711209862478426657617092132568359375,0.000000000743295832,7800964,2019-07-10 22:05:17,btc,9.923963040252861,0.0,0.0000063199999999999996293047720141711209862478426657617092132568359375,btc,15215.45465465,0.0062861,0.033379940599723996,168
1,[],17,[],2019-05-03 01:13:36,42852.0,0.00000002,0.000000000001096006,7559132,2019-05-03 01:13:36,btc,0.04279856251542,0.0,0.00000002,btc,274.46171372,0.0,0.00052852,168
1,[],22,[],2019-05-17 03:01:52,10.0,0.00000001,0.000000000000778341,7642059,2019-05-17 03:01:52,BTC,41.95893009,0.0,0.00000001,BTC,1753972.7737547632,0.0,1e-07,169
1,[],22,[],2019-07-11 06:13:10,121865.0,0.00000001,0.000000000001154813,7802640,2019-07-11 06:13:10,BTC,27.84093315,0.0,0.00000001,"BTC,LTC",276583.94947371836,0.0,0.00140865,171
0.000000000088626,[],22,[],2019-07-11 06:13:14,192811.0,8.862600000000001e-18,1.0234645693799999e-21,7802641,2019-07-11 06:13:14,LTC,21.26430545,0.0,0.0000001,LTC,1455850.2469384319,2.75538234e-14,0.0108211,173
1,[],5,[],2019-07-06 02:08:45,0.0,0,0,7800830,2019-07-06 02:08:45,btc,0.0,0.00700197,0,btc,0.0,0.0,0.0,175
1,[],22,[],2019-07-11 06:13:18,90391.0,0.00000001,0.000000000001154813,7802642,2019-07-11 06:13:18,BTC,394.35459412,0.0,0.00000001,BTC,136275.61833431243,0.0,0.00090391,176
1,[],22,[],2019-07-11 06:13:22,30.0,0.00000001,0.000000000001154813,7802643,2019-07-11 06:13:22,BTC,1.00242428,0.0,0.00000001,BTC,57512.0,0.0,3e-07,178
1,[],7,[],2019-07-01 10:15:32,0.0,0,0,7783526,2019-07-01 10:15:32,btc,521516.2326888725,0.0,0,btc,26809253.73522063,0.0,0.0,178
0,[],2,[],2019-01-20 23:28:34,0.0,0,0,6477001,2019-01-20 23:28:34,,0.0,0.0,0,,0.0,0.0,0.0,178
1,[],5,[],2019-07-06 02:08:50,0.0,0,0,7800832,2019-07-06 02:08:50,btc,0.0,6.904e-05,0,btc,0.0,0.0,0.0,179
0,[],22,[],2019-07-11 06:13:26,0.0,0,0,7802644,2019-07-11 06:13:26,,9.36181304,0.0,0,,14672378.311946675,0.0,0.0,179
0,[],23,[],2019-01-20 23:25:08,0.0,0,0,6476952,2019-01-20 23:25:08,,0.0,0.0,0,,0.0,0.0,0.0,179
1,[],22,[],2019-07-11 06:15:30,733690.172077922,0.00000035,0.000000000040418455,7802645,2019-07-11 06:15:30,BTC,40.59963413,0.0,0.00000035,"BTC,LTC",156889.83891278016,0.0019848500000687933,0.58129684,180
1,[],26,[],2019-07-11 06:15:30,0.0,0.00000010,0.00000000001154813,7802646,2019-07-11 06:15:30,btc,0.0,0.0,0.00000010,btc,0.0,0.0,0.0,180
1,[],17,[],2019-05-03 01:13:56,20504.725000000002,0.0000001,0.00000000000548003,7559141,2019-05-03 01:13:56,btc,5.2010695838400265,0.0,0.0000001,btc,5033.45945,0.0,0.0011504725,180
,[],7,[],2018-11-20 22:58:01,562227.975654,0.00000085,0.000000000036176765,4862015,2018-11-20 22:58:01,btc,21836.6059674,2491.87645172,,btc,749999.041456,0.00211021,0.127565380455,183
,[],5,[],2019-01-10 08:11:41,0.0,0,0,6347036,2019-01-10 08:11:41,btc,82.15055501,0.00261,,btc,1.19002445,0.0,0.0,187
,[],17,[],2018-11-16 20:58:10,4062536.27273,0.00000001,0.000000000000550501,4708775,2018-11-16 20:58:10,btc,3.36492563466,0.195460381006,,"btc,eth",110697919.549,0.0,0.0157628953496,187
1,[],24,[],2019-05-22 21:04:52,0.0,0.000000000014,0.0000000000000010960978,7670219,2019-05-22 21:04:52,btc,0.0,0.0,0.000000000014,btc,0.0,0.0,0.0,187
0,[],22,[],2019-07-11 06:15:32,0.0,0,0,7802647,2019-07-11 06:15:32,,7.54794454,0.0,0,,76361.7243344055,0.0,0.0,191
0,[],22,[],2019-06-17 14:33:34,0.0,0,0,7740182,2019-06-17 14:33:34,,0.0,0.0,0,,0.0,0.0,0.0,197
0,[],23,[],2019-01-20 23:31:41,0.0,0,0,6477079,2019-01-20 23:31:41,,0.0,0.0,0,,0.0,0.0,0.0,199
0,[],22,[],2019-07-11 06:15:35,0.0,0,0,7802648,2019-07-11 06:15:35,,10.58263174,0.0,0,,84280969.0,0.0,0.0,199
1,[],26,[],2019-07-11 06:15:35,0.0,0.00000000,0,7802649,2019-07-11 06:15:35,btc,0.0,0.0,0.00000000,btc,0.0,0.0,0.0,199
0,[],2,[],2019-01-20 23:30:49,0.0,0,0,6477059,2019-01-20 23:30:49,,0.0,0.0,0,,0.0,0.0,0.0,201
1,[],4,[],2019-01-25 15:51:35,2084389.58565343,0.00000936,0.000000000333526752,6499557,2019-01-25 15:51:35,btc,2.0092503037378524,0.0,0.00000936,btc,160195.80207885,0.19272417,1.242687955921835,211
1,[],7,[],2019-07-01 02:21:28,1170054124.6898527,0.00000018,0.000000000019815389999999997,7782694,2019-07-01 02:21:28,btc,1346735.6331920293,0.0,0.00000018,btc,5516233.71348162,0.0,11.954344045954047,212
1,[],24,[],2019-07-11 06:15:38,0.0,0.000000200000,0.00000000002309626,7802650,2019-07-11 06:15:38,btc,0.0,0.0,0.000000200000,btc,0.0,0.0,0.0,213
1,[],26,[],2019-07-11 06:15:38,0.0,0.00000040,0.00000000004619252,7802651,2019-07-11 06:15:38,btc,0.0,0.0,0.00000040,btc,0.0,0.0,0.0,213
1,[],12,[],2019-01-25 02:44:32,207462.42853209,0.000001080000000000000035831255497387193287295303889550268650054931640625,0.000000000038610756000000006,6493050,2019-01-25 02:44:32,btc,85023.03793723314,0.0,0.000001080000000000000035831255497387193287295303889550268650054931640625,btc,43675.73520027,0.000146250909087,0.0348620860622024,213
1,[],5,[],2019-05-30 00:07:46,0.0,0,0,7709357,2019-05-30 00:07:46,btc,0.0,0.06425239,0,btc,0.0,0.0,0.0,213
0,[],22,[],2019-07-11 06:15:41,0.0,0,0,7802652,2019-07-11 06:15:41,,9.54552254,0.0,0,,3658585.214064925,0.0,0.0,216
0,[],27,[],2019-07-11 06:15:46,0.0,0,0,7802653,2019-07-11 06:15:46,,175.1246374940976,0.0,0,"btc,ltc",465727.12534794,0.0,0.0,216
1,[],22,[],2019-07-11 06:15:50,527415.7307692308,0.00000013,0.000000000015012568999999998,7802654,2019-07-11 06:15:50,BTC,12055.84435269,0.0,0.00000013,BTC,611167.711394018,0.0,0.01920892,217
1,[],7,[],2019-06-27 19:02:35,0.0,0,0,7772298,2019-06-27 19:02:35,btc,2123800.2774640615,0.0,0,btc,82333746.4752352,0.0,0.0,219
0,[],27,[],2019-07-10 22:10:03,0.0,0,0,7800980,2019-07-10 22:10:03,,250.20642758069673,0.0,0,btc,46772.535837,0.0,0.0,219
0,[],28,[],2019-07-10 22:10:14,0.0,0,0,7800981,2019-07-10 22:10:14,,0.0,0.0,0,,0.0,0.0,0.0,219
0,[],22,[],2019-07-11 06:15:52,0.0,0,0,7802655,2019-07-11 06:15:52,,57.73116496,0.0,0,,182427.70709740353,0.0,0.0,221
1,[],24,[],2019-07-11 06:15:52,0.0,0.000000010000,0.000000000001154813,7802656,2019-07-11 06:15:52,btc,0.0,0.0,0.000000010000,btc,0.0,0.0,0.0,221
1,[],20,[],2019-06-17 14:34:11,26882155.8301,0.000000003,0.000000000000278742,7740192,2019-06-17 14:34:11,btc,100050.81956632523,233521.3529,0.000000003,btc,38769742.8604,0.0007925640587,0.0306863532672,224
0,[],22,[],2019-06-17 14:34:13,0.0,0,0,7740193,2019-06-17 14:34:13,,0.0,0.0,0,,0.0,0.0,0.0,224
1,[],26,[],2019-07-11 06:15:53,0.0,0.00000022,0.000000000025405886,7802657,2019-07-11 06:15:53,btc,0.0,0.0,0.00000022,btc,0.0,0.0,0.0,231
1,[],26,[],2019-07-11 06:15:53,0.0,0.00000005,0.000000000005774065,7802658,2019-07-11 06:15:53,btc,0.0,0.0,0.00000005,btc,0.0,0.0,0.0,234
0.0000000002360801,[],27,[],2019-07-11 06:15:57,100.0,2.360801e-18,2.7262836852129996e-22,7802659,2019-07-11 06:15:57,eth,0.0,0.0,0.00000001,"btc,eth",0.0,0.0,2.360801e-16,234
1,[],4,[],2019-05-22 17:06:12,91780.56053785,0.00000078,0.000000000061977552,7669277,2019-05-22 17:06:12,btc,5.573372450018177,0.0,0.00000078,btc,729173.93529783,0.0,0.0307060663355679,236
1,[],24,[],2019-05-22 17:06:12,0.0,0.000000010000,0.000000000000794584,7669278,2019-05-22 17:06:12,btc,0.0,0.0,0.000000010000,btc,0.0,0.0,0.0,236
1,[],5,[],2019-07-06 02:11:21,0.0,0,0,7800842,2019-07-06 02:11:21,btc,0.0,0.10652887,0,btc,0.0,0.0,0.0,237
1,[],20,[],2019-07-11 06:16:00,142332629.3175,0.000000048,0.0000000000055431023999999994,7802660,2019-07-11 06:16:00,btc,759.6122722272719,11603220.0947,0.000000048,btc,34589759.1928,0.5534774861612,0.709653459925,237
1,[],22,[],2019-07-11 06:16:03,2130206.0,0.00000004,0.000000000004619252,7802661,2019-07-11 06:16:03,BTC,1.20109922,0.0,0.00000004,"BTC,LTC",14430.948717948719,0.0,0.02809322,237
1,[],5,[],2019-07-06 02:11:32,0.0,0,0,7800846,2019-07-06 02:11:32,btc,0.0,0.05525444,0,btc,0.0,0.0,0.0,238
1,[],4,[],2019-07-11 06:16:04,26689722.8577686,0.00000004,0.000000000004619252,7802662,2019-07-11 06:16:04,btc,2.7720533128649802,0.0,0.00000004,btc,12817741.6423761,0.02550942,0.460470056084077,238
0.000000000088626,[],22,[],2019-07-11 06:16:08,419253.0,8.8626e-19,1.02346456938e-22,7802663,2019-07-11 06:16:08,LTC,0.40428224,0.0,0.00000001,LTC,497363.0639027493,0.0,0.00419253,249
0,[],22,[],2019-07-10 22:10:36,0.0,0,0,7800991,2019-07-10 22:10:36,,13.44711564,0.0,0,,43776457.3426455,0.0,0.0,252
1,[],28,[],2019-07-11 06:16:20,1606000.0,0.00000001,0.000000000001154813,7802664,2019-07-11 06:16:20,btc,205.638015435262,449759.41,0.00000001,btc,5694916.0522,0.0,0.01606,256
0.000000000088626,[],22,[],2019-07-11 06:16:23,1517.0,8.8626e-19,1.02346456938e-22,7802665,2019-07-11 06:16:23,LTC,31472.26719386,0.0,0.00000001,LTC,739642.028948892,0.0,1.517e-05,258
1,[],22,[],2019-05-19 18:12:02,400.0,0.00000001,0.0000000000007957800000000001,7653905,2019-05-19 18:12:02,BTC,2.415167,0.0,0.00000001,BTC,157.0,0.0,4e-06,259
1,[],20,[],2019-07-11 06:16:25,1002208.4457,0.000000132,0.0000000000152435316,7802666,2019-07-11 06:16:25,btc,0.587092919438,42881.3659,0.000000132,btc,63831.6243,0.0096951579545,0.0074672823673,264
1,[],5,[],2019-07-02 14:44:15,0.0,0,0,7788374,2019-07-02 14:44:15,btc,0.0,0.02775788,0,btc,0.0,0.0,0.0,264
0,[],22,[],2019-04-12 17:57:27,0.0,0,0,7278186,2019-04-12 17:57:27,,66.37522201,0.0,0,,677842.4169881374,0.0,0.0,271
0,[],22,[],2019-07-11 06:16:28,0.0,0,0,7802667,2019-07-11 06:16:28,,33050469.74148113,0.0,0,,14261527780.7,0.0,0.0,272
0.000000000000002795,[],28,[],2019-07-11 06:16:34,290463951924.846,3.0745e-22,3.5504725685e-26,7802668,2019-07-11 06:16:34,doge,62782078.38539004,229732582.0,0.00000011,doge,147445158206.97763,0.0,4.720282401142695e-11,272
1,[],22,[],2019-05-23 07:12:29,219930.0,0.00000004,0.000000000003048688,7671985,2019-05-23 07:12:29,BTC,426.77835217,0.0,0.00000004,BTC,248664.3325962929,0.0,0.00739728,281
1,[],22,[],2019-07-11 06:16:39,1047704.4,0.00000002,0.000000000002309626,7802669,2019-07-11 06:16:39,BTC,7.87553815,0.0,0.00000002,"BTC,LTC",1165241.3934563703,0.00027987,0.02659325,286
0,[],22,[],2019-07-11 03:51:22,0.0,0,0,7802145,2019-07-11 03:51:22,,7337942.20855518,0.0,0,,2077158967.6797826,0.0,0.0,294
