pairValue,buyBook,exchangeId,sellBook,updated,buyTotal,satoshiPrice,usdPrice,exchangeLogId,created,bestPair,sellTotalBtc,volume,pairPrice,activePairs,sellTotal,volumeBtc,buyTotalBtc,coinId
1,[],10,[],2019-07-13 08:58:05,251434.9725798,0.00271069,0.00000031407274150500003,7812232,2019-07-13 08:58:05,btc,6515.317158446701,1686.04548878,0.00271069,btc,2002.66956917,0.0,1.2639712180673435,1
1,[],3,[],2019-09-06 18:46:51,968.828209765381,0.007258289999999999707325226694365483126603066921234130859375,0.000000757155053811,7997582,2019-09-06 18:46:51,btc,9.328813089899393,0.0,0.007258289999999999707325226694365483126603066921234130859375,btc,34.741715024881,0.0,0.31332740484670196,1
1,[],4,[],2019-09-06 18:46:52,24982.43418068,0.00725000,0.000000756290275,7997583,2019-09-06 18:46:52,btc,7.391726981137074,0.0,0.00725000,btc,474.80507143,0.47469495,0.5412892536227482,1
1,[],12,[],2019-09-06 18:46:57,226.45516411,0.007300000000000000065225602696727946749888360500335693359375,0.00000076150607,7997584,2019-09-06 18:46:57,btc,0.29353691918270003,0.0,0.007300000000000000065225602696727946749888360500335693359375,btc,29.41482336,0.912873408182,0.2783879471735,1
1,[],20,[],2019-09-06 18:46:58,1931.5199,0.007103604,0.0000007410188445036,7997585,2019-09-06 18:46:58,btc,0.226472484444,0.662,0.007103604,btc,19.1381,0.004973438438,0.1237865956126,1
1,[],21,[],2019-09-06 18:46:59,2411.56338422,0.007353049999999999863931066102,0.000000767040028495,7997586,2019-09-06 18:46:59,btc,8.921199804674231,1719.06406212,0.0073530499999999998639310661019408144056797027587890625,"btc,eth",1761.70607328,11.853294225552629,14.523327864572327,1
1,[],22,[],2019-09-06 18:47:03,0.5198816666666667,0.00600000,0.0000006258954000000001,7997587,2019-09-06 18:47:03,BTC,0.01700334,0.0,0.00600000,BTC,0.283670650841137,0.0,0.00302178,1
1,[],24,[],2019-09-06 18:47:03,0.0,0.000000000000,0,7997588,2019-09-06 18:47:03,btc,0.0,0.0,0.000000000000,btc,0.0,0.0,0.0,1
0.0,[],25,[],2019-09-06 18:47:04,0.0,0,0,7997589,2019-09-06 18:47:04,btc,32.558699999253186,15222.63034021,0.0,btc,4299.8230379,111.1153,0.0,1
1,[],26,[],2019-09-06 19:08:44,0.0,0,0,7997590,2019-09-06 19:08:44,,0.0,0.0,0,,0.0,0.0,0.0,1
0,[],28,[],2019-09-06 19:08:46,0.0,0,0,7997591,2019-09-06 19:08:46,,0.0,0.0,0,,0.0,0.0,0.0,1
1,[],5,[],2019-07-06 00:27:44,0.0,0,0,7800775,2019-07-06 00:27:44,btc,0.0,0.00190933,0,btc,0.0,0.0,0.0,1
0,[],2,[],2019-01-20 23:28:45,0.0,0,0,6477011,2019-01-20 23:28:45,,0.0,0.0,0,,0.0,0.0,0.0,1
1,[],22,[],2019-09-06 18:44:27,9495.2,0.0000002,0.000000000020861560000000002,7997504,2019-09-06 18:44:27,BTC,21.00878619,0.0,0.0000002,"BTC,XMR",19931.59287795317,0.0,0.00102579,2
1,[],5,[],2019-07-06 00:28:14,0.0,0,0,7800785,2019-07-06 00:28:14,btc,0.0,0.00208797,0,btc,0.0,0.0,0.0,2
1,[],12,[],2019-08-28 21:17:40,5010914.74249396,0.000000058,0.000000000005696249600000001,7978048,2019-08-28 21:17:40,btc,43110.2619967908,0.0,0.000000058,btc,9228654.41588682,0.002779447687,0.20908922188989368,3
0,[],28,[],2019-08-28 21:17:42,0.0,0,0,7978049,2019-08-28 21:17:42,,0.0,0.0,0,,0.0,0.0,0.0,3
1,[],5,[],2019-06-03 14:48:58,0.0,0,0,7731126,2019-06-03 14:48:58,btc,0.0,0.05905545,0,btc,0.0,0.0,0.0,3
0,[],2,[],2019-01-20 23:31:32,0.0,0,0,6477077,2019-01-20 23:31:32,,0.0,0.0,0,,0.0,0.0,0.0,4
1,[],4,[],2019-08-19 07:13:39,5576051.9095195,0.00000012,0.000000000012681852,7911861,2019-08-19 07:13:39,btc,25.86361324985451,0.0,0.00000012,btc,1094878.27526979,0.00024951,0.0793524101309535,4
0,[],2,[],2019-01-20 23:31:51,0.0,0,0,6477087,2019-01-20 23:31:51,,0.0,0.0,0,,0.0,0.0,0.0,6
1,[],11,[],2019-08-15 15:27:29,324074.0,0.00000001,0.0000000000010065590000000001,7900084,2019-08-15 15:27:29,btc,9583.47119397936,4910218.0,0.00000001,btc,78345418.50750598,0.0,0.00324074,6
1,[],3,[],2019-09-06 18:44:30,11387.36447868005,0.00005878000000000000303639058341076406577485613524913787841796875,0.0000000061312124840000004,7997505,2019-09-06 18:44:30,btc,1026.2996445513056,154.135791584,0.00005878000000000000303639058341076406577485613524913787841796875,btc,498.884769529976,0.0,0.01866491292103817,7
1,[],4,[],2019-09-06 18:44:31,83864.20511983,0.00006157,0.000000006422231246000001,7997506,2019-09-06 18:44:31,btc,10.72395101931875,0.0,0.00006157,btc,71137.03307142,0.50384083,1.328239600478415,7
1,[],5,[],2019-07-06 00:28:21,0.0,0,0,7800789,2019-07-06 00:28:21,btc,0.0,0.38662001,0,btc,0.0,0.0,0.0,7
1,[],5,[],2019-07-05 17:50:59,0.0,0,0,7799863,2019-07-05 17:50:59,btc,0.0,0.04857279,0,btc,0.0,0.0,0.0,12
1,[],4,[],2019-09-06 18:44:32,7814760.54259169,0.00000015,0.00000000001564617,7997507,2019-09-06 18:44:32,btc,4.915256798216173,0.0,0.00000015,btc,10084404.61467046,0.40145572,0.5801155291462763,12
0.0,[],25,[],2019-09-06 18:44:34,0.0,0,0,7997508,2019-09-06 18:44:34,,0.0,0.0,0.0,btc,0.0,0.0,0.0,12
0,[],2,[],2019-01-20 23:23:08,0.0,0,0,6476890,2019-01-20 23:23:08,,0.0,0.0,0,,0.0,0.0,0.0,12
1,[],4,[],2019-09-06 18:44:35,909081.78646223,0.00000103,0.00000000010743703400000001,7997509,2019-09-06 18:44:35,btc,2.5984912434703564,0.0,0.00000103,btc,790028.2396426,0.16238663,0.2584973787710188,13
1,[],10,[],2019-09-06 18:44:37,694525.8557666,0.00000106,0.00000000011056626800000002,7997510,2019-09-06 18:44:37,btc,666828.3210596016,33239.5855328,0.00000106,btc,1007803.46729033,0.0,0.0861532834605009,13
1,[],21,[],2019-09-06 18:44:39,4322888.63301726,0.000001089999999999999940087530050,0.00000000011369550200000001,7997511,2019-09-06 18:44:39,btc,3.9446394076524296,552668.83502225,0.000001089999999999999940087530049537267728965161950327455997467041015625,btc,2115594.50698441,0.62324003,1.515198590782407,13
0,[],17,[],2019-08-21 20:54:35,0.0,0,0,7923253,2019-08-21 20:54:35,btc,0.0,0.0,0,btc,0.0,0.0,0.0,14
1,[],4,[],2019-09-06 18:44:40,993415.51124935,0.00000054,0.000000000056326212000000005,7997512,2019-09-06 18:44:40,btc,1.9565712005902105,0.0,0.00000054,btc,812308.12259976,0.02426225,0.1237992266796395,14
1,[],12,[],2019-09-06 18:44:41,210653.85702236,0.00000052,0.000000000054240056000000005,7997513,2019-09-06 18:44:41,btc,182.00224915941314,0.0,0.00000052,btc,37526.34585173,0.000114270099,0.0126399399999938,14
1,[],26,[],2019-09-06 18:44:41,0.0,0,0,7997514,2019-09-06 18:44:41,,0.0,0.0,0,,0.0,0.0,0.0,14
0,[],4,[],2019-09-06 18:44:42,0.0,0,0,7997515,2019-09-06 18:44:42,,0.0,0.0,0,,0.0,0.0,0.0,15
,[],12,[],2018-12-01 15:15:48,204241.84496,0.00000489,0.000000000202473384,5260204,2018-12-01 15:15:48,btc,49.5475654835,0.0,,btc,35763.2193806,0.0163153972027625,0.0203389899998,15
0,[],17,[],2019-08-21 20:54:42,0.0,0,0,7923259,2019-08-21 20:54:42,btc,0.0,0.0,0,btc,0.0,0.0,0.0,18
1,[],4,[],2019-09-06 18:44:43,27963.01420083,0.00000631,0.0000000006581822180000001,7997516,2019-09-06 18:44:43,btc,2.466689836344035,0.0,0.00000631,btc,28636.70955193,0.01411112,0.0284780920910167,18
1,[],10,[],2019-09-06 18:44:45,381991.38120126,0.00000591,0.0000000006164590980000001,7997517,2019-09-06 18:44:45,btc,14.898132506551848,37301.1301605,0.00000591,btc,12053.98314625,0.0,0.1800828698414586,18
1,[],12,[],2019-09-06 18:44:46,60378.56661902,0.00000600000000000000015200514458246772164784488268196582794189453125,0.0000000006258468000000001,7997518,2019-09-06 18:44:46,btc,0.5693601425701068,0.0,0.00000600000000000000015200514458246772164784488268196582794189453125,btc,2558.08439373,0.010994056775,0.014968839277312901,18
0,[],2,[],2019-01-20 23:23:38,0.0,0,0,6476906,2019-01-20 23:23:38,,0.0,0.0,0,,0.0,0.0,0.0,18
1,[],3,[],2019-09-06 18:44:47,154998.5921983252,0.000004930000000000000232188400450805687569300062023103237152099609375,0.0000000005142374540000001,7997519,2019-09-06 18:44:47,btc,190.4455897307418,0.0,0.000004930000000000000232188400450805687569300062023103237152099609375,btc,36371.163773179214,0.0,0.05141898460298679,19
1,[],4,[],2019-09-06 18:44:48,442248.64467231,0.00000451,0.0000000004704281780000001,7997520,2019-09-06 18:44:48,btc,3.0234343513569994,0.0,0.00000451,btc,288231.55036378,0.03642205,1.0587282541867271,19
1,[],12,[],2019-09-06 18:44:50,129794.04064686,0.0000044700000000000004012350347804005679108740878291428089141845703125,0.000000000466255866,7997521,2019-09-06 18:44:50,btc,0.3189973434890194,0.0,0.0000044700000000000004012350347804005679108740878291428089141845703125,btc,3325.31508773,0.0,0.019472829999878,19
0,[],27,[],2019-08-12 16:48:42,0.0,0,0,7891818,2019-08-12 16:48:42,,0.0,0.0,0,btc,0.0,0.0,0.0,19
0,[],2,[],2019-01-20 23:24:19,0.0,0,0,6476924,2019-01-20 23:24:19,,0.0,0.0,0,,0.0,0.0,0.0,19
1,[],5,[],2019-07-06 02:01:19,0.0,0,0,7800799,2019-07-06 02:01:19,btc,0.0,0.0,0,btc,0.0,0.0,0.0,19
1,[],4,[],2019-08-19 09:56:57,10479102.32813501,0.00000006,0.00000000000640596,7912317,2019-08-19 09:56:57,btc,4.984292824562718,0.0,0.00000006,btc,2305413.8842246,0.0,0.1263090499480169,20
0,[],17,[],2019-08-21 20:54:51,0.0,0,0,7923265,2019-08-21 20:54:51,btc,0.0,0.0,0,btc,0.0,0.0,0.0,21
0,[],4,[],2019-09-06 18:44:51,0.0,0,0,7997522,2019-09-06 18:44:51,,233646.54216506192,0.0,0,,177300824.59586042,0.0,0.0,21
0,[],12,[],2019-09-06 18:44:52,0.0,0,0,7997523,2019-09-06 18:44:52,btc,2617.132190890949,0.0,0,btc,8914397.89310687,0.0,0.0,21
0.0000000002204393,[],27,[],2019-07-29 17:24:02,79794022.5,8.5971327e-17,8.21370058158e-21,7852364,2019-07-29 17:24:02,eth,1253.5830452782222,787155.0,0.00000039,eth,2317982.66147653,6.7672759904685e-11,2.1948587434632156e-09,23
1,[],12,[],2019-09-06 18:44:53,2896509495.955,0.0000000017,0.00000000000017732326000000001,7997524,2019-09-06 18:44:53,btc,167285767729.99252,0.0,0.0000000017,btc,1898057547.0080533,0.137344226949,0.795308458428,23
1,[],4,[],2019-09-06 18:44:54,5827944.5705667,0.00000015,0.00000000001564617,7997525,2019-09-06 18:44:54,btc,4.535624025554936,0.0,0.00000015,btc,2125834.96173081,0.00510457,0.0987601150115477,24
0,[],22,[],2019-09-06 18:44:56,0.0,0,0,7997526,2019-09-06 18:44:56,,2.9367775,0.0,0,,2936.7775,0.0,0.0,24
0.0,[],25,[],2019-09-06 18:44:58,0.0,0,0,7997527,2019-09-06 18:44:58,,0.0,0.0,0.0,btc,0.0,0.0,0.0,24
1,[],4,[],2019-09-06 18:44:59,27527521.38115434,0.00000341,0.00000000035568959800000003,7997528,2019-09-06 18:44:59,btc,108.61790861179634,0.0,0.00000341,btc,1044289.75743572,0.07354422,0.5309211514350434,26
1,[],10,[],2019-09-06 18:45:01,215343.4504446,0.00000356,0.000000000371335768,7997529,2019-09-06 18:45:01,btc,25.71361268837982,7065.1376225,0.00000356,btc,19681.27208376,0.0,0.0358338009093172,26
0,[],2,[],2019-01-20 23:25:56,0.0,0,0,6476976,2019-01-20 23:25:56,,0.0,0.0,0,,0.0,0.0,0.0,26
0.00000000006288110000000001,[],4,[],2019-09-06 18:45:03,939364817.5480576,3.2069361e-17,3.3450844933158006e-21,7997530,2019-09-06 18:45:03,ltc,11.547975624690444,0.0,0.00000051,ltc,964089497.2132678,0.0,6.227689904831459e-09,29
1,[],7,[],2019-09-06 18:45:03,0.0,0,0,7997531,2019-09-06 18:45:03,btc,13538.45281853049,0.0,0,btc,40688558.89577821,0.0,0.0,29
0,[],17,[],2019-08-21 20:55:05,0.0,0,0,7923275,2019-08-21 20:55:05,btc,0.0,0.0,0,btc,0.0,0.0,0.0,30
1,[],4,[],2019-09-06 18:45:04,14082781.75891151,0.00000007,0.000000000007301546,7997532,2019-09-06 18:45:04,btc,2.495827124682325,0.0,0.00000007,btc,1932606.46675203,0.0,0.1646808168930549,30
1,[],4,[],2019-09-06 18:45:05,209332.73339964,0.00002176,0.000000002269737728,7997533,2019-09-06 18:45:05,btc,1.8926022011832657,0.0,0.00002176,btc,48669.75527396,0.22437248,0.152625622184477,31
1,[],21,[],2019-09-06 18:45:06,7468119.73303509,0.00002262999999999999847831791411,0.0000000023604855140000002,7997534,2019-09-06 18:45:06,btc,2.3671945162033095,88042.41287931,0.0000226299999999999984783179141079045848528039641678333282470703125,btc,80371.0041346,2.04903962,3.729632740261488,31
0,[],2,[],2019-01-20 23:28:43,0.0,0,0,6477009,2019-01-20 23:28:43,,0.0,0.0,0,,0.0,0.0,0.0,32
0,[],4,[],2019-09-06 18:45:07,0.0,0,0,7997535,2019-09-06 18:45:07,,0.0,0.0,0,,0.0,0.0,0.0,33
1,[],12,[],2019-03-30 07:55:10,40641173.964,0.00000003,0.000000000001228359,7108785,2019-03-30 07:55:10,btc,4233210.82356125,0.0,0.00000003,btc,28378394.68333462,0.0126927883965248,0.90752895892,33
0.00000000006288110000000001,[],4,[],2019-09-06 18:45:08,40887169.69629057,2.515244e-17,2.6235956810320005e-21,7997536,2019-09-06 18:45:08,ltc,6.13732707932986,0.0,0.0000004,ltc,191131382.40518144,0.0,3.265652108989842e-10,34
1,[],5,[],2019-07-06 02:03:46,0.0,0,0,7800811,2019-07-06 02:03:46,btc,0.0,0.0,0,btc,0.0,0.0,0.0,34
1,[],27,[],2019-08-12 16:26:17,6255.0,0.00000019,0.000000000021630303,7891745,2019-08-12 16:26:17,btc,22.61101824371233,0.0,0.00000019,btc,4198.924835,0.0,0.00091445,37
1,[],17,[],2019-08-21 20:55:15,210000.45146899,0.00000025,0.000000000025489949999999998,7923282,2019-08-21 20:55:15,btc,0.003138923777095,0.0,0.00000025,"btc,eth",803.94918473,0.0,0.0001001128676138302,37
1,[],4,[],2019-09-06 18:45:09,10978214.38953564,0.00000011,0.000000000011473858000000001,7997537,2019-09-06 18:45:09,btc,19773.219701028273,0.0,0.00000011,btc,2416108.95700698,0.00033011,0.1612737755175708,37
1,[],12,[],2019-09-06 18:45:10,8048057.84848484,0.00000012,0.000000000012516936,7997538,2019-09-06 18:45:10,btc,1679.3103379824213,0.0,0.00000012,btc,2360168.75403999,0.006984393746,0.2250745381818172,37
0,[],27,[],2019-08-12 16:26:27,0.0,0,0,7891747,2019-08-12 16:26:27,,0.001005,0.0,0,"btc,eth",3.0,0.0,0.0,42
1,[],12,[],2019-09-06 18:45:13,331178.29328723,0.00000084,0.00000000008761855200000001,7997539,2019-09-06 18:45:13,btc,486.6753259134124,0.0,0.00000084,btc,163023.28842433,0.0159846954,0.058777191617561696,42
1,[],5,[],2019-07-06 02:03:47,0.0,0,0,7800812,2019-07-06 02:03:47,btc,0.0,0.14382058,0,btc,0.0,0.0,0.0,42
1,[],12,[],2019-03-13 09:13:29,1112112.0,0.00000001,0.000000000000386531,6919902,2019-03-13 09:13:29,btc,29058.00478931866,0.0,0.00000001,btc,5967681.93306694,9.99000999e-07,0.01112112,43
1,[],5,[],2019-04-26 22:38:52,0.0,0,0,7474154,2019-04-26 22:38:52,btc,0.0,0.02638891,0,btc,0.0,0.0,0.0,43
0,[],17,[],2019-04-26 22:38:53,0.0,0,0,7474155,2019-04-26 22:38:53,btc,0.0,0.0,0,btc,0.0,0.0,0.0,43
0.00000000006288110000000001,[],4,[],2019-09-06 18:45:14,111633645.44251339,3.8357471e-17,4.0009834135738005e-21,7997540,2019-09-06 18:45:14,ltc,8614.741115463421,0.0,0.00000061,ltc,27046830.90040059,0.0,4.479770720799591e-10,49
0.0000000000673771,[],4,[],2019-09-01 13:37:52,277776288.3690458,1.4149191e-17,1.3535738675004002e-21,7981780,2019-09-01 13:37:52,ltc,31254.223411918138,0.0,0.00000021,ltc,165508145.920071,0.0,2.8136254903293817e-10,52
0,[],27,[],2019-08-12 16:26:37,0.0,0,0,7891750,2019-08-12 16:26:37,,0.0,0.0,0,"btc,eth",0.0,0.0,0.0,57
0,[],22,[],2019-09-06 18:45:16,0.0,0,0,7997541,2019-09-06 18:45:16,,10290.06395626,0.0,0,,285312171.3316013,0.0,0.0,57
1,[],17,[],2019-08-21 20:55:25,1200000.0,0.0000000001,0.00000000000001019598,7923289,2019-08-21 20:55:25,btc,1e+24,0.0,0.0000000001,"btc,eth",39506342.31952568,0.0,0.00010000000036633021,58
0.00000000006288110000000001,[],4,[],2019-09-06 18:45:17,1147349880.7009025,6.288110000000001e-19,6.558989202580001e-23,7997542,2019-09-06 18:45:17,ltc,19.7130197752316,0.0,0.00000001,ltc,5302268951.550812,0.0,7.214662258334152e-10,58
1,[],12,[],2019-09-06 18:45:18,99546120.925572,0.0000000001,0.000000000000010430780000000001,7997543,2019-09-06 18:45:18,btc,71957427.42156862,0.0,0.0000000001,btc,5116729574.345691,0.003309268447,0.0099546120925572,58
0.000000000073147,[],22,[],2019-09-06 18:45:22,626877.0,7.3147e-19,7.629802646600001e-23,7997544,2019-09-06 18:45:22,XMR,68.17454206,0.0,0.00000001,XMR,9626402.6,0.0,0.00626877,58
0,[],27,[],2019-07-29 19:34:56,0.0,0,0,7852673,2019-07-29 19:34:56,,1.97314195,0.0,0,"btc,eth",10936.9,0.0,0.0,61
0,[],22,[],2019-08-22 14:00:27,0.0,0,0,7929496,2019-08-22 14:00:27,,1000.95212109,0.0,0,,9656.689066014545,0.0,0.0,61
1,[],26,[],2019-08-22 14:00:27,0.0,0,0,7929497,2019-08-22 14:00:27,,0.0,0.0,0,,0.0,0.0,0.0,61
1,[],28,[],2019-08-22 14:00:41,40000.0,0.00000004,0.000000000004031476,7929498,2019-08-22 14:00:41,btc,0.242343945415105,338.0,0.00000004,btc,8016.46650005,0.0,0.001,61
1,[],5,[],2019-06-17 14:31:27,0.0,0,0,7740135,2019-06-17 14:31:27,btc,0.0,0.00079154,0,btc,0.0,0.0,0.0,61
1,[],4,[],2019-09-06 18:45:22,1925805.93092178,0.00000069,0.000000000071972382,7997545,2019-09-06 18:45:22,btc,3.048685390776407,0.0,0.00000069,btc,1311762.38831851,0.033592,0.8879239608447914,67
0.0,[],25,[],2019-09-06 18:45:24,0.0,0,0,7997546,2019-09-06 18:45:24,,0.0,0.0,0.0,btc,0.0,0.0,0.0,67
1,[],12,[],2019-06-02 06:23:14,910048.355,0.00000006,0.000000000005154929999999999,7725270,2019-06-02 06:23:14,btc,5.167005424215783,0.0,0.00000006,btc,738530.60239759,0.003159757462,0.0187188113,71
,[],5,[],2018-11-20 23:02:39,1.5e-07,0.00000005,0.000000000002128045,4862160,2018-11-20 23:02:39,btc,2.84511358,0.0,,btc,0.00036572,0.0,0.07381892,74
1,[],5,[],2019-07-06 00:15:01,0.0,0,0,7800749,2019-07-06 00:15:01,btc,0.0,0.01883861,0,btc,0.0,0.0,0.0,75
1,[],4,[],2019-09-06 18:45:25,162635.63664864,0.00005619,0.000000005861055282,7997547,2019-09-06 18:45:25,btc,54.945704236092745,0.0,0.00005619,btc,113745.95190537,1.79348414,0.9788999209850933,82
1,[],21,[],2019-09-06 18:45:26,777385.45942208,0.00005182000000000000191138771477,0.000000005405230196,7997548,2019-09-06 18:45:26,btc,3.4436446904673406,24366.69297849,0.0000518200000000000019113877147702851289068348705768585205078125,btc,46890.31457407,1.28304208,0.9068201967447166,82
0,[],4,[],2019-07-23 20:51:52,0.0,0,0,7830376,2019-07-23 20:51:52,,1.6413985531662756,0.0,0,,620289065.5915176,0.0,0.0,85
,[],22,[],2018-11-20 23:09:34,3408.1,0.0000001,0.0000000000041895,4862324,2018-11-20 23:09:34,BTC,0.04624735,0.0,,BTC,4990.0,0.0,0.00033081,86
1,[],22,[],2019-09-06 18:45:29,660385.5,0.00000002,0.000000000002086156,7997549,2019-09-06 18:45:29,BTC,1.8009685,0.0,0.00000002,BTC,1001727.347368421,0.00131134,0.00702783,87
1,[],27,[],2019-08-06 12:06:36,100155.0,0.00000003,0.000000000003516594,7875448,2019-08-06 12:06:36,btc,7.177196150774,345.0,0.00000003,btc,287406.89336,1.035e-05,0.00300465,87
,[],2,[],2018-11-20 23:10:47,0.0,0,0,4862359,2018-11-20 23:10:47,,0.0,0.0,,,0.0,0.0,0.0,88
0,[],2,[],2019-01-20 23:31:45,0.0,0,0,6477083,2019-01-20 23:31:45,,0.0,0.0,0,,0.0,0.0,0.0,91
1,[],12,[],2019-08-21 08:36:52,425737.18747014,0.00000027,0.00000000002755863,7920587,2019-08-21 08:36:52,btc,589.0196553122464,0.0,0.00000027,btc,329461.8088511,0.000457377432,0.0207804367963476,91
0,[],17,[],2019-08-21 08:36:53,0.0,0,0,7920588,2019-08-21 08:36:53,btc,0.0,0.0,0,btc,0.0,0.0,0.0,91
1,[],22,[],2019-08-21 08:36:57,54200.0,0.00000003,0.00000000000306207,7920589,2019-08-21 08:36:57,BTC,1.05335,0.0,0.00000003,"BTC,LTC",1839.95,0.0,0.002326,91
0,[],17,[],2019-08-21 20:55:48,0.0,0,0,7923301,2019-08-21 20:55:48,btc,0.0,0.0,0,btc,0.0,0.0,0.0,96
0.00000000006288110000000001,[],4,[],2019-09-06 18:45:29,591146203.167669,8.803354000000001e-18,9.182584883612001e-22,7997550,2019-09-06 18:45:29,ltc,18.439418636726607,0.0,0.00000014,ltc,219136908.1564109,0.0,6.28260740785357e-10,96
0,[],12,[],2019-09-06 18:45:31,0.0,0,0,7997551,2019-09-06 18:45:31,btc,109.43164546456543,0.0,0,btc,12010394.45654345,0.0,0.0,96
1,[],4,[],2019-09-06 18:45:31,126718.93817774,0.00001223,0.0000000012756843940000002,7997552,2019-09-06 18:45:31,btc,8.063263477103447,0.0,0.00001223,btc,186525.81284979,0.05720046,0.4787685145538401,100
0,[],2,[],2019-01-20 23:23:55,0.0,0,0,6476914,2019-01-20 23:23:55,,0.0,0.0,0,,0.0,0.0,0.0,100
1,[],22,[],2019-09-02 01:52:50,146000.0,0.00000002,0.0000000000019461180000000003,7985214,2019-09-02 01:52:50,BTC,26.50623849,0.0,0.00000002,BTC,10383.92,0.0,0.00162,101
1,[],27,[],2019-08-12 16:30:59,2050161.9,0.00000005,0.0000000000056921850000000005,7891762,2019-08-12 16:30:59,btc,261.32824567561846,0.0,0.00000005,btc,285690.80442935,0.0,0.060251537,105
1,[],12,[],2019-08-26 10:09:37,94297270.0,0.000000001,0.00000000000010357180000000001,7965278,2019-08-26 10:09:37,btc,339276.63475285517,0.0,0.000000001,btc,137493066.90169865,0.002908079082,0.09429727,105
1,[],27,[],2019-08-12 16:31:06,1.0,0.00000001,0.000000000001138437,7891764,2019-08-12 16:31:06,btc,0.0,0.0,0.00000001,"btc,eth",0.0,0.0,1e-08,112
0,[],22,[],2019-09-06 18:45:36,0.0,0,0,7997553,2019-09-06 18:45:36,,6.8000547,0.0,0,,3881260.0833333335,0.0,0.0,112
1,[],5,[],2019-07-06 00:19:31,0.0,0,0,7800761,2019-07-06 00:19:31,btc,0.0,0.0,0,btc,0.0,0.0,0.0,112
1,[],5,[],2019-07-06 00:19:43,0.0,0,0,7800765,2019-07-06 00:19:43,btc,0.0,0.0,0,btc,0.0,0.0,0.0,113
1,[],4,[],2019-08-23 18:16:44,371097.09099114,0.00000094,0.000000000097689594,7938037,2019-08-23 18:16:44,btc,6.337079582375524,0.0,0.00000094,btc,946945.41992512,0.00337055,0.1031406582583925,113
1,[],17,[],2019-08-21 20:55:59,212000.0,0.00000004,0.000000000004078392,7923307,2019-08-21 20:55:59,btc,1.3335225243619424,1.12e-06,0.00000004,btc,55804.73574154,0.0,0.00218,116
1,[],27,[],2019-08-02 18:48:59,95525.16595526,0.00000001,0.000000000001045936,7866367,2019-08-02 18:48:59,btc,3918.96487209,0.0,0.00000001,btc,88497.69,0.0,0.0009552516595526,116
1,[],4,[],2019-09-06 18:45:37,20299973.59049846,0.00000116,0.000000000120997048,7997554,2019-09-06 18:45:37,btc,129.86899212548644,0.0,0.00000116,btc,1627678.64981935,0.53071939,1.4290026690067468,120
1,[],7,[],2019-09-06 18:45:38,15364.14630087,0.00000821999999999999922568882926299238533829338848590850830078125,0.000000000857410116,7997555,2019-09-06 18:45:38,btc,60.760427801619066,0.0,0.00000821999999999999922568882926299238533829338848590850830078125,btc,4537.13059959,0.0,0.0050371069566453,120
1,[],17,[],2019-08-21 20:56:04,10000.0,0.00000001,0.000000000001019598,7923311,2019-08-21 20:56:04,btc,0.0953976503951408,0.0,0.00000001,btc,5037.62507334,0.0,0.0001,131
1,[],4,[],2019-09-06 18:45:41,176615.16106788,0.00000190,0.00000000019818482000000002,7997556,2019-09-06 18:45:41,btc,2.4107187508097807,0.0,0.00000190,btc,363785.86497389,0.02586728,0.1083032230653302,131
0,[],2,[],2019-01-20 23:25:46,0.0,0,0,6476969,2019-01-20 23:25:46,,0.0,0.0,0,,0.0,0.0,0.0,131
1,[],4,[],2019-08-20 14:43:19,8549.6097675,0.00005121,0.0000000054409242329999995,7915998,2019-08-20 14:43:19,btc,0.2921428325204394,0.0,0.00005121,btc,235.83446249,0.0,0.0027602632940558,135
1,[],3,[],2019-07-13 16:51:20,187.26592867,0.00000001,0.000000000001140965,7813490,2019-07-13 16:51:20,btc,419.77407087449336,1935513.62324,0.00000001,btc,3179086.72005867,0.0,1.8726592866999999e-06,136
1,[],4,[],2019-09-06 18:45:42,501596.0206123,0.00000346,0.000000000360904988,7997557,2019-09-06 18:45:42,btc,19.284572486314055,0.0,0.00000346,btc,432242.83528664,0.18585093,0.8239355016760173,137
1,[],12,[],2019-09-06 18:45:43,105779.69578286,0.00000323999999999999989573552967858649509480528649874031543731689453125,0.000000000337957272,7997558,2019-09-06 18:45:43,btc,38.54722192283413,0.0,0.00000323999999999999989573552967858649509480528649874031543731689453125,btc,40765.13320356,0.007904115491,0.0342182116687059,137
1,[],17,[],2019-08-21 20:56:08,32967.38636364,0.00000088,0.00000000008972462400000001,7923315,2019-08-21 20:56:08,btc,20.069762065592148,0.0,0.00000088,btc,2746.079105,0.0,0.0105613000000032,142
1,[],4,[],2019-09-06 18:45:44,296937.73161315,0.00002802,0.000000002922704556,7997559,2019-09-06 18:45:44,btc,3.2036986684827213,0.0,0.00002802,btc,71706.0398476,0.86130276,0.9596882717273904,142
1,[],20,[],2019-09-06 18:45:47,108964.2317,0.000022765,0.0000000023745670670000004,7997560,2019-09-06 18:45:47,btc,1.274897948259,0.0,0.000022765,btc,3549.3684,0.0,0.0051932498396,142
1,[],22,[],2019-09-06 18:45:50,10619.88,0.00000200,0.00000000020861560000000002,7997561,2019-09-06 18:45:50,BTC,1.55898515,0.0,0.00000200,BTC,835.8398331062671,0.0,0.00416696,142
0.0,[],25,[],2019-09-06 18:45:51,0.0,0,0,7997562,2019-09-06 18:45:51,,0.0,0.0,0.0,btc,0.0,0.0,0.0,142
0,[],28,[],2019-09-06 18:45:53,0.0,0,0,7997563,2019-09-06 18:45:53,,0.0,0.0,0,,0.0,0.0,0.0,142
1,[],5,[],2019-07-06 02:06:10,0.0,0,0,7800822,2019-07-06 02:06:10,btc,0.0,0.00140707,0,btc,0.0,0.0,0.0,142
0,[],22,[],2019-08-21 15:01:35,0.0,0,0,7922332,2019-08-21 15:01:35,,68.14027224,0.0,0,,718000153.5744588,0.0,0.0,143
0,[],22,[],2019-02-25 15:42:22,0.0,0,0,6783783,2019-02-25 15:42:22,,4.2131946,0.0,0,,2322156.0,0.0,0.0,146
,[],22,[],2018-11-20 23:01:11,0.0,0,0,4862114,2018-11-20 23:01:11,,2.56807021,0.0,,,61828.4988236,0.0,0.0,147
1,[],12,[],2019-04-21 06:38:04,193091.5971266,0.00000071,0.000000000037635183,7388679,2019-04-21 06:38:04,btc,2.301232411611175,0.0,0.00000071,btc,9957.48302385,0.00023528,0.0313308199999888,148
1,[],5,[],2019-04-26 09:36:59,0.0,0,0,7465040,2019-04-26 09:36:59,btc,0.0,0.0,0,btc,0.0,0.0,0.0,153
0,[],22,[],2019-09-06 18:45:55,0.0,0,0,7997564,2019-09-06 18:45:55,,6.87813965,0.0,0,,4570228.592592592,0.0,0.0,156
0,[],23,[],2019-01-20 23:24:29,0.0,0,0,6476932,2019-01-20 23:24:29,,0.0,0.0,0,,0.0,0.0,0.0,156
1,[],22,[],2019-09-06 18:45:58,6996.0,0.00000001,0.000000000001043078,7997565,2019-09-06 18:45:58,BTC,1.7547719,0.0,0.00000001,BTC,64.8,0.0,6.996e-05,157
0,[],22,[],2019-08-17 00:05:41,0.0,0,0,7905012,2019-08-17 00:05:41,,50234.60468402,0.0,0,,54786159.03179465,0.0,0.0,158
,[],17,[],2018-11-20 22:56:10,0.0,0,0,4861976,2018-11-20 22:56:10,btc,1.1265625,0.0,,btc,1000.0,0.0,0.0,159
,[],20,[],2018-11-20 22:56:12,0.0,0,0,4861977,2018-11-20 22:56:12,btc,11912.7940471,0.0,,btc,34413894.3617,0.0,0.0,159
1,[],22,[],2019-09-06 18:46:02,4610.318181818182,0.00000001,0.000000000001043078,7997566,2019-09-06 18:46:02,BTC,22.8347312,0.0,0.00000001,"BTC,LTC",293247.6604070517,0.0,0.00046386,171
0.0000000000644549,[],22,[],2019-09-03 05:10:10,94000.0,6.44549e-19,6.64851004402e-23,7989885,2019-09-03 05:10:10,LTC,17.607944,0.0,0.00000001,LTC,1473441.0846050987,0.0,0.00094,173
1,[],5,[],2019-07-06 02:08:45,0.0,0,0,7800830,2019-07-06 02:08:45,btc,0.0,0.00700197,0,btc,0.0,0.0,0.0,175
0,[],22,[],2019-08-19 04:17:22,0.0,0,0,7911532,2019-08-19 04:17:22,,393.97295672,0.0,0,,135375.61833431243,0.0,0.0,176
1,[],7,[],2019-07-01 10:15:32,0.0,0,0,7783526,2019-07-01 10:15:32,btc,521516.2326888725,0.0,0,btc,26809253.73522063,0.0,0.0,178
0,[],22,[],2019-09-06 18:46:04,0.0,0,0,7997567,2019-09-06 18:46:04,,1.00205534,0.0,0,,62828.0,0.0,0.0,178
0,[],2,[],2019-01-20 23:28:34,0.0,0,0,6477001,2019-01-20 23:28:34,,0.0,0.0,0,,0.0,0.0,0.0,178
1,[],5,[],2019-07-06 02:08:50,0.0,0,0,7800832,2019-07-06 02:08:50,btc,0.0,6.904e-05,0,btc,0.0,0.0,0.0,179
0.00000000006288110000000001,[],22,[],2019-09-06 18:46:07,685749.7,1.8864330000000003e-17,1.9676967607740003e-21,7997568,2019-09-06 18:46:07,LTC,10.20937404,0.0,0.0000003,LTC,14612113.811946675,0.0,0.20572491,179
0,[],23,[],2019-01-20 23:25:08,0.0,0,0,6476952,2019-01-20 23:25:08,,0.0,0.0,0,,0.0,0.0,0.0,179
1,[],17,[],2019-08-21 20:57:03,32504.725000000002,0.00000015,0.00000000001529397,7923326,2019-08-21 20:57:03,btc,5.201614863967379,8e-06,0.00000015,btc,5020.40125,0.0,0.0029504724999999997,180
1,[],22,[],2019-09-06 18:46:11,898406.2863636364,0.00000035,0.00000000003650773,7997569,2019-09-06 18:46:11,BTC,2.96647879,0.0,0.00000035,"BTC,LTC",251818.19936367098,0.00010955,0.90349348,180
1,[],26,[],2019-09-06 18:46:11,0.0,0,0,7997570,2019-09-06 18:46:11,,0.0,0.0,0,,0.0,0.0,0.0,180
,[],7,[],2018-11-20 22:58:01,562227.975654,0.00000085,0.000000000036176765,4862015,2018-11-20 22:58:01,btc,21836.6059674,2491.87645172,,btc,749999.041456,0.00211021,0.127565380455,183
,[],5,[],2019-01-10 08:11:41,0.0,0,0,6347036,2019-01-10 08:11:41,btc,82.15055501,0.00261,,btc,1.19002445,0.0,0.0,187
,[],17,[],2018-11-16 20:58:10,4062536.27273,0.00000001,0.000000000000550501,4708775,2018-11-16 20:58:10,btc,3.36492563466,0.195460381006,,"btc,eth",110697919.549,0.0,0.0157628953496,187
1,[],24,[],2019-05-22 21:04:52,0.0,0.000000000014,0.0000000000000010960978,7670219,2019-05-22 21:04:52,btc,0.0,0.0,0.000000000014,btc,0.0,0.0,0.0,187
0,[],23,[],2019-01-20 23:31:41,0.0,0,0,6477079,2019-01-20 23:31:41,,0.0,0.0,0,,0.0,0.0,0.0,199
0,[],22,[],2019-09-06 18:46:13,0.0,0,0,7997571,2019-09-06 18:46:13,,6.97417052,0.0,0,,108405779.0,0.0,0.0,199
1,[],26,[],2019-09-06 18:46:13,0.0,0,0,7997572,2019-09-06 18:46:13,,0.0,0.0,0,,0.0,0.0,0.0,199
1,[],4,[],2019-01-25 15:51:35,2084389.58565343,0.00000936,0.000000000333526752,6499557,2019-01-25 15:51:35,btc,2.0092503037378524,0.0,0.00000936,btc,160195.80207885,0.19272417,1.242687955921835,211
1,[],7,[],2019-07-01 02:21:28,1170054124.6898527,0.00000018,0.000000000019815389999999997,7782694,2019-07-01 02:21:28,btc,1346735.6331920293,0.0,0.00000018,btc,5516233.71348162,0.0,11.954344045954047,212
0,[],22,[],2019-08-19 07:38:07,0.0,0,0,7911940,2019-08-19 07:38:07,,6.8412543,0.0,0,,3272264.174064925,0.0,0.0,216
1,[],27,[],2019-08-12 16:37:52,320029.088,0.00000001,0.000000000001138437,7891783,2019-08-12 16:37:52,btc,176.0318120012664,0.0,0.00000001,"btc,ltc",485496.05456794,0.0,0.00320029088,216
1,[],22,[],2019-09-06 18:46:18,520562.71135531133,0.00000015,0.00000000001564617,7997573,2019-09-06 18:46:18,BTC,12055.78901607,0.0,0.00000015,BTC,589243.7278112386,0.01531875,0.03366153,217
0,[],22,[],2019-08-29 16:52:21,0.0,0,0,7978120,2019-08-29 16:52:21,,4.69007484,0.0,0,,180254.70709740353,0.0,0.0,221
1,[],24,[],2019-08-29 16:52:22,0.0,0.000000010000,0.000000000000950592,7978121,2019-08-29 16:52:22,btc,0.0,0.0,0.000000010000,btc,0.0,0.0,0.0,221
1,[],26,[],2019-09-06 18:46:18,0.0,0,0,7997574,2019-09-06 18:46:18,,0.0,0.0,0,,0.0,0.0,0.0,231
0.0000000001859265,[],27,[],2019-08-12 16:38:10,100.0,1.859265e-18,2.1166560688050002e-22,7891787,2019-08-12 16:38:10,eth,0.0,0.0,0.00000001,"btc,eth",0.0,0.0,1.8592649999999999e-16,234
1,[],26,[],2019-09-06 18:46:18,0.0,0,0,7997575,2019-09-06 18:46:18,,0.0,0.0,0,,0.0,0.0,0.0,234
1,[],5,[],2019-07-06 02:11:21,0.0,0,0,7800842,2019-07-06 02:11:21,btc,0.0,0.10652887,0,btc,0.0,0.0,0.0,237
1,[],20,[],2019-09-06 18:46:20,39531039.0463,0.000000028,0.0000000000029206184000000004,7997576,2019-09-06 18:46:20,btc,521.5476248135361,1694364.6443,0.000000028,btc,34319120.5389,0.0473326324083,0.2369755414366,237
1,[],22,[],2019-09-06 18:46:24,1837861.0,0.00000001,0.000000000001043078,7997577,2019-09-06 18:46:24,BTC,1.20569942,0.0,0.00000001,"BTC,LTC",60432.94871794872,0.0,0.01837861,237
1,[],5,[],2019-07-06 02:11:32,0.0,0,0,7800846,2019-07-06 02:11:32,btc,0.0,0.05525444,0,btc,0.0,0.0,0.0,238
1,[],4,[],2019-08-18 21:55:28,28766182.9187235,0.00000006,0.0000000000062177580000000004,7910606,2019-08-18 21:55:28,btc,2.1262004590211685,0.0,0.00000006,btc,15667280.40051822,0.02567584,0.5811165339764514,238
0.0000000000711565,[],22,[],2019-08-17 13:20:25,419253.0,7.115650000000001e-19,7.3700771814e-23,7906682,2019-08-17 13:20:25,LTC,0.40427224,0.0,0.00000001,LTC,496363.0639027493,0.0,0.00419253,249
0,[],22,[],2019-09-06 18:46:27,0.0,0,0,7997578,2019-09-06 18:46:27,,13.4488406,0.0,0,,43819581.3426455,0.0,0.0,252
0,[],28,[],2019-09-06 18:46:28,0.0,0,0,7997579,2019-09-06 18:46:28,,0.0,0.0,0,,0.0,0.0,0.0,256
0.0000000000916764,[],22,[],2019-07-23 20:12:22,1517.0,9.16764e-19,9.31930943616e-23,7830286,2019-07-23 20:12:22,LTC,31474.63788373,0.0,0.00000001,LTC,1024398.9185893413,0.0,1.517e-05,258
1,[],5,[],2019-07-02 14:44:15,0.0,0,0,7788374,2019-07-02 14:44:15,btc,0.0,0.02775788,0,btc,0.0,0.0,0.0,264
1,[],20,[],2019-09-06 18:46:30,939449.2017,0.00000033,0.000000000034421574,7997580,2019-09-06 18:46:30,btc,0.4705973141416,13099.0638,0.00000033,btc,49393.1013,0.0049185467059,0.0170448900975,264
0,[],22,[],2019-08-27 11:47:19,0.0,0,0,7977618,2019-08-27 11:47:19,,33050469.74148113,0.0,0,,14261527780.7,0.0,0.0,272
0.0000000000000025860000000000002,[],28,[],2019-08-27 11:47:30,139196263259.852,3.1032000000000002e-22,3.1535059752e-26,7977619,2019-08-27 11:47:30,doge,1708945031879160.8,7392150085.764,0.00000012,doge,49126229218.319,0.0,3.124217329408538e-11,272
0,[],22,[],2019-09-06 18:46:33,0.0,0,0,7997581,2019-09-06 18:46:33,,73.4668573,0.0,0,,1523613.3487135023,0.0,0.0,286
