pairValue,buyBook,exchangeId,sellBook,updated,buyTotal,satoshiPrice,usdPrice,exchangeLogId,created,bestPair,sellTotalBtc,volume,pairPrice,activePairs,sellTotal,volumeBtc,buyTotalBtc,coinId
1,[],20,[],2019-04-07 03:49:23,1188.0335,0.01322002,0.00000067844481639,7204608,2019-04-07 03:49:23,btc,0.0310524529545,5.9492,0.01322002,btc,1.7055,0.0931820198264,0.1722391496141,1
1,[],21,[],2019-04-07 03:49:26,2382.96970392,0.01334697999999999960818453104,0.00000068496034011,7204609,2019-04-07 03:49:26,btc,18.424501918235876,3131.21855574,0.01334697999999999960818453104138825437985360622406005859375,"btc,eth",1838.94887156,40.58634771657036,23.39466517414685,1
1,[],22,[],2019-04-07 03:49:29,0.07690488253968254,0.01260000,0.0000006466257,7204610,2019-04-07 03:49:29,BTC,0.31439419,0.0,0.01260000,BTC,0.12751438772928525,0.0,0.0009684,1
1,[],24,[],2019-04-07 03:49:29,0.0,0.000000000000,0,7204611,2019-04-07 03:49:29,btc,0.0,0.0,0.000000000000,btc,0.0,0.0,0.0,1
0.0,[],25,[],2019-04-07 03:49:30,0.0,0,0,7204612,2019-04-07 03:49:30,btc,18.449999999308403,1615.84918904,0.0,btc,1341.63814373,21.9111,0.0,1
1,[],26,[],2019-04-07 03:49:31,0.0,0,0,7204613,2019-04-07 03:49:31,,0.0,0.0,0,,0.0,0.0,0.0,1
1,[],28,[],2019-04-07 03:40:10,988.9,0.01300200,0.0000006668491764,7204428,2019-04-07 03:40:10,btc,0.158971879,18163.47,0.01300200,btc,8.7032,0.0,0.037553096,1
0,[],2,[],2019-01-20 23:28:45,0.0,0,0,6477011,2019-01-20 23:28:45,,0.0,0.0,0,,0.0,0.0,0.0,1
1,[],3,[],2019-04-07 03:49:13,31416.354592384687,0.013339969999999999605844180905478424392640590667724609375,0.000000684600590415,7204603,2019-04-07 03:49:13,btc,60.125932464165146,0.0,0.013339969999999999605844180905478424392640590667724609375,btc,16.268260537416,0.0,0.47518297188840586,1
1,[],4,[],2019-04-07 03:49:14,233852.50518661,0.01332892,0.00000068403350994,7204604,2019-04-07 03:49:14,btc,8.952527127933976,0.0,0.01332892,btc,323.80531598,1.27046059,1.8058969834053225,1
1,[],5,[],2019-04-07 03:49:16,0.0,0,0,7204605,2019-04-07 03:49:16,btc,0.0,0.07831529,0,btc,0.0,0.0,0.0,1
1,[],10,[],2019-04-07 03:49:19,422045.04549217,0.00994982,0.00000051061978749,7204606,2019-04-07 03:49:19,btc,6522.277298062539,1277.09406617,0.00994982,btc,1181.67180832,0.0,4.442096897383592,1
1,[],12,[],2019-04-07 03:49:22,64.10815087,0.01339000000000000085986773257218374055810272693634033203125,0.000000687168105,7204607,2019-04-07 03:49:22,btc,0.4277472319182,0.0,0.01339000000000000085986773257218374055810272693634033203125,btc,23.43608626,0.663073986621,0.2045816585336,1
1,[],5,[],2019-04-07 03:49:36,0.0,0,0,7204615,2019-04-07 03:49:36,btc,0.0,0.13335948,0,btc,0.0,0.0,0.0,2
0.0000000001344185,[],22,[],2019-04-07 03:49:39,1148.0,1.4786035e-16,7.588119231825e-21,7204616,2019-04-07 03:49:39,XMR,21.02425527,0.0,0.00000110,XMR,24942.398537272726,0.0,0.00087635,2
1,[],5,[],2019-04-07 03:40:28,0.0,0,0,7204431,2019-04-07 03:40:28,btc,0.0,0.06849135,0,btc,0.0,0.0,0.0,3
1,[],12,[],2019-04-07 03:40:30,2518245.94114331,0.00000019,0.000000000009744758,7204432,2019-04-07 03:40:30,btc,23498.977983232013,0.0,0.00000019,btc,2378263.49246179,0.03083751325648672,0.3176678076845958,3
0,[],28,[],2019-04-07 03:40:31,0.0,0,0,7204433,2019-04-07 03:40:31,,0.0,0.0,0,,0.0,0.0,0.0,3
0,[],2,[],2019-01-20 23:31:32,0.0,0,0,6477077,2019-01-20 23:31:32,,0.0,0.0,0,,0.0,0.0,0.0,4
1,[],4,[],2019-03-31 15:22:41,353217.65794564,0.00000029,0.000000000011904674,7122029,2019-03-31 15:22:41,btc,32.078041210795526,0.0,0.00000029,btc,733585.73137669,0.0,0.0341999475799974,4
1,[],12,[],2019-04-07 03:49:40,802028.0,0.00000001,0.000000000000513195,7204617,2019-04-07 03:49:40,btc,1111896.6064659702,0.0,0.00000001,btc,1521428.00798202,0.0,0.00802028,5
1,[],11,[],2019-04-07 03:49:42,5267153.66422,0.00000002,0.00000000000102639,7204618,2019-04-07 03:49:42,btc,9584.20755480728,12666.6,0.00000002,btc,42977866.54863166,0.0,0.0586245366422,6
0,[],2,[],2019-01-20 23:31:51,0.0,0,0,6477087,2019-01-20 23:31:51,,0.0,0.0,0,,0.0,0.0,0.0,6
1,[],3,[],2019-04-07 03:49:43,1123.26932820072,0.0001565199999999999989734600358559646338107995688915252685546875,0.00000000803252814,7204619,2019-04-07 03:49:43,btc,2.691797855977003,0.0,0.0001565199999999999989734600358559646338107995688915252685546875,btc,298.919206426181,0.0,0.0344975441092405,7
1,[],4,[],2019-04-07 03:49:44,75915.87251863,0.00021159,0.000000010858693005,7204620,2019-04-07 03:49:44,btc,11.368239946302898,0.0,0.00021159,btc,38874.73395224,4.12378734,5.384672700131655,7
1,[],5,[],2019-04-07 03:49:47,0.0,0,0,7204621,2019-04-07 03:49:47,btc,0.0,0.11259878,0,btc,0.0,0.0,0.0,7
1,[],20,[],2019-04-04 05:40:47,4271533.0066,0.000000001,0.000000000000049976400000000003,7169322,2019-04-04 05:40:47,btc,30.6354288730721,0.0,0.000000001,btc,17991077.4875,0.0,0.0042715330066,8
1,[],4,[],2019-04-07 03:49:49,1279408.8245631,0.00000117,0.000000000060043815,7204622,2019-04-07 03:49:49,btc,4.718462627839145,0.0,0.00000117,btc,2908523.69614905,1.41523256,0.9108799954629593,9
1,[],28,[],2019-04-07 03:49:51,18305.0,0.0000005,0.00000000002565975,7204623,2019-04-07 03:49:51,btc,2708.782593555347,3575653.137,0.0000005,btc,25383.8518,0.0,0.00198655,9
0,[],2,[],2019-01-20 23:22:42,0.0,0,0,6476876,2019-01-20 23:22:42,,0.0,0.0,0,,0.0,0.0,0.0,9
0,[],23,[],2019-01-20 23:22:48,0.0,0,0,6476878,2019-01-20 23:22:48,,0.0,0.0,0,,0.0,0.0,0.0,9
1,[],1,[],2019-02-17 23:31:42,1822507.21,0.00000181000000000000003456111265232042484285557293333113193511962890625,0.000000000066086901,6701244,2019-02-17 23:31:42,btc,3.6990969245,17153386.5,0.00000181000000000000003456111265232042484285557293333113193511962890625,btc,1997391.71,31.11772986,3.2610482446,9
1,[],4,[],2019-02-17 11:22:43,4341674.27126056,0.00000002,0.0000000000007272960000000001,6696112,2019-02-17 11:22:43,btc,0.1997230937751353,0.0,0.00000002,btc,4109766.79808031,0.00215132,0.0479381022052112,10
1,[],4,[],2019-04-07 03:49:52,3929359.73153699,0.00000131,0.000000000067228545,7204624,2019-04-07 03:49:52,btc,6.749115435654019,0.0,0.00000131,btc,3671980.0345076,2.11125349,2.329414357195316,12
1,[],5,[],2019-04-07 03:49:54,0.0,0,0,7204625,2019-04-07 03:49:54,btc,0.0,0.0364369,0,btc,0.0,0.0,0.0,12
0.0,[],25,[],2019-04-07 03:49:56,0.0,0,0,7204626,2019-04-07 03:49:56,,0.0,0.0,0.0,btc,0.0,0.0,0.0,12
0,[],2,[],2019-01-20 23:23:08,0.0,0,0,6476890,2019-01-20 23:23:08,,0.0,0.0,0,,0.0,0.0,0.0,12
1,[],4,[],2019-04-07 03:49:57,32082787.38160549,0.00000947,0.000000000485995665,7204627,2019-04-07 03:49:57,btc,3.796800903236364,0.0,0.00000947,btc,288358.39379029,1.67411813,1.6572930421598229,13
1,[],21,[],2019-04-07 03:50:01,1009970.30029613,0.000009340000000000000360852840664,0.00000000047932413,7204628,2019-04-07 03:50:01,btc,4.373146851831225,1809518.86974696,0.000009340000000000000360852840664005469761832500807940959930419921875,btc,415562.4669478,17.4228803,8.48768694656233,13
1,[],10,[],2019-04-07 02:41:24,563398.40652114,0.00000901,0.000000000457650336,7204069,2019-04-07 02:41:24,btc,666790.15022641,8163.89907641,0.00000901,btc,611324.88164399,0.0,1.2361807634960114,13
1,[],4,[],2019-04-07 03:50:02,1818234.95757779,0.00000113,0.000000000057991035,7204629,2019-04-07 03:50:02,btc,6.216003327871396,0.0,0.00000113,btc,948222.23029854,0.00306943,0.2363204186828143,14
1,[],12,[],2019-04-07 03:50:03,313643.68315807,0.000001,0.0000000000513195,7204630,2019-04-07 03:50:03,btc,0.157557305974,0.0,0.000001,btc,11104.003996,0.000605804195807,0.040948989999958704,14
0,[],17,[],2019-04-07 03:50:04,0.0,0,0,7204631,2019-04-07 03:50:04,btc,0.0,0.0,0,btc,0.0,0.0,0.0,14
1,[],26,[],2019-04-07 03:50:05,0.0,0.00000050,0.00000000002565975,7204632,2019-04-07 03:50:05,btc,0.0,0.0,0.00000050,btc,0.0,0.0,0.0,14
0,[],4,[],2019-04-07 03:50:05,0.0,0,0,7204633,2019-04-07 03:50:05,,0.0,0.0,0,,0.0,0.0,0.0,15
,[],12,[],2018-12-01 15:15:48,204241.84496,0.00000489,0.000000000202473384,5260204,2018-12-01 15:15:48,btc,49.5475654835,0.0,,btc,35763.2193806,0.0163153972027625,0.0203389899998,15
1,[],4,[],2019-04-07 03:50:07,26402.15288941,0.00001559,0.0000000008000710049999999,7204634,2019-04-07 03:50:07,btc,1.0329580673400869,0.0,0.00001559,btc,14849.51754483,0.02180963,0.0779640020086117,18
1,[],10,[],2019-04-07 03:50:10,480024.26096516,0.00001593,0.0000000008175196350000001,7204635,2019-04-07 03:50:10,btc,15.393424388205428,12526.8180929,0.00001593,btc,13811.11811665,0.0,0.0689616113761407,18
1,[],12,[],2019-04-07 03:50:11,315382.88563728,0.00001554000000000000029204937079807535837971954606473445892333984375,0.00000000079750503,7204636,2019-04-07 03:50:11,btc,33874.33758790841,0.0,0.00001554000000000000029204937079807535837971954606473445892333984375,btc,1030.23146226,0.0035702172115665,0.0334998754166404,18
0,[],17,[],2019-04-07 03:50:13,0.0,0,0,7204637,2019-04-07 03:50:13,btc,0.0,0.0,0,btc,0.0,0.0,0.0,18
0,[],2,[],2019-01-20 23:23:38,0.0,0,0,6476906,2019-01-20 23:23:38,,0.0,0.0,0,,0.0,0.0,0.0,18
1,[],3,[],2019-04-07 03:50:13,125022.3700256388,0.00003021000000000000044347338301609084965093643404543399810791015625,0.000000001550362095,7204638,2019-04-07 03:50:13,btc,0.37334476884781254,3482.28333262,0.00003021000000000000044347338301609084965093643404543399810791015625,btc,6309.975750600733,0.0,0.22563327975504005,19
1,[],4,[],2019-04-07 03:50:14,285026.27625348,0.00003653,0.000000001874701335,7204639,2019-04-07 03:50:14,btc,9.20172228774682,0.0,0.00003653,btc,163829.25859489,2.85175086,4.403092753881739,19
1,[],5,[],2019-04-07 03:50:16,0.0,0,0,7204640,2019-04-07 03:50:16,btc,0.0,4.081e-05,0,btc,0.0,0.0,0.0,19
1,[],12,[],2019-04-07 03:50:17,184542.941731,0.000035049999999999998149223523480344510971917770802974700927734375,0.000000001798748475,7204641,2019-04-07 03:50:17,btc,0.0938404382683074,0.0,0.000035049999999999998149223523480344510971917770802974700927734375,btc,480.36529762,0.00059381,0.0933188569841565,19
0,[],27,[],2019-04-07 03:42:04,0.0,0,0,7204459,2019-04-07 03:42:04,,0.0,0.0,0,,0.0,0.0,0.0,19
0,[],2,[],2019-01-20 23:24:19,0.0,0,0,6476924,2019-01-20 23:24:19,,0.0,0.0,0,,0.0,0.0,0.0,19
1,[],4,[],2019-04-07 03:42:05,1423114.09920322,0.00000011,0.000000000005641702,7204460,2019-04-07 03:42:05,btc,6.074298577343329,0.0,0.00000011,btc,2365861.04881084,0.0,0.0461847363435042,20
1,[],4,[],2019-04-07 03:42:06,88990662.54345188,0.00000001,0.000000000000512882,7204461,2019-04-07 03:42:06,btc,51.15012427083107,0.0,0.00000001,btc,63900683.55856905,0.0007338,0.8899066254345188,21
1,[],12,[],2019-04-07 03:42:08,10305683.0,0.00000001,0.000000000000512882,7204462,2019-04-07 03:42:08,btc,2904.544392588981,0.0,0.00000001,btc,5075011.70629371,0.00174333,0.10305683,21
0,[],17,[],2019-04-07 03:42:10,0.0,0,0,7204463,2019-04-07 03:42:10,btc,0.0,0.0,0,btc,0.0,0.0,0.0,21
1,[],12,[],2019-04-07 03:42:12,3678667793.0,0.0000000002,0.00000000000001025764,7204464,2019-04-07 03:42:12,btc,317475322038.38153,0.0,0.0000000002,btc,2208307050.8411593,0.02676351951228777,0.46761872590000003,23
0,[],27,[],2019-04-07 03:42:12,0.0,0,0,7204465,2019-04-07 03:42:12,,0.0,0.0,0,,0.0,0.0,0.0,23
1,[],4,[],2019-04-07 03:42:13,450503.69021372,0.00000042,0.000000000021541044,7204466,2019-04-07 03:42:13,btc,13.483702554669444,0.0,0.00000042,btc,2093518.66720054,0.0175389,0.1289980381330678,24
1,[],22,[],2019-04-07 03:42:16,11.76,0.00000100,0.0000000000512882,7204467,2019-04-07 03:42:16,BTC,7.415e-05,0.0,0.00000100,BTC,23.919354838709676,0.0,1.176e-05,24
0.0,[],25,[],2019-04-07 03:42:18,0.0,0,0,7204468,2019-04-07 03:42:18,,0.0,0.0,0.0,btc,0.0,0.0,0.0,24
1,[],4,[],2019-04-07 03:42:19,26772102.50241825,0.00000793,0.000000000406715426,7204469,2019-04-07 03:42:19,btc,173.13538836331463,0.0,0.00000793,btc,266853.38415237,0.75862076,0.968046751253411,26
1,[],10,[],2019-04-07 03:42:21,93250.45975286,0.00000685,0.00000000035132416999999995,7204470,2019-04-07 03:42:21,btc,25.56374977125211,3600.3624489,0.00000685,btc,21473.38545501,0.0,0.1201771386089562,26
0,[],2,[],2019-01-20 23:25:56,0.0,0,0,6476976,2019-01-20 23:25:56,,0.0,0.0,0,,0.0,0.0,0.0,26
1,[],3,[],2019-04-07 03:42:22,5331321.13394161,0.00000001,0.000000000000512882,7204471,2019-04-07 03:42:22,btc,1.8643703637883724,518833.221548,0.00000001,btc,14392388.52415373,0.0,0.053313211339416106,27
1,[],5,[],2019-04-07 03:42:24,0.0,0,0,7204472,2019-04-07 03:42:24,btc,0.0,0.01183749,0,btc,0.0,0.0,0.0,27
1,[],11,[],2019-04-07 03:42:25,7149165.91256781,0.00000006,0.0000000000030772919999999996,7204473,2019-04-07 03:42:25,btc,67502.97299864117,1198400.0,0.00000006,btc,6586383.7503637,0.0,0.38816616491802247,27
1,[],4,[],2019-04-07 03:42:25,1794243001.7178063,0.00000003,0.000000000001538646,7204474,2019-04-07 03:42:25,btc,5.102174664036755,0.0,0.00000003,"btc,ltc",392107421.67526895,0.70026787,17.954852244144572,29
1,[],7,[],2019-04-07 03:42:26,41868984.83091861,0.00000003,0.0000000000015386459999999998,7204475,2019-04-07 03:42:26,btc,44884768.16616775,208901.347729,0.00000003,btc,29642351.93001565,0.00837624,0.5578138736086018,29
1,[],4,[],2019-04-07 03:42:27,2395565.08831432,0.00000016,0.000000000008206112,7204476,2019-04-07 03:42:27,btc,3.281124649779396,0.0,0.00000016,btc,2709867.58131995,0.00791176,0.0927516524546331,30
0,[],17,[],2019-04-07 03:42:29,0.0,0,0,7204477,2019-04-07 03:42:29,btc,0.0,0.0,0,btc,0.0,0.0,0.0,30
1,[],4,[],2019-04-07 03:42:31,170979.80983668,0.00011153,0.000000005720172946,7204478,2019-04-07 03:42:31,btc,9.886107982401397,0.0,0.00011153,btc,51522.78759398,8.2234816,3.223004449740612,31
1,[],21,[],2019-04-07 03:42:32,102331.91431544,0.0001136199999999999997500957361,0.000000005827365284,7204479,2019-04-07 03:42:32,btc,9.637179117422738,2922898.26440237,0.000113619999999999999750095736050781169979018159210681915283203125,btc,78309.35977076,307.54597903,10.481317255775604,31
0,[],2,[],2019-01-20 23:28:43,0.0,0,0,6477009,2019-01-20 23:28:43,,0.0,0.0,0,,0.0,0.0,0.0,32
0,[],4,[],2019-04-07 03:42:33,0.0,0,0,7204480,2019-04-07 03:42:33,,0.0,0.0,0,,0.0,0.0,0.0,33
1,[],12,[],2019-03-30 07:55:10,40641173.964,0.00000003,0.000000000001228359,7108785,2019-03-30 07:55:10,btc,4233210.82356125,0.0,0.00000003,btc,28378394.68333462,0.0126927883965248,0.90752895892,33
1,[],4,[],2019-04-07 03:42:34,1819355.00872552,0.00000001,0.000000000000512882,7204481,2019-04-07 03:42:34,btc,4.309016327877457,0.0,0.00000001,btc,157766932.20679027,0.08631288,0.0181935500872552,34
1,[],5,[],2019-04-07 03:42:37,0.0,0,0,7204482,2019-04-07 03:42:37,btc,0.0,0.0011475,0,btc,0.0,0.0,0.0,34
0.0000000001816698,[],4,[],2019-04-07 03:42:37,3074216902.22278,1.816698e-18,9.317517036359999e-23,7204483,2019-04-07 03:42:37,ltc,5.994814277329239e-08,0.0,0.00000001,ltc,6526539205.278749,0.0,5.584923697834321e-09,36
1,[],5,[],2019-04-07 03:42:39,0.0,0,0,7204484,2019-04-07 03:42:39,btc,0.0,0.0,0,btc,0.0,0.0,0.0,36
0,[],17,[],2019-04-07 03:42:40,0.0,0,0,7204485,2019-04-07 03:42:40,btc,0.04377468782659202,0.0,0,btc,1018272.20243647,0.0,0.0,36
0,[],27,[],2019-04-07 03:43:07,0.0,0,0,7204486,2019-04-07 03:43:07,,0.0,0.0,0,,0.0,0.0,0.0,36
1,[],4,[],2019-04-07 03:43:08,938035.30384999,0.00000038,0.000000000019489516,7204487,2019-04-07 03:43:08,btc,19775.108295630347,0.0,0.00000038,btc,831979.73896002,0.00565327,0.090858676210314,37
1,[],12,[],2019-04-07 03:43:09,676040.08646964,0.00000041,0.000000000021028162,7204488,2019-04-07 03:43:09,btc,18.618908924774516,0.0,0.00000041,btc,458991.96845267,0.0832922097384399,0.1986921509136792,37
1,[],17,[],2019-04-07 03:43:11,1752.74075282,0.00000025,0.000000000012822049999999998,7204489,2019-04-07 03:43:11,btc,0.05548492397538731,0.0,0.00000025,btc,1387.19918473,0.0,0.00043818518820499993,37
0,[],27,[],2019-04-07 03:43:11,0.0,0,0,7204490,2019-04-07 03:43:11,,0.0,0.0,0,,0.0,0.0,0.0,37
1,[],5,[],2019-04-07 03:43:13,0.0,0,0,7204491,2019-04-07 03:43:13,btc,0.0,0.00375136,0,btc,0.0,0.0,0.0,42
1,[],12,[],2019-04-07 03:43:15,207824.82077399,0.00000081,0.000000000041543441999999996,7204492,2019-04-07 03:43:15,btc,10.205676386744834,0.0,0.00000081,btc,43160.90522738,0.006369758705197,0.0173217695958117,42
0,[],27,[],2019-04-07 03:43:15,0.0,0,0,7204493,2019-04-07 03:43:15,,0.0,0.0,0,,0.0,0.0,0.0,42
1,[],5,[],2019-04-03 07:21:02,0.0,0,0,7159930,2019-04-03 07:21:02,btc,0.0,0.00286478,0,btc,0.0,0.0,0.0,43
0,[],17,[],2019-04-03 07:21:05,0.0,0,0,7159931,2019-04-03 07:21:05,btc,0.0,0.0,0,btc,0.0,0.0,0.0,43
1,[],12,[],2019-03-13 09:13:29,1112112.0,0.00000001,0.000000000000386531,6919902,2019-03-13 09:13:29,btc,29058.00478931866,0.0,0.00000001,btc,5967681.93306694,9.99000999e-07,0.01112112,43
1,[],12,[],2019-03-05 01:54:08,639326.02,0.00000004,0.000000000001486676,6845775,2019-03-05 01:54:08,btc,11116042.728239931,0.0,0.00000004,btc,1103841.4595604,0.0003330765234764,0.014975410599999999,44
1,[],4,[],2019-04-07 03:43:16,123266128.82217455,0.00000001,0.000000000000512882,7204494,2019-04-07 03:43:16,btc,481.1373408483982,0.0,0.00000001,"btc,ltc",18140449.34363179,0.00245604,0.18886934033118186,49
0.0000000001816698,[],4,[],2019-04-07 03:43:17,1580318987.638,1.816698e-18,9.317517036359999e-23,7204495,2019-04-07 03:43:17,ltc,24.562089000845592,0.0,0.00000001,ltc,7123257901.85841,0.0,2.8709623442039795e-09,52
0,[],22,[],2019-04-07 03:43:19,0.0,0,0,7204496,2019-04-07 03:43:19,,10308.14341489,0.0,0,,314384460.4566013,0.0,0.0,57
0,[],27,[],2019-04-07 03:43:27,0.0,0,0,7204497,2019-04-07 03:43:27,,0.0,0.0,0,,0.0,0.0,0.0,57
0.0000000001816698,[],4,[],2019-04-07 03:43:28,1195855164.3009994,1.816698e-18,9.317517036359999e-23,7204498,2019-04-07 03:43:28,ltc,18.627669954689573,0.0,0.00000001,ltc,4728297148.11432,0.0,2.172507685275297e-09,58
1,[],12,[],2019-04-07 03:43:30,797956319.0,0.0000000002,0.00000000000001025764,7204499,2019-04-07 03:43:30,btc,8621351.843997149,0.0,0.0000000002,btc,1888891489.4953406,0.004302686096903098,0.1420176904,58
0,[],17,[],2019-04-07 03:43:31,0.0,0,0,7204500,2019-04-07 03:43:31,btc,1e+24,0.0,0,btc,49306342.21952568,0.0,0.0,58
0.0000000001334714,[],22,[],2019-04-07 03:43:34,137438.0,1.334714e-18,6.84550785748e-23,7204501,2019-04-07 03:43:34,XMR,69.1795942,0.0,0.00000001,XMR,9887963.0,0.0,0.00137438,58
1,[],5,[],2019-04-07 03:43:36,0.0,0,0,7204502,2019-04-07 03:43:36,btc,0.0,0.06734411,0,btc,0.0,0.0,0.0,61
1,[],22,[],2019-04-07 03:43:39,63544.833333333336,0.00000013,0.000000000006667466,7204503,2019-04-07 03:43:39,BTC,1002.29602762,0.0,0.00000013,BTC,15234.52361146909,9.23e-06,0.0080237,61
1,[],26,[],2019-04-07 03:43:39,0.0,0.00000800,0.0000000004103056,7204504,2019-04-07 03:43:39,btc,0.0,0.0,0.00000800,btc,0.0,0.0,0.0,61
0,[],27,[],2019-04-07 03:44:20,0.0,0,0,7204505,2019-04-07 03:44:20,,0.0,0.0,0,,0.0,0.0,0.0,61
1,[],28,[],2019-04-07 03:44:22,1880.304,0.00000022,0.000000000011283404,7204506,2019-04-07 03:44:22,btc,2.071618822242105,636.0,0.00000022,btc,26999.49520005,0.0,0.00016391304,61
1,[],4,[],2019-04-07 03:44:23,1637194.09758954,0.00000194,0.000000000099499108,7204507,2019-04-07 03:44:23,btc,9.555253849853468,0.0,0.00000194,btc,909973.45891332,0.1914767,1.2922203420539524,67
0.0,[],25,[],2019-04-07 03:44:25,0.0,0,0,7204508,2019-04-07 03:44:25,,0.0,0.0,0.0,btc,0.0,0.0,0.0,67
1,[],12,[],2019-04-07 03:44:26,1046147.04029301,0.00000027,0.000000000013847814,7204509,2019-04-07 03:44:26,btc,56667922.008991316,0.0,0.00000027,btc,1222814.77986859,0.0010949680619373,0.0687159999999926,71
,[],5,[],2018-11-20 23:02:39,1.5e-07,0.00000005,0.000000000002128045,4862160,2018-11-20 23:02:39,btc,2.84511358,0.0,,btc,0.00036572,0.0,0.07381892,74
1,[],5,[],2019-04-07 03:44:29,0.0,0,0,7204510,2019-04-07 03:44:29,btc,0.0,0.03785342,0,btc,0.0,0.0,0.0,75
1,[],4,[],2019-04-07 03:44:29,3278481.00028221,0.00000001,0.000000000000512882,7204511,2019-04-07 03:44:29,btc,133686.16486862945,0.0,0.00000001,btc,35702004.26498174,0.04249948,0.0327848100028221,81
0,[],20,[],2019-01-25 09:30:31,0.0,0,0,6495923,2019-01-25 09:30:31,btc,0.0,0.0,0,btc,0.0,0.0,0.0,81
1,[],4,[],2019-04-07 03:44:32,19206.15023026,0.00007851,0.000000004026636582,7204512,2019-04-07 03:44:32,btc,17.78633985278673,0.0,0.00007851,btc,13170.21504745,0.2873303,0.3087788049148214,82
1,[],21,[],2019-04-07 03:44:32,755268.2480248,0.00007525999999999999432852976211,0.000000003859949932,7204513,2019-04-07 03:44:32,btc,3.9200978631332406,21435.83013232,0.000075259999999999994328529762110946421671542339026927947998046875,btc,46263.67784839,1.63110847,2.8883809617713023,82
0,[],17,[],2019-03-25 22:42:34,0.0,0,0,7038780,2019-03-25 22:42:34,btc,0.0445064681804024,0.0,0,btc,995513.18476001,0.0,0.0,84
0.0000000001816698,[],4,[],2019-04-07 03:44:33,248128933.6102013,1.816698e-18,9.317517036359999e-23,7204514,2019-04-07 03:44:33,ltc,1.692833602926808,0.0,0.00000001,ltc,450791331.5350003,0.0,4.507753374317855e-10,85
,[],22,[],2018-11-20 23:09:34,3408.1,0.0000001,0.0000000000041895,4862324,2018-11-20 23:09:34,BTC,0.04624735,0.0,,BTC,4990.0,0.0,0.00033081,86
1,[],22,[],2019-04-07 03:44:37,107643.2,0.00000005,0.00000000000256441,7204515,2019-04-07 03:44:37,BTC,3.66195928,0.0,0.00000005,BTC,224414.04041017056,0.0,0.00154216,87
0,[],27,[],2019-04-07 03:45:05,0.0,0,0,7204516,2019-04-07 03:45:05,,0.0,0.0,0,,0.0,0.0,0.0,87
,[],2,[],2018-11-20 23:10:47,0.0,0,0,4862359,2018-11-20 23:10:47,,0.0,0.0,,,0.0,0.0,0.0,88
1,[],11,[],2019-04-07 03:45:07,89552.20406767,0.000140060000000000010877965195277283783070743083953857421875,0.000000007183425292,7204517,2019-04-07 03:45:07,btc,529.4452424518264,1899.65128715,0.000140060000000000010877965195277283783070743083953857421875,btc,102167.63994005,0.0,5.796150884471112,89
0,[],2,[],2019-01-20 23:31:45,0.0,0,0,6477083,2019-01-20 23:31:45,,0.0,0.0,0,,0.0,0.0,0.0,91
1,[],12,[],2019-04-07 03:45:08,325018.33109328,0.00000076,0.000000000038979032,7204518,2019-04-07 03:45:08,btc,83.15949037662996,0.0,0.00000076,btc,101870.00525012,0.0008854140275576,0.0447020143631472,91
0,[],17,[],2019-04-07 03:45:10,0.0,0,0,7204519,2019-04-07 03:45:10,btc,0.0,0.0,0,btc,0.0,0.0,0.0,91
1,[],22,[],2019-04-07 03:45:12,65900.0,0.00000001,0.000000000000512882,7204520,2019-04-07 03:45:12,BTC,3e-06,0.0,0.00000001,BTC,1.0,0.0,0.000659,91
0,[],22,[],2019-03-21 12:10:46,0.0,0,0,6996572,2019-03-21 12:10:46,,4.56897116,0.0,0,,46768900.1,0.0,0.0,95
0.0000000001816698,[],4,[],2019-04-07 03:45:14,543826553.6244758,2.9067168e-17,1.4908027258175999e-21,7204521,2019-04-07 03:45:14,ltc,11.963949896927758,0.0,0.00000016,ltc,142163153.7578207,0.0,1.4200888874617787e-09,96
0,[],12,[],2019-04-07 03:45:16,0.0,0,0,7204522,2019-04-07 03:45:16,btc,50.500400327372624,0.0,0,btc,5061011.7372627,0.0,0.0,96
0,[],17,[],2019-04-07 03:45:18,0.0,0,0,7204523,2019-04-07 03:45:18,btc,0.0,0.0,0,btc,0.0,0.0,0.0,96
1,[],4,[],2019-04-03 20:04:38,1523570.8786377,0.00000040,0.00000000002042612,7166515,2019-04-03 20:04:38,btc,4.6810255304234305,0.0,0.00000040,btc,3209413.55187158,0.19593752,0.1820333463725714,99
0,[],2,[],2019-01-20 23:23:55,0.0,0,0,6476914,2019-01-20 23:23:55,,0.0,0.0,0,,0.0,0.0,0.0,100
1,[],4,[],2019-04-07 03:45:19,347957.90201463,0.00004475,0.0000000022951469499999997,7204524,2019-04-07 03:45:19,btc,11.235028831900406,0.0,0.00004475,btc,162941.32019837,0.97697007,3.7435288322035687,100
1,[],22,[],2019-04-07 03:45:31,120000.0,0.00000002,0.000000000001025764,7204525,2019-04-07 03:45:31,BTC,24.82891609,0.0,0.00000002,BTC,11877.22,0.0,0.0014,101
1,[],4,[],2019-04-07 03:45:31,392429.63022871,0.00000087,0.000000000044620734,7204526,2019-04-07 03:45:31,btc,285.90269611246833,0.0,0.00000087,btc,654298.55516753,0.0134792,0.2156099617726261,103
1,[],12,[],2019-04-07 03:45:34,38183886.0,0.000000007,0.0000000000003590174,7204527,2019-04-07 03:45:34,btc,468419473.458481,0.0,0.000000007,btc,90488107.6543883,0.00401735637612448,0.075147405,105
0,[],27,[],2019-04-07 03:46:04,0.0,0,0,7204528,2019-04-07 03:46:04,,0.0,0.0,0,,0.0,0.0,0.0,105
1,[],22,[],2019-04-01 17:44:48,9328.0,0.00000001,0.00000000000041453500000000006,7138290,2019-04-01 17:44:48,BTC,51.38182867,0.0,0.00000001,BTC,470435.0,0.00050637,9.328e-05,107
1,[],26,[],2019-04-01 17:44:48,0.0,0.00000000,0,7138291,2019-04-01 17:44:48,btc,0.0,0.0,0.00000000,btc,0.0,0.0,0.0,107
1,[],5,[],2019-04-07 03:46:05,0.0,0,0,7204529,2019-04-07 03:46:05,btc,0.0,0.00363856,0,btc,0.0,0.0,0.0,112
0,[],22,[],2019-04-07 03:46:08,0.0,0,0,7204530,2019-04-07 03:46:08,,2.78752585,0.0,0,,1029384.0833333334,0.0,0.0,112
0,[],27,[],2019-04-07 03:46:09,0.0,0,0,7204531,2019-04-07 03:46:09,,0.0,0.0,0,,0.0,0.0,0.0,112
1,[],4,[],2019-04-07 03:46:10,298935.55020799,0.00000169,0.000000000086677058,7204532,2019-04-07 03:46:10,btc,3.959723236183718,0.0,0.00000169,btc,483980.69170462,0.03322014,0.3476834648741502,113
1,[],5,[],2019-04-07 03:46:11,0.0,0,0,7204533,2019-04-07 03:46:11,btc,0.0,2.86e-05,0,btc,0.0,0.0,0.0,113
1,[],17,[],2019-04-07 03:46:13,152738.278,0.00000004,0.000000000002051528,7204534,2019-04-07 03:46:13,btc,1.336803027441493,0.0,0.00000004,btc,51896.221,0.0,0.0022095311199999998,116
0,[],27,[],2019-04-07 03:46:13,0.0,0,0,7204535,2019-04-07 03:46:13,,0.0,0.0,0,,0.0,0.0,0.0,116
1,[],4,[],2019-04-07 03:46:14,63189518.71426716,0.00001273,0.000000000652898786,7204536,2019-04-07 03:46:14,btc,117.95218601987888,0.0,0.00001273,btc,226876.49565492,0.01860491,7.2008938511037135,120
1,[],7,[],2019-04-07 03:46:15,9460.94190687,0.000013010000000000000798289385983697030724215437658131122589111328125,0.000000000667259482,7204537,2019-04-07 03:46:15,btc,231205.54739819618,52.20543897,0.000013010000000000000798289385983697030724215437658131122589111328125,btc,30503.76137549,0.0007003,0.0165088294499173,120
1,[],20,[],2019-04-07 03:46:18,1940010.7627,0.000000035,0.0000000000017950869999999999,7204538,2019-04-07 03:46:18,btc,32.2497668025648,0.0,0.000000035,btc,1001975.4986,0.0,0.0161758672204,125
0,[],22,[],2019-04-07 03:46:21,0.0,0,0,7204539,2019-04-07 03:46:21,,0.01444887,0.0,0,,296263.5111111111,0.0,0.0,126
0,[],2,[],2019-01-20 23:25:46,0.0,0,0,6476969,2019-01-20 23:25:46,,0.0,0.0,0,,0.0,0.0,0.0,131
1,[],4,[],2019-04-07 03:46:22,3237692.03089211,0.00000995,0.00000000051031759,7204540,2019-04-07 03:46:22,btc,4.097893965768421,0.0,0.00000995,btc,165859.37352624,0.27603002,0.5073938452366421,131
0,[],17,[],2019-04-07 03:46:24,0.0,0,0,7204541,2019-04-07 03:46:24,btc,0.0953976503951408,0.0,0,btc,5037.62507334,0.0,0.0,131
1,[],4,[],2019-04-07 03:46:26,4737.09994352,0.00011174,0.000000005730943468,7204542,2019-04-07 03:46:26,btc,9.983697095383715,0.0,0.00011174,btc,242.95868326,0.0,0.0113409661891034,135
1,[],3,[],2019-03-07 00:20:44,877702.73244099,0.00000004,0.00000000000154846,6863392,2019-03-07 00:20:44,btc,0.119366241821405,0.0,0.00000004,btc,760637.99421222,0.0,0.023771231960604298,136
1,[],4,[],2019-04-07 03:46:27,2317092.63441183,0.00000101,0.000000000051801081999999996,7204543,2019-04-07 03:46:27,btc,50.30781146252593,0.0,0.00000101,btc,595973.04364562,0.03022075,0.1356194629250789,137
1,[],12,[],2019-04-07 03:46:28,148818.59125186,0.000001039999999999999995289683661636725986454621306620538234710693359375,0.000000000053339728,7204544,2019-04-07 03:46:28,btc,10234.705974711555,0.0,0.000001039999999999999995289683661636725986454621306620538234710693359375,btc,10528.14273091,1.241892108e-05,0.008038929999987,137
1,[],4,[],2019-04-07 03:46:29,41003.99022697,0.00002878,0.000000001476074396,7204545,2019-04-07 03:46:29,btc,4.681145036040994,0.0,0.00002878,btc,72624.42092045,1.11349719,0.3448632427695114,142
1,[],5,[],2019-04-07 03:46:30,0.0,0,0,7204546,2019-04-07 03:46:30,btc,0.0,0.05576451,0,btc,0.0,0.0,0.0,142
1,[],17,[],2019-04-07 03:46:32,22967.386363640002,0.00000088,0.000000000045133616000000003,7204547,2019-04-07 03:46:32,btc,20.069762067386154,0.0,0.00000088,btc,2746.079105,0.0,0.0104613000000032,142
1,[],20,[],2019-04-07 03:46:33,60380.729,0.00002855,0.0000000014642781099999999,7204548,2019-04-07 03:46:33,btc,1.3841158758415,0.02,0.00002855,btc,3331.5358,5.71e-07,0.0449505957806,142
1,[],22,[],2019-04-07 03:46:36,1621.0,0.00001020,0.00000000052313964,7204549,2019-04-07 03:46:36,BTC,3.27948712,0.0,0.00001020,BTC,1169.5278181818182,0.0,0.0007584,142
0.0,[],25,[],2019-04-07 03:46:38,0.0,0,0,7204550,2019-04-07 03:46:38,,0.0,0.0,0.0,btc,0.0,0.0,0.0,142
1,[],28,[],2019-04-07 03:46:40,77757.207,0.00004735,0.0000000024284962699999998,7204551,2019-04-07 03:46:40,btc,0.0477314554747,1989.0,0.00004735,btc,312.37303,0.0,0.01634985145,142
0,[],22,[],2019-04-07 03:46:42,0.0,0,0,7204552,2019-04-07 03:46:42,,62.98070713,0.0,0,,767832216.8,0.0,0.0,143
0,[],22,[],2019-02-25 15:42:22,0.0,0,0,6783783,2019-02-25 15:42:22,,4.2131946,0.0,0,,2322156.0,0.0,0.0,146
,[],22,[],2018-11-20 23:01:11,0.0,0,0,4862114,2018-11-20 23:01:11,,2.56807021,0.0,,,61828.4988236,0.0,0.0,147
1,[],12,[],2019-04-07 03:33:32,258235.04246558,0.0000020399999999999999500377954875229846720685600303113460540771484375,0.00000000010435252799999999,7204365,2019-04-07 03:33:32,btc,9.695985408275739,0.0,0.0000020399999999999999500377954875229846720685600303113460540771484375,btc,106386.49999209,0.0,0.0108857599999515,148
1,[],4,[],2019-03-19 21:31:25,255810.0415942,0.00000029,0.000000000011615747,6982695,2019-03-19 21:31:25,btc,218.94922712414143,0.0,0.00000029,btc,793529.37642722,0.00117,0.0608347789473395,152
0,[],22,[],2019-03-19 21:31:27,0.0,0,0,6982696,2019-03-19 21:31:27,,0.0,0.0,0,,0.0,0.0,0.0,152
1,[],5,[],2019-04-07 03:46:45,0.0,0,0,7204553,2019-04-07 03:46:45,btc,0.0,0.0,0,btc,0.0,0.0,0.0,153
,[],16,[],2019-01-11 15:38:59,0.0,0,0,6366141,2019-01-11 15:38:59,btc,0.0,0.0,,btc,0.0,0.0,0.0,155
0,[],23,[],2019-01-20 23:24:29,0.0,0,0,6476932,2019-01-20 23:24:29,,0.0,0.0,0,,0.0,0.0,0.0,156
0,[],22,[],2019-04-07 03:46:47,0.0,0,0,7204554,2019-04-07 03:46:47,,6.80640151,0.0,0,,4675792.242592593,0.0,0.0,156
1,[],22,[],2019-04-07 03:46:58,7066.0,0.00000800,0.0000000004103056,7204555,2019-04-07 03:46:58,BTC,1.79802465,0.0,0.00000800,BTC,802.6461988741639,0.0,0.00062996,157
0,[],22,[],2019-04-07 03:47:01,0.0,0,0,7204556,2019-04-07 03:47:01,,50234.63122879,0.0,0,,55030636.03179465,0.0,0.0,158
,[],17,[],2018-11-20 22:56:10,0.0,0,0,4861976,2018-11-20 22:56:10,btc,1.1265625,0.0,,btc,1000.0,0.0,0.0,159
,[],20,[],2018-11-20 22:56:12,0.0,0,0,4861977,2018-11-20 22:56:12,btc,11912.7940471,0.0,,btc,34413894.3617,0.0,0.0,159
1,[],12,[],2019-04-07 03:47:03,244209.48505149,0.0000061199999999999998501133864625689540162056800909340381622314453125,0.00000000031388378399999997,7204557,2019-04-07 03:47:03,btc,17.95164245278926,0.0,0.0000061199999999999998501133864625689540162056800909340381622314453125,btc,10192.75667815,0.0029391252571167,0.1115793676999761,168
1,[],17,[],2019-04-07 03:47:04,22852.0,0.00000001,0.000000000000512882,7204558,2019-04-07 03:47:04,btc,0.04106974251542,0.0,0.00000001,btc,256.46171372,0.0,0.00022852000000000001,168
1,[],22,[],2019-04-07 03:35:46,993744.0,0.00000001,0.000000000000511532,7204372,2019-04-07 03:35:46,BTC,45.65738194,0.0,0.00000001,BTC,529106.1947107811,0.0,0.00993744,169
1,[],22,[],2019-04-07 03:47:07,640018.6666666666,0.00000005,0.00000000000256441,7204559,2019-04-07 03:47:07,BTC,11.28981243,0.0,0.00000005,BTC,121855.29625227844,0.0,0.01551998,171
1,[],22,[],2019-04-01 09:30:11,464224.0,0.00000029,0.000000000011989963000000002,7131874,2019-04-01 09:30:11,BTC,2.300003,0.0,0.00000029,"BTC,LTC",295879.07579844765,0.00203181,0.12689866,173
1,[],5,[],2019-04-07 03:47:09,0.0,0,0,7204560,2019-04-07 03:47:09,btc,0.0,0.0043301,0,btc,0.0,0.0,0.0,175
1,[],22,[],2019-04-07 03:47:12,634768.6666666666,0.00000003,0.000000000001538646,7204561,2019-04-07 03:47:12,BTC,0.52441472,0.0,0.00000003,BTC,129184.40469601455,2.78e-06,0.00704306,176
0,[],2,[],2019-01-20 23:28:34,0.0,0,0,6477001,2019-01-20 23:28:34,,0.0,0.0,0,,0.0,0.0,0.0,178
1,[],7,[],2019-04-07 03:47:13,0.0,0,0,7204562,2019-04-07 03:47:13,btc,410872.1961490695,0.0,0,btc,85467347.2367181,0.0,0.0,178
0,[],22,[],2019-04-07 03:47:15,0.0,0,0,7204563,2019-04-07 03:47:15,,1.00242438,0.0,0,,57522.0,0.0,0.0,178
0,[],23,[],2019-01-20 23:25:08,0.0,0,0,6476952,2019-01-20 23:25:08,,0.0,0.0,0,,0.0,0.0,0.0,179
1,[],5,[],2019-04-07 03:47:17,0.0,0,0,7204564,2019-04-07 03:47:17,btc,0.0,0.16144331,0,btc,0.0,0.0,0.0,179
1,[],22,[],2019-04-07 03:47:20,852521.0,0.00000001,0.000000000000512882,7204565,2019-04-07 03:47:20,BTC,5.52123924,0.0,0.00000001,BTC,17683112.192249708,0.00023395,0.00852521,179
1,[],17,[],2019-04-07 03:47:22,10504.725,0.0000001,0.00000000000512882,7204566,2019-04-07 03:47:22,btc,5.201069583842657,0.0,0.0000001,btc,5033.45945,0.0,0.0010504725,180
1,[],22,[],2019-04-07 03:47:25,671970.2973262032,0.00000055,0.000000000028208509999999998,7204567,2019-04-07 03:47:25,BTC,38.03645013,0.0,0.00000055,"BTC,LTC",131471.8594236411,0.0,0.55995229,180
1,[],26,[],2019-04-07 03:47:26,0.0,0.00000125,0.00000000006411025,7204568,2019-04-07 03:47:26,btc,0.0,0.0,0.00000125,btc,0.0,0.0,0.0,180
,[],7,[],2018-11-20 22:58:01,562227.975654,0.00000085,0.000000000036176765,4862015,2018-11-20 22:58:01,btc,21836.6059674,2491.87645172,,btc,749999.041456,0.00211021,0.127565380455,183
,[],5,[],2019-01-10 08:11:41,0.0,0,0,6347036,2019-01-10 08:11:41,btc,82.15055501,0.00261,,btc,1.19002445,0.0,0.0,187
,[],17,[],2018-11-16 20:58:10,4062536.27273,0.00000001,0.000000000000550501,4708775,2018-11-16 20:58:10,btc,3.36492563466,0.195460381006,,"btc,eth",110697919.549,0.0,0.0157628953496,187
1,[],24,[],2019-04-07 03:47:26,0.0,0.000000000014,7.180348e-16,7204569,2019-04-07 03:47:26,btc,0.0,0.0,0.000000000014,btc,0.0,0.0,0.0,187
1,[],22,[],2019-03-26 06:20:29,12315.0,0.00000001,0.00000000000039339800000000003,7044441,2019-03-26 06:20:29,BTC,7.56699454,0.0,0.00000001,BTC,79361.7243344055,0.0,0.00012315,191
0,[],22,[],2019-04-07 03:47:30,0.0,0,0,7204570,2019-04-07 03:47:30,,0.0,0.0,0,,0.0,0.0,0.0,197
0,[],23,[],2019-01-20 23:31:41,0.0,0,0,6477079,2019-01-20 23:31:41,,0.0,0.0,0,,0.0,0.0,0.0,199
0.0000000001816698,[],22,[],2019-04-07 03:47:35,40000000.0,1.816698e-18,9.317517036359999e-23,7204571,2019-04-07 03:47:35,LTC,5.45812985,0.0,0.00000001,LTC,26942169.15,0.0,0.4,199
1,[],26,[],2019-04-07 03:47:36,0.0,0.00000000,0,7204572,2019-04-07 03:47:36,btc,0.0,132800.0,0.00000000,btc,0.0,0.0,0.0,199
0,[],2,[],2019-01-20 23:30:49,0.0,0,0,6477059,2019-01-20 23:30:49,,0.0,0.0,0,,0.0,0.0,0.0,201
1,[],4,[],2019-01-25 15:51:35,2084389.58565343,0.00000936,0.000000000333526752,6499557,2019-01-25 15:51:35,btc,2.0092503037378524,0.0,0.00000936,btc,160195.80207885,0.19272417,1.242687955921835,211
1,[],7,[],2019-04-07 03:47:40,3039697.53894295,0.00000110000000000000005610204141526242693771564518101513385772705078125,0.00000000005641702,7204573,2019-04-07 03:47:40,btc,15586195.671627961,561678.688871,0.00000110000000000000005610204141526242693771564518101513385772705078125,btc,13531906.64951365,0.0,2.414595496991143,212
1,[],12,[],2019-01-25 02:44:32,207462.42853209,0.000001080000000000000035831255497387193287295303889550268650054931640625,0.000000000038610756000000006,6493050,2019-01-25 02:44:32,btc,85023.03793723314,0.0,0.000001080000000000000035831255497387193287295303889550268650054931640625,btc,43675.73520027,0.000146250909087,0.0348620860622024,213
1,[],5,[],2019-04-07 03:47:42,0.0,0,0,7204574,2019-04-07 03:47:42,btc,0.0,0.19584304,0,btc,0.0,0.0,0.0,213
1,[],24,[],2019-04-07 03:47:43,0.0,0.000000220000,0.000000000011283404,7204575,2019-04-07 03:47:43,btc,0.0,0.0,0.000000220000,btc,0.0,0.0,0.0,213
1,[],26,[],2019-04-07 03:47:43,0.0,0.00000040,0.00000000002051528,7204576,2019-04-07 03:47:43,btc,0.0,0.0,0.00000040,btc,0.0,0.0,0.0,213
1,[],22,[],2019-04-07 03:47:46,35836.0,0.00000001,0.000000000000512882,7204577,2019-04-07 03:47:46,BTC,9.52190871,0.0,0.00000001,BTC,1112735.9818427025,0.00214164,0.00035836,216
0,[],27,[],2019-04-07 03:47:59,0.0,0,0,7204578,2019-04-07 03:47:59,,0.0,0.0,0,,0.0,0.0,0.0,216
1,[],22,[],2019-04-07 03:48:03,261167.4743614092,0.00000230,0.00000000011796286,7204579,2019-04-07 03:48:03,BTC,12043.58606244,0.0,0.00000230,BTC,298984.77934287285,0.35793244,0.26429145,217
1,[],7,[],2019-04-07 03:48:04,0.0,0,0,7204580,2019-04-07 03:48:04,btc,77969.70443924062,0.0,0,btc,136424979.15198368,0.0,0.0,219
0,[],27,[],2019-04-07 03:48:04,0.0,0,0,7204581,2019-04-07 03:48:04,,0.0,0.0,0,,0.0,0.0,0.0,219
0.000000000000006500000000000001,[],28,[],2019-04-07 03:48:06,260261592.061,2.9256500000000003e-18,1.5005132233000001e-22,7204582,2019-04-07 03:48:06,doge,126792.74115930266,1591655.519,0.00045010,"btc,doge",16040679.57846,0.0,1.099418341019882e-11,219
1,[],22,[],2019-04-02 19:32:29,694653.0,0.00000007,0.00000000000330008,7153804,2019-04-02 19:32:29,BTC,2.83309452,0.0,0.00000007,BTC,94373.03430328587,0.00135954,0.03572421,221
1,[],24,[],2019-04-02 19:32:29,0.0,0.000000140000,0.00000000000660016,7153805,2019-04-02 19:32:29,btc,0.0,0.0,0.000000140000,btc,0.0,0.0,0.0,221
1,[],20,[],2019-03-31 04:10:59,44278413.4439,0.000000004,0.0000000000001637328,7116160,2019-03-31 04:10:59,btc,505.9313517634928,196869.539,0.000000004,btc,19332181.9792,0.000787478156,0.0533873483986,224
0,[],22,[],2019-03-31 04:11:02,0.0,0,0,7116161,2019-03-31 04:11:02,,0.0,0.0,0,,0.0,0.0,0.0,224
1,[],26,[],2019-04-07 03:48:07,0.0,0.00000022,0.000000000011283404,7204583,2019-04-07 03:48:07,btc,0.0,0.0,0.00000022,btc,0.0,0.0,0.0,231
1,[],26,[],2019-04-07 03:48:08,0.0,0.00000005,0.00000000000256441,7204584,2019-04-07 03:48:08,btc,0.0,200.0,0.00000005,btc,0.0,0.0,0.0,234
0,[],27,[],2019-04-07 03:48:08,0.0,0,0,7204585,2019-04-07 03:48:08,,0.0,0.0,0,,0.0,0.0,0.0,234
1,[],4,[],2019-04-07 03:48:09,17255417.81018199,0.00000082,0.000000000042056324,7204586,2019-04-07 03:48:09,btc,4.925423375549793,0.0,0.00000082,btc,1312042.41903323,0.02603779,0.3177417042664658,236
1,[],24,[],2019-04-07 03:48:10,0.0,0.000000500000,0.0000000000256441,7204587,2019-04-07 03:48:10,btc,0.0,0.0,0.000000500000,btc,0.0,0.0,0.0,236
1,[],20,[],2019-04-07 03:48:12,76708846.6844,0.000000034,0.0000000000017437988,7204588,2019-04-07 03:48:12,btc,481.8216686663685,11872507.1499,0.000000034,btc,29627583.4324,0.4255101929635,0.6527947041451,237
1,[],22,[],2019-04-07 03:48:15,795976.9,0.00000001,0.000000000000512882,7204589,2019-04-07 03:48:15,BTC,1.20377519,0.0,0.00000001,"BTC,LTC",18869.0,0.0,0.12586331,237
1,[],4,[],2019-04-07 03:48:16,5961534.80804016,0.00000036,0.000000000018463751999999998,7204590,2019-04-07 03:48:16,btc,4.79203152721838,0.0,0.00000036,btc,8290446.62562285,0.39977454,1.4548406915954208,238
1,[],5,[],2019-04-07 03:48:18,0.0,0,0,7204591,2019-04-07 03:48:18,btc,0.0,0.33679804,0,btc,0.0,0.0,0.0,238
0,[],22,[],2019-03-12 16:49:32,0.0,0,0,6914458,2019-03-12 16:49:32,,0.40415746,0.0,0,,526736.5639027493,0.0,0.0,249
0.0000000001816698,[],22,[],2019-04-07 03:48:21,20049849.0,1.816698e-18,9.317517036359999e-23,7204592,2019-04-07 03:48:21,LTC,2.40073678,0.0,0.00000001,LTC,30475477.66010582,5.3635377871296e-11,0.20049849,252
1,[],28,[],2019-04-07 03:48:23,1539856.299,0.0000008,0.00000000004103056,7204593,2019-04-07 03:48:23,btc,164694.2829381021,264882.4279,0.0000008,btc,601318.1518,0.0,0.6960602971,256
1,[],22,[],2019-04-07 03:48:27,1243358.5,0.00000002,0.000000000001025764,7204594,2019-04-07 03:48:27,BTC,21.75700264,0.0,0.00000002,"BTC,LTC",545178.2454253442,9e-05,0.01333363,258
1,[],22,[],2019-03-13 00:07:30,47146.0,0.00000001,0.000000000000387233,6917028,2019-03-13 00:07:30,BTC,2.415167,0.0,0.00000001,BTC,157.0,0.0,0.00047146,259
1,[],5,[],2019-04-07 03:48:29,0.0,0,0,7204595,2019-04-07 03:48:29,btc,0.0,0.24876345,0,btc,0.0,0.0,0.0,264
1,[],20,[],2019-04-07 03:48:31,1263837.0369,0.00000144,0.00000000007385500799999999,7204596,2019-04-07 03:48:31,btc,4.7314543879529,121357.2815,0.00000144,btc,97621.8739,0.248750939087,0.0282760367334,264
0,[],22,[],2019-04-07 03:48:34,0.0,0,0,7204597,2019-04-07 03:48:34,,66.41228252,0.0,0,,721235.4233983938,0.0,0.0,271
0,[],22,[],2019-04-07 03:48:36,0.0,0,0,7204598,2019-04-07 03:48:36,,111843.11266242,0.0,0,,14245627424.692,0.0,0.0,272
0.000000000000006500000000000001,[],28,[],2019-04-07 03:48:40,257616479557.083,2.925e-21,1.50017985e-25,7204599,2019-04-07 03:48:40,doge,44525780.772659756,71970925353.7922,0.00000045,doge,251984028477.3362,0.0,6.188812466371375e-10,272
1,[],22,[],2019-04-07 03:48:43,225244.41176470587,0.00000017,0.000000000008718994,7204600,2019-04-07 03:48:43,BTC,79.78708232,0.0,0.00000017,BTC,47299.28614701752,0.0,0.01883593,281
1,[],22,[],2019-04-07 03:48:46,929615.6845238095,0.00000008,0.000000000004103056,7204601,2019-04-07 03:48:46,BTC,1.42093246,0.0,0.00000008,BTC,247482.26371927268,0.01371301,0.05839082,286
0,[],22,[],2019-04-07 03:48:49,0.0,0,0,7204602,2019-04-07 03:48:49,,1044974.57066254,0.0,0,,1132418521.4347825,0.0,0.0,294
