pairValue,buyBook,exchangeId,sellBook,updated,buyTotal,satoshiPrice,usdPrice,exchangeLogId,created,bestPair,sellTotalBtc,volume,pairPrice,activePairs,sellTotal,volumeBtc,buyTotalBtc,coinId
0,[],2,[],2019-01-20 23:28:45,0.0,0,0,6477011,2019-01-20 23:28:45,,0.0,0.0,0,,0.0,0.0,0.0,1
1,[],3,[],2019-05-30 13:21:05,32.623364288116,0.01083288999999999953349760772880472359247505664825439453125,0.0000009464782656119999,7711968,2019-05-30 13:21:05,btc,0.13778830950164947,43.4113613183,0.01083288999999999953349760772880472359247505664825439453125,btc,12.085732543446,0.0,0.28442620323470774,1
1,[],4,[],2019-05-30 13:21:05,207694.08461774,0.01102138,0.000000962946787704,7711969,2019-05-30 13:21:05,btc,7.475067902840059,0.0,0.01102138,btc,285.94938006,1.10945083,0.7425141866285988,1
1,[],5,[],2019-05-30 13:21:08,0.0,0,0,7711970,2019-05-30 13:21:08,btc,0.0,0.01693067,0,btc,0.0,0.0,0.0,1
1,[],10,[],2019-05-30 13:21:10,312370.8721021,0.00651005,0.00000056878827654,7711971,2019-05-30 13:21:10,btc,6521.065959523082,1286.89788768,0.00651005,btc,1298.50751272,0.0,2.3170329014749784,1
1,[],12,[],2019-05-30 13:21:13,70.57134329,0.0109999999999999993616217608405349892564117908477783203125,0.0000009610788,7711972,2019-05-30 13:21:13,btc,0.1745392027748,0.0,0.0109999999999999993616217608405349892564117908477783203125,btc,14.88107501,0.375143207134,0.2272657897179,1
1,[],20,[],2019-05-30 13:21:15,934.4394,0.00920896,0.0000008045942023680001,7711973,2019-05-30 13:21:15,btc,0.2240352064375,26.013,0.00920896,btc,17.3679,0.266439956668,0.1011265884359,1
1,[],21,[],2019-05-30 13:21:16,2688.56603043,0.01114942000000000016379786416,0.0000009741337449360001,7711974,2019-05-30 13:21:16,btc,10.559718493967456,5893.596634109999,0.011149420000000000163797864161097095347940921783447265625,"btc,eth",1371.36742273,59.83921518753347,25.549348832988045,1
1,[],22,[],2019-05-30 13:21:20,0.0025666666666666667,0.00900000,0.0000007863372,7711975,2019-05-30 13:21:20,BTC,0.31629903,0.0,0.00900000,BTC,0.2505752479991019,0.0,2.31e-05,1
1,[],24,[],2019-05-30 13:21:20,0.0,0.000000000000,0,7711976,2019-05-30 13:21:20,btc,0.0,0.0,0.000000000000,btc,0.0,0.0,0.0,1
0.0,[],25,[],2019-05-30 13:21:21,0.0,0,0,7711977,2019-05-30 13:21:21,btc,49.149999998319934,5775.52512011,0.0,btc,4267.1367167,63.8,0.0,1
1,[],26,[],2019-05-30 13:21:24,0.0,0,0,7711978,2019-05-30 13:21:24,,0.0,0.0,0,,0.0,0.0,0.0,1
0,[],28,[],2019-05-30 13:21:26,0.0,0,0,7711979,2019-05-30 13:21:26,,0.0,355612.0,0,,0.0,0.0,0.0,1
1,[],5,[],2019-05-30 13:21:27,0.0,0,0,7711980,2019-05-30 13:21:27,btc,0.0,0.01964517,0,btc,0.0,0.0,0.0,2
1,[],22,[],2019-05-30 13:21:31,11638.0,0.0000002,0.00000000001747416,7711981,2019-05-30 13:21:31,BTC,21.00897301,0.0,0.0000002,"BTC,XMR",20678.87287795317,0.0,0.00145435,2
1,[],5,[],2019-05-30 13:21:32,0.0,0,0,7711982,2019-05-30 13:21:32,btc,0.0,0.04507361,0,btc,0.0,0.0,0.0,3
1,[],12,[],2019-05-30 13:21:33,1105864.62,0.000000094,0.0000000000082128552,7711983,2019-05-30 13:21:33,btc,169516.759420624,0.0,0.000000094,btc,4589799.25561629,0.299936342279,0.06496811442,3
0,[],28,[],2019-05-30 13:21:35,0.0,0,0,7711984,2019-05-30 13:21:35,,0.0,0.0,0,,0.0,0.0,0.0,3
0,[],2,[],2019-01-20 23:31:32,0.0,0,0,6477077,2019-01-20 23:31:32,,0.0,0.0,0,,0.0,0.0,0.0,4
1,[],4,[],2019-05-18 21:29:50,562734.9206932,0.00000010,0.000000000007298720000000001,7650946,2019-05-18 21:29:50,btc,41.9347137769675,0.0,0.00000010,btc,1123702.32192634,0.00052462,0.029254593370966,4
0,[],12,[],2019-05-30 06:39:45,0.0,0,0,7710558,2019-05-30 06:39:45,btc,625.871451684995,0.0,0,btc,1111653.4995005,0.0,0.0,5
0,[],2,[],2019-01-20 23:31:51,0.0,0,0,6477087,2019-01-20 23:31:51,,0.0,0.0,0,,0.0,0.0,0.0,6
1,[],11,[],2019-05-30 13:21:37,10911948.776736,0.00000002,0.0000000000017474160000000002,7711985,2019-05-30 13:21:37,btc,9582.912857042946,1438355.0,0.00000002,btc,68266171.46260394,0.0,0.17378412276736,6
1,[],3,[],2019-05-30 13:21:37,12034.34618892846,0.000088889999999999997661037642870951458462513983249664306640625,0.000000007766390412,7711986,2019-05-30 13:21:37,btc,0.08071669363399059,176.533509258,0.000088889999999999997661037642870951458462513983249664306640625,btc,215.083554584518,0.0,0.024560349368725913,7
1,[],4,[],2019-05-30 13:21:38,327738.10463337,0.00009367,0.000000008184022836,7711987,2019-05-30 13:21:38,btc,9.196980523207984,0.0,0.00009367,btc,55056.08302513,3.35665477,2.354782052529872,7
1,[],5,[],2019-05-30 13:21:39,0.0,0,0,7711988,2019-05-30 13:21:39,btc,0.0,0.67920115,0,btc,0.0,0.0,0.0,7
1,[],20,[],2019-04-07 22:06:50,3201475.0482,0.000000001,0.000000000000051590000000000004,7213932,2019-04-07 22:06:50,btc,30.8005781811902,0.0,0.000000001,btc,23077405.3926,0.0,0.0032014750482,8
0,[],2,[],2019-01-20 23:22:42,0.0,0,0,6476876,2019-01-20 23:22:42,,0.0,0.0,0,,0.0,0.0,0.0,9
0,[],23,[],2019-01-20 23:22:48,0.0,0,0,6476878,2019-01-20 23:22:48,,0.0,0.0,0,,0.0,0.0,0.0,9
1,[],1,[],2019-02-17 23:31:42,1822507.21,0.00000181000000000000003456111265232042484285557293333113193511962890625,0.000000000066086901,6701244,2019-02-17 23:31:42,btc,3.6990969245,17153386.5,0.00000181000000000000003456111265232042484285557293333113193511962890625,btc,1997391.71,31.11772986,3.2610482446,9
1,[],4,[],2019-05-30 13:21:41,23048801.49030862,0.00000050,0.0000000000436854,7711989,2019-05-30 13:21:41,btc,3.979195320778895,0.0,0.00000050,btc,3507213.18179221,0.32172346,0.6388940764288237,9
0,[],28,[],2019-05-30 13:21:43,0.0,0,0,7711990,2019-05-30 13:21:43,,0.0,3592389.0,0,,0.0,0.0,0.0,9
1,[],4,[],2019-02-17 11:22:43,4341674.27126056,0.00000002,0.0000000000007272960000000001,6696112,2019-02-17 11:22:43,btc,0.1997230937751353,0.0,0.00000002,btc,4109766.79808031,0.00215132,0.0479381022052112,10
0,[],2,[],2019-01-20 23:23:08,0.0,0,0,6476890,2019-01-20 23:23:08,,0.0,0.0,0,,0.0,0.0,0.0,12
1,[],4,[],2019-05-30 13:21:44,6983071.57022064,0.00000048,0.000000000041937984,7711991,2019-05-30 13:21:44,btc,4.679967672387317,0.0,0.00000048,btc,4784065.90666237,1.10722711,1.0324596781939568,12
1,[],5,[],2019-05-30 13:21:46,0.0,0,0,7711992,2019-05-30 13:21:46,btc,0.0,0.07043202,0,btc,0.0,0.0,0.0,12
0.0,[],25,[],2019-05-30 13:21:47,0.0,0,0,7711993,2019-05-30 13:21:47,,0.0,0.0,0.0,btc,0.0,0.0,0.0,12
1,[],10,[],2019-05-30 12:46:42,645191.17596548,0.0000054,0.0000000004717612799999999,7711842,2019-05-30 12:46:42,btc,666803.3370336117,32105.7253686,0.0000054,btc,871060.95373764,0.0,0.2048681849778039,13
1,[],4,[],2019-05-30 13:21:48,327496.30446424,0.00000542,0.000000000473549736,7711994,2019-05-30 13:21:48,btc,1.788797258103745,0.0,0.00000542,btc,232241.46061936,0.9544026,0.433332638290467,13
1,[],21,[],2019-05-30 13:21:51,1867400.69419301,0.000005570000000000000033820602569,0.000000000486655356,7711995,2019-05-30 13:21:51,btc,2.286090478183926,814693.65056852,0.0000055700000000000000338206025685128253144284826703369617462158203125,btc,362700.84337718,4.57850566,7.712313866024561,13
0,[],17,[],2019-05-03 00:53:32,0.0,0,0,7558876,2019-05-03 00:53:32,btc,0.0,0.0,0,btc,0.0,0.0,0.0,14
1,[],4,[],2019-05-30 13:21:52,881312.48890933,0.00000068,0.000000000059412144,7711996,2019-05-30 13:21:52,btc,3.7337724350956436,0.0,0.00000068,btc,812938.4852611,0.01492492,0.056524842951865,14
1,[],12,[],2019-05-30 13:21:54,135526.00460123,0.00000066,0.000000000057664728000000007,7711997,2019-05-30 13:21:54,btc,14.134578671858069,0.0,0.00000066,btc,21650.79261605,1.512e-05,0.0149493299999786,14
1,[],26,[],2019-05-30 13:23:54,0.0,0.00000050,0.0000000000436854,7711998,2019-05-30 13:23:54,btc,0.0,0.0,0.00000050,btc,0.0,0.0,0.0,14
,[],12,[],2018-12-01 15:15:48,204241.84496,0.00000489,0.000000000202473384,5260204,2018-12-01 15:15:48,btc,49.5475654835,0.0,,btc,35763.2193806,0.0163153972027625,0.0203389899998,15
0,[],4,[],2019-05-30 13:23:55,0.0,0,0,7711999,2019-05-30 13:23:55,,0.0,0.0,0,,0.0,0.0,0.0,15
1,[],4,[],2019-05-30 13:23:56,33806.7721439,0.00001181,0.000000001031849148,7712000,2019-05-30 13:23:56,btc,0.9636393963528974,0.0,0.00001181,btc,10371.30659085,0.0467364,0.0771815767125409,18
1,[],10,[],2019-05-30 13:23:58,486698.36020151,0.00001234,0.000000001078155672,7712001,2019-05-30 13:23:58,btc,15.33379334810094,2196.35467482,0.00001234,btc,12735.32694314,0.0,0.0721376520852305,18
1,[],12,[],2019-05-30 13:23:59,3273.35117848,0.000011500000000000000008998878031629686802261858247220516204833984375,0.0000000010047642,7712002,2019-05-30 13:23:59,btc,0.40153473417993824,0.0,0.000011500000000000000008998878031629686802261858247220516204833984375,btc,1433.1362923,0.003654023578,0.012650856689393,18
0,[],2,[],2019-01-20 23:23:38,0.0,0,0,6476906,2019-01-20 23:23:38,,0.0,0.0,0,,0.0,0.0,0.0,18
0,[],17,[],2019-05-03 00:53:39,0.0,0,0,7558882,2019-05-03 00:53:39,btc,0.0,0.0,0,btc,0.0,0.0,0.0,18
1,[],3,[],2019-05-30 13:26:00,147913.10967245905,0.000002640000000000000134644899396629824650517548434436321258544921875,0.00000000023065891200000003,7712003,2019-05-30 13:26:00,btc,0.23240603408898758,3802.61204435,0.000002640000000000000134644899396629824650517548434436321258544921875,btc,5156.026494465815,0.0,0.045997219724974205,19
1,[],4,[],2019-05-30 13:26:01,510155.51681087,0.00000802,0.000000000700713816,7712004,2019-05-30 13:26:01,btc,3.5182443117356548,0.0,0.00000802,btc,158832.21107676,0.53455988,0.3848803143163668,19
1,[],5,[],2019-05-30 13:26:02,0.0,0,0,7712005,2019-05-30 13:26:02,btc,0.0,0.01241763,0,btc,0.0,0.0,0.0,19
1,[],12,[],2019-05-30 13:26:03,15128.11856641,0.00000711999999999999959310326147488012793473899364471435546875,0.0000000006220800959999999,7712006,2019-05-30 13:26:03,btc,0.0586250616214566,0.0,0.00000711999999999999959310326147488012793473899364471435546875,btc,1933.55052991,0.00103952,0.0273087599995489,19
0,[],27,[],2019-05-30 13:26:14,0.0,0,0,7712007,2019-05-30 13:26:14,,0.0,0.0,0,btc,0.0,0.0,0.0,19
0,[],2,[],2019-01-20 23:24:19,0.0,0,0,6476924,2019-01-20 23:24:19,,0.0,0.0,0,,0.0,0.0,0.0,19
1,[],4,[],2019-05-30 13:26:15,10062076.88478525,0.00000007,0.000000000006115956,7712008,2019-05-30 13:26:15,btc,6.411239436602338,0.0,0.00000007,btc,2322306.93095912,0.0,0.1174938176872809,20
1,[],4,[],2019-05-30 13:26:16,67039062.34737481,0.00000001,0.000000000000873708,7712009,2019-05-30 13:26:16,btc,1753.2340852101804,0.0,0.00000001,btc,63337002.91973631,0.05053597,0.6703906234737481,21
1,[],12,[],2019-05-30 13:26:17,2397851.0,0.00000001,0.0000000000008737080000000001,7712010,2019-05-30 13:26:17,btc,1010.9715798328372,0.0,0.00000001,btc,5962623.6413586205,0.00022647,0.02397851,21
0,[],17,[],2019-05-03 00:53:51,0.0,0,0,7558891,2019-05-03 00:53:51,btc,0.0,0.0,0,btc,0.0,0.0,0.0,21
1,[],12,[],2019-05-30 13:28:19,5446853249.183773,0.0000000004,0.000000000000034948320000000005,7712011,2019-05-30 13:28:19,btc,708410091.3801544,0.0,0.0000000004,btc,3058742557.248751,2.164296207522,1.2881153480735092,23
0.0000000003263792,[],27,[],2019-05-30 13:28:25,134709767.37227404,9.791376000000001e-18,8.554803542208e-22,7712012,2019-05-30 13:28:25,eth,1177.9530069448945,435538469.73931575,0.00000003,eth,58808820.22389,4.264520918970928e-09,1.0606399697264365e-09,23
1,[],4,[],2019-05-30 13:28:26,1847519.37726818,0.00000018,0.000000000015726744,7712013,2019-05-30 13:28:26,btc,13.311664767853003,0.0,0.00000018,btc,2105507.18040556,0.01142176,0.0558978754044518,24
1,[],22,[],2019-05-30 13:28:29,21.76,0.00000100,0.0000000000873708,7712014,2019-05-30 13:28:29,BTC,7.415e-05,0.0,0.00000100,BTC,23.919354838709676,0.0,1.186e-05,24
0.0,[],25,[],2019-05-30 13:28:30,0.0,0,0,7712015,2019-05-30 13:28:30,,0.0,0.0,0.0,btc,0.0,0.0,0.0,24
1,[],4,[],2019-05-30 13:28:31,7641338.82309323,0.00000469,0.000000000409769052,7712016,2019-05-30 13:28:31,btc,15.014780376429288,0.0,0.00000469,btc,255280.95580559,0.31017376,0.2749702562342514,26
1,[],10,[],2019-05-30 13:28:33,149428.08898123,0.00000543,0.000000000474423444,7712017,2019-05-30 13:28:33,btc,25.583286161443226,4239.64274438,0.00000543,btc,22941.40601176,0.0,0.0352312835615693,26
0,[],2,[],2019-01-20 23:25:56,0.0,0,0,6476976,2019-01-20 23:25:56,,0.0,0.0,0,,0.0,0.0,0.0,26
1,[],3,[],2019-05-30 13:28:34,22315214.0,0.00000001,0.0000000000008737080000000001,7712018,2019-05-30 13:28:34,btc,3.765471081725446,15868452.8837,0.00000001,btc,26159469.27406916,0.0,0.22315214,27
1,[],11,[],2019-05-30 13:28:36,1070969.08157834,0.00000002,0.0000000000017474160000000002,7712019,2019-05-30 13:28:36,btc,67503.04533244639,19676.5543251,0.00000002,btc,6590405.9414731,0.0,0.0107207058157834,27
1,[],5,[],2019-04-26 09:47:06,0.0,0,0,7465326,2019-04-26 09:47:06,btc,0.0,0.0,0,btc,0.0,0.0,0.0,27
1,[],4,[],2019-05-30 13:28:36,1086159881.110716,0.00000001,0.000000000000873708,7712020,2019-05-30 13:28:36,btc,4.865918056216423,0.0,0.00000001,"btc,ltc",285528807.44072413,0.3804182,7.436378963508789,29
1,[],7,[],2019-05-30 13:28:37,85535659.40740813,0.00000001,0.0000000000008737080000000001,7712021,2019-05-30 13:28:37,btc,46548272.11148729,0.0,0.00000001,btc,35032129.95315079,0.0,0.8553565940740814,29
1,[],4,[],2019-05-30 13:28:39,15312729.61768213,0.00000006,0.000000000005242248,7712022,2019-05-30 13:28:39,btc,2.7023772376036272,0.0,0.00000006,btc,2102648.09973194,0.00194769,0.1713519591165775,30
0,[],17,[],2019-05-03 01:11:25,0.0,0,0,7559066,2019-05-03 01:11:25,btc,0.0,0.0,0,btc,0.0,0.0,0.0,30
1,[],4,[],2019-05-30 13:30:40,106259.40769597,0.00004140,0.00000000361715112,7712023,2019-05-30 13:30:40,btc,3.5099819563900607,0.0,0.00004140,btc,48277.19705039,0.62862668,0.4424720349957062,31
1,[],21,[],2019-05-30 13:30:41,78614.54218561,0.00004123999999999999817616377906,0.000000003603171792,7712024,2019-05-30 13:30:41,btc,4.491593770125842,163541.44569303,0.0000412399999999999981761637790622643251481349579989910125732421875,btc,93421.043178,6.98065712,2.292029141379845,31
0,[],2,[],2019-01-20 23:28:43,0.0,0,0,6477009,2019-01-20 23:28:43,,0.0,0.0,0,,0.0,0.0,0.0,32
0,[],4,[],2019-05-30 13:30:42,0.0,0,0,7712025,2019-05-30 13:30:42,,0.0,0.0,0,,0.0,0.0,0.0,33
1,[],12,[],2019-03-30 07:55:10,40641173.964,0.00000003,0.000000000001228359,7108785,2019-03-30 07:55:10,btc,4233210.82356125,0.0,0.00000003,btc,28378394.68333462,0.0126927883965248,0.90752895892,33
0.0000000001341613,[],4,[],2019-05-30 13:30:43,511201760.5719606,2.8173873e-17,2.4615738231084e-21,7712026,2019-05-30 13:30:43,ltc,3.5016669919967023,0.0,0.00000021,ltc,154451306.91551897,0.0,2.1069174871786877e-09,34
1,[],5,[],2019-05-30 13:30:45,0.0,0,0,7712027,2019-05-30 13:30:45,btc,0.0,0.0,0,btc,0.0,0.0,0.0,34
0.0000000001341613,[],4,[],2019-05-30 13:30:46,59384001.42676589,1.341613e-18,1.172178011004e-22,7712028,2019-05-30 13:30:46,ltc,5.1339045184509927e-08,0.0,0.00000001,ltc,7102398142.262129,0.0,7.967034830616767e-11,36
1,[],5,[],2019-05-30 13:30:48,0.0,0,0,7712029,2019-05-30 13:30:48,btc,0.0,0.0,0,btc,0.0,0.0,0.0,36
0.0000000003263792,[],27,[],2019-05-30 13:32:56,11150677.861175,9.791376000000001e-18,8.554803542208e-22,7712030,2019-05-30 13:32:56,eth,1581.3815019850986,6929250.365701,0.00000003,"ltc,eth",6032624.2511555,2.5197995411792e-11,3.9867177046654795e-11,36
0.0000000002926451,[],17,[],2019-05-02 18:17:47,200000.0,2.9264510000000002e-18,1.596703856561e-22,7556430,2019-05-02 18:17:47,eth,0.20942468735267253,0.0,0.00000001,"btc,eth",1018272.20243647,0.0,5.852902e-13,36
1,[],4,[],2019-05-30 13:32:57,9854382.29070828,0.00000018,0.000000000015726744,7712031,2019-05-30 13:32:57,btc,19772.53850766184,0.0,0.00000018,btc,722622.50751044,0.00823193,0.119430591696965,37
1,[],12,[],2019-05-30 13:32:58,3647881.36528572,0.00000019,0.000000000016600452000000002,7712032,2019-05-30 13:32:58,btc,8.357501133333747,0.0,0.00000019,btc,966801.83847519,0.023621187456,0.1703819661442866,37
1,[],27,[],2019-05-30 13:35:05,6187.0,0.00000016,0.000000000013979328,7712033,2019-05-30 13:35:05,btc,24.11463822903233,0.0,0.00000016,btc,5792.59438508,0.0,0.00076392,37
1,[],17,[],2019-05-03 01:11:36,211752.74075282,0.00000025,0.000000000013700074999999998,7559074,2019-05-03 01:11:36,btc,0.055484923955058496,0.0,0.00000025,"btc,eth",1387.19918473,0.0,0.0005381851887916605,37
1,[],5,[],2019-05-30 13:35:07,0.0,0,0,7712034,2019-05-30 13:35:07,btc,0.0,0.0924442,0,btc,0.0,0.0,0.0,42
1,[],12,[],2019-05-30 13:35:08,147721.76776847,0.00000096,0.000000000083875968,7712035,2019-05-30 13:35:08,btc,24.789912358120215,0.0,0.00000096,btc,72266.51105406,0.003046337146,0.0571861499999672,42
1,[],27,[],2019-05-30 13:35:20,506.0,0.00000002,0.000000000001747416,7712036,2019-05-30 13:35:20,btc,0.39085425,0.0,0.00000002,"btc,eth",735.0,0.0,6.000000342893987e-06,42
1,[],12,[],2019-03-13 09:13:29,1112112.0,0.00000001,0.000000000000386531,6919902,2019-03-13 09:13:29,btc,29058.00478931866,0.0,0.00000001,btc,5967681.93306694,9.99000999e-07,0.01112112,43
1,[],5,[],2019-04-26 22:38:52,0.0,0,0,7474154,2019-04-26 22:38:52,btc,0.0,0.02638891,0,btc,0.0,0.0,0.0,43
0,[],17,[],2019-04-26 22:38:53,0.0,0,0,7474155,2019-04-26 22:38:53,btc,0.0,0.0,0,btc,0.0,0.0,0.0,43
1,[],12,[],2019-03-05 01:54:08,639326.02,0.00000004,0.000000000001486676,6845775,2019-03-05 01:54:08,btc,11116042.728239931,0.0,0.00000004,btc,1103841.4595604,0.0003330765234764,0.014975410599999999,44
1,[],4,[],2019-05-30 13:35:21,115247512.0789156,0.00000001,0.000000000000873708,7712037,2019-05-30 13:35:21,btc,291324.2463818146,0.0,0.00000001,"btc,ltc",28166467.85261387,0.00158159,0.07725175675426615,49
0.0000000001341613,[],4,[],2019-05-30 13:35:22,129337569.10225973,4.2931616e-17,3.7509696352128e-21,7712038,2019-05-30 13:35:22,ltc,22049.973371099266,0.0,0.00000032,ltc,159886180.64757714,0.0,1.2665079413510752e-09,52
0,[],22,[],2019-05-30 13:35:26,0.0,0,0,7712039,2019-05-30 13:35:26,,10289.55991011,0.0,0,,308568058.4566013,0.0,0.0,57
1,[],27,[],2019-05-30 13:35:35,2297.0,0.0000003,0.00000000002621124,7712040,2019-05-30 13:35:35,btc,0.0,0.0,0.0000003,"btc,eth",0.0,0.0,0.0003891,57
0.0000000001341613,[],4,[],2019-05-30 13:35:36,2654554926.306109,1.341613e-18,1.172178011004e-22,7712041,2019-05-30 13:35:36,ltc,19.341013980909903,0.0,0.00000001,ltc,5792130288.293987,0.0,3.561385398346318e-09,58
1,[],12,[],2019-05-30 13:35:36,1171492029.0,0.0000000001,0.000000000000008737080000000001,7712042,2019-05-30 13:35:36,btc,2204809.083337822,0.0,0.0000000001,btc,2593407910.565391,0.000964235348,0.1171492029,58
0.0000000001116202,[],22,[],2019-05-30 13:37:39,126877.0,1.116202e-18,9.75234617016e-23,7712043,2019-05-30 13:37:39,XMR,68.17454206,0.0,0.00000001,XMR,9626402.6,0.0,0.00126877,58
1,[],17,[],2019-05-03 01:12:09,1200000.0,0.0000000001,0.00000000000000548003,7559085,2019-05-03 01:12:09,btc,1e+24,0.0,0.0000000001,"btc,eth",39516342.31952568,0.0,0.00010000000058666061,58
1,[],5,[],2019-05-30 13:37:41,0.0,0,0,7712044,2019-05-30 13:37:41,btc,0.0,0.00258209,0,btc,0.0,0.0,0.0,61
1,[],22,[],2019-05-30 13:37:44,13613.833333333334,0.00000012,0.000000000010484496,7712045,2019-05-30 13:37:44,BTC,1002.29123003,0.0,0.00000012,BTC,15014.200177125656,0.0,0.00153269,61
1,[],26,[],2019-05-30 13:37:44,0.0,0.00000050,0.0000000000436854,7712046,2019-05-30 13:37:44,btc,0.0,0.0,0.00000050,btc,0.0,0.0,0.0,61
1,[],27,[],2019-05-30 13:37:49,8450.0,0.0000002,0.00000000001747416,7712047,2019-05-30 13:37:49,btc,1.9582485601246655,0.0,0.0000002,"btc,eth",11379.41563696,0.0,0.001522,61
0,[],28,[],2019-05-30 13:37:51,0.0,0,0,7712048,2019-05-30 13:37:51,,0.0,788.0,0,,0.0,0.0,0.0,61
1,[],4,[],2019-05-30 13:37:52,820768.90303247,0.00000083,0.000000000072517764,7712049,2019-05-30 13:37:52,btc,2.786714965908356,0.0,0.00000083,btc,863529.28378392,0.14146674,0.4473999907245518,67
0.0,[],25,[],2019-05-30 13:37:53,0.0,0,0,7712050,2019-05-30 13:37:53,,0.0,0.0,0.0,btc,0.0,0.0,0.0,67
1,[],12,[],2019-05-30 13:37:55,813745.0,0.00000005,0.00000000000436854,7712051,2019-05-30 13:37:55,btc,5.171564527082914,0.0,0.00000005,btc,774694.038961,8.5649401e-05,0.01771841,71
,[],5,[],2018-11-20 23:02:39,1.5e-07,0.00000005,0.000000000002128045,4862160,2018-11-20 23:02:39,btc,2.84511358,0.0,,btc,0.00036572,0.0,0.07381892,74
1,[],5,[],2019-05-30 13:37:56,0.0,0,0,7712052,2019-05-30 13:37:56,btc,0.0,0.05634099,0,btc,0.0,0.0,0.0,75
0,[],4,[],2019-05-25 21:33:44,0.0,0,0,7686249,2019-05-25 21:33:44,,133656.37989170782,0.0,0,,33439209.5909442,0.0,0.0,81
0,[],20,[],2019-01-25 09:30:31,0.0,0,0,6495923,2019-01-25 09:30:31,btc,0.0,0.0,0,btc,0.0,0.0,0.0,81
1,[],4,[],2019-05-30 13:37:57,44005.72410768,0.00011712,0.000000010232868096,7712053,2019-05-30 13:37:57,btc,33.87333083921431,0.0,0.00011712,btc,71042.26372959,1.72542555,1.0040987641808836,82
1,[],21,[],2019-05-30 13:37:58,44695.94199772,0.0001123800000000000048460541135,0.000000009818730504,7712054,2019-05-30 13:37:58,btc,31.524677592791875,81942.24475037,0.00011238000000000000484605411354976922666537575423717498779296875,btc,177017.94840108,9.96020001,4.225416123528401,82
0,[],17,[],2019-03-25 22:42:34,0.0,0,0,7038780,2019-03-25 22:42:34,btc,0.0445064681804024,0.0,0,btc,995513.18476001,0.0,0.0,84
0.0000000001161485,[],4,[],2019-05-20 13:09:39,216715621.0206096,1.161485e-18,9.0533806701e-23,7657228,2019-05-20 13:09:39,ltc,1.6511566870244727,0.0,0.00000001,ltc,471032407.9048656,0.0,2.5171194308112273e-10,85
,[],22,[],2018-11-20 23:09:34,3408.1,0.0000001,0.0000000000041895,4862324,2018-11-20 23:09:34,BTC,0.04624735,0.0,,BTC,4990.0,0.0,0.00033081,86
1,[],22,[],2019-05-30 13:38:01,62656.0,0.00000001,0.000000000000873708,7712055,2019-05-30 13:38:01,BTC,1.44908601,0.0,0.00000001,BTC,183055.29736842104,0.0001444,0.00062656,87
1,[],27,[],2019-05-30 13:38:08,11160.0,0.00000002,0.000000000001747416,7712056,2019-05-30 13:38:08,btc,5.074677018036,30200.0,0.00000002,btc,154973.67341,0.000604,0.0002216,87
,[],2,[],2018-11-20 23:10:47,0.0,0,0,4862359,2018-11-20 23:10:47,,0.0,0.0,,,0.0,0.0,0.0,88
1,[],11,[],2019-05-30 13:38:10,205008.13627386998,0.000080000000000000006544244313122504763668985106050968170166015625,0.0000000069896640000000005,7712057,2019-05-30 13:38:10,btc,186.6416389840266,127.0,0.000080000000000000006544244313122504763668985106050968170166015625,btc,239620.99417038,0.0,2.1979202306568295,89
0,[],2,[],2019-01-20 23:31:45,0.0,0,0,6477083,2019-01-20 23:31:45,,0.0,0.0,0,,0.0,0.0,0.0,91
1,[],12,[],2019-05-30 13:38:12,266401.32985505,0.00000031,0.000000000027084948,7712058,2019-05-30 13:38:12,btc,87.69207968954319,0.0,0.00000031,btc,146073.36253856,0.000898009988,0.0123334483999947,91
1,[],22,[],2019-05-30 13:40:15,75910.55,0.0000002,0.00000000001747416,7712059,2019-05-30 13:40:15,BTC,0.495,0.0,0.0000002,"BTC,LTC",4.95,0.0,0.00165931,91
0,[],17,[],2019-05-03 01:12:26,0.0,0,0,7559096,2019-05-03 01:12:26,btc,0.0,0.0,0,btc,0.0,0.0,0.0,91
1,[],22,[],2019-04-09 20:17:52,374949.73333333334,0.00000015,0.000000000007771935,7235704,2019-04-09 20:17:52,BTC,6.87372503,0.0,0.00000015,"BTC,LTC",159980.01196797504,1.1e-05,0.80510266,95
0.0000000001341613,[],4,[],2019-05-30 13:40:16,543397120.2321385,3.0857099e-17,2.6960094253092e-21,7712060,2019-05-30 13:40:16,ltc,11.298912868267607,0.0,0.00000023,ltc,152892847.71636692,0.0,9.055368017935712e-10,96
0,[],12,[],2019-05-30 13:40:17,0.0,0,0,7712061,2019-05-30 13:40:17,btc,17.13202668048951,0.0,0,btc,9673329.04895105,1.0989e-07,0.0,96
0,[],17,[],2019-05-03 01:12:32,0.0,0,0,7559100,2019-05-03 01:12:32,btc,0.0,0.0,0,btc,0.0,0.0,0.0,96
1,[],4,[],2019-04-14 03:32:46,1039404.33283278,0.00000038,0.000000000019245518,7293458,2019-04-14 03:32:46,btc,4.170086055365747,0.0,0.00000038,btc,3097704.34561074,0.06260606,0.1859928211030784,99
1,[],4,[],2019-05-30 13:42:17,209898.95794706,0.00001885,0.00000000164693958,7712062,2019-05-30 13:42:17,btc,7.522503205306668,0.0,0.00001885,btc,156078.41318381,0.39094261,0.3613338772798064,100
0,[],2,[],2019-01-20 23:23:55,0.0,0,0,6476914,2019-01-20 23:23:55,,0.0,0.0,0,,0.0,0.0,0.0,100
1,[],22,[],2019-05-30 13:42:21,150000.0,0.00000002,0.000000000001747416,7712063,2019-05-30 13:42:21,BTC,24.83526409,0.0,0.00000002,BTC,11187.719,0.0,0.0017,101
1,[],4,[],2019-05-30 13:42:21,543581.72593497,0.00000152,0.000000000132803616,7712064,2019-05-30 13:42:21,btc,362.1971159266015,0.0,0.00000152,btc,580747.40981547,0.13571896,0.1823074925358669,103
1,[],12,[],2019-05-30 13:42:24,144292923.83268034,0.000000004,0.0000000000003494832,7712065,2019-05-30 13:42:24,btc,2407.350611247392,0.0,0.000000004,btc,67193002.67232054,0.033175538212,0.1835955703307214,105
1,[],27,[],2019-05-30 13:42:31,330754.256,0.00000004,0.000000000003494832,7712066,2019-05-30 13:42:31,btc,0.260612125,1721165.51847933,0.00000004,btc,15935.5,0.06884662,0.00887000024,105
1,[],22,[],2019-04-21 00:17:26,21333.0,0.00000001,0.000000000000532493,7385819,2019-04-21 00:17:26,BTC,51.38182867,0.0,0.00000001,BTC,470435.0,0.0,0.00021333,107
1,[],26,[],2019-04-21 00:17:26,0.0,0.00000000,0,7385820,2019-04-21 00:17:26,btc,0.0,0.0,0.00000000,btc,0.0,0.0,0.0,107
1,[],5,[],2019-05-30 13:42:33,0.0,0,0,7712067,2019-05-30 13:42:33,btc,0.0,0.0,0,btc,0.0,0.0,0.0,112
0,[],22,[],2019-05-30 13:42:36,0.0,0,0,7712068,2019-05-30 13:42:36,,6.79726681,0.0,0,,3375892.0833333335,0.0,0.0,112
1,[],27,[],2019-05-30 13:42:43,1.0,0.00000001,0.000000000000873708,7712069,2019-05-30 13:42:43,btc,1.15032588,0.0,0.00000001,"btc,eth",1818.0,0.0,1e-08,112
1,[],4,[],2019-05-30 13:42:43,297019.83429759,0.00000092,0.000000000080381136,7712070,2019-05-30 13:42:43,btc,5.705087692249147,0.0,0.00000092,btc,592948.54405373,0.05347303,0.1873274828911755,113
1,[],5,[],2019-05-30 13:42:45,0.0,0,0,7712071,2019-05-30 13:42:45,btc,0.0,0.0,0,btc,0.0,0.0,0.0,113
1,[],17,[],2019-04-26 02:17:47,162738.278,0.00000004,0.0000000000021069000000000002,7461287,2019-04-26 02:17:47,btc,1.3331140273775473,0.0,0.00000004,btc,51796.221,0.0,0.00230953112,116
1,[],27,[],2019-05-22 05:13:01,210000.0,0.00000001,0.00000000000079145,7666372,2019-05-22 05:13:01,btc,3919.0005001478,0.0,0.00000001,btc,128660.871,0.0,0.0021,116
1,[],4,[],2019-05-21 22:31:11,138169.03963019,0.00000701,0.000000000558364025,7664793,2019-05-21 22:31:11,btc,150.95388250938234,0.0,0.00000701,btc,344631.17141974,0.07552974,0.4288357684941946,120
1,[],7,[],2019-05-21 22:31:12,3901.07750076,0.000010679999999999999389654892212320191902108490467071533203125,0.0000000008506887,7664794,2019-05-21 22:31:12,btc,231188.94669936574,0.0,0.000010679999999999999389654892212320191902108490467071533203125,btc,4133.83151364,0.0,0.0113888422364489,120
1,[],20,[],2019-04-07 18:42:29,1914137.0852,0.000000035,0.0000000000017871910000000002,7211992,2019-04-07 18:42:29,btc,32.2497668025648,25528.85,0.000000035,btc,1001975.4986,0.00089350975,0.0152723574729,125
1,[],22,[],2019-05-30 13:42:48,10000.0,0.00000001,0.000000000000873708,7712072,2019-05-30 13:42:48,BTC,0.032061,0.0,0.00000001,BTC,299316.7611111111,0.0,0.0001,126
1,[],4,[],2019-05-30 13:42:50,381887.70866578,0.00000701,0.000000000612469308,7712073,2019-05-30 13:42:50,btc,5.007763156724798,0.0,0.00000701,btc,187985.77896113,0.43840725,1.1819587416873232,131
0,[],2,[],2019-01-20 23:25:46,0.0,0,0,6476969,2019-01-20 23:25:46,,0.0,0.0,0,,0.0,0.0,0.0,131
1,[],17,[],2019-05-03 01:13:10,10000.0,0.00000001,0.000000000000548003,7559115,2019-05-03 01:13:10,btc,0.0953976503951408,0.0,0.00000001,btc,5037.62507334,0.0,0.0001,131
1,[],4,[],2019-05-30 13:44:50,4839.53904725,0.00007920,0.00000000691976736,7712074,2019-05-30 13:44:50,btc,5.031482179501926,0.0,0.00007920,btc,202.13055914,0.0,0.0121722691691609,135
1,[],3,[],2019-05-30 13:44:51,596452.22392675,0.00000001,0.0000000000008737080000000001,7712075,2019-05-30 13:44:51,btc,0.22284595272932578,1605354.79937,0.00000001,btc,1910497.4316845,0.0,0.005964522239267501,136
1,[],4,[],2019-05-30 13:44:52,2563244.19335816,0.00000196,0.000000000171246768,7712076,2019-05-30 13:44:52,btc,108.80195274601903,0.0,0.00000196,btc,517215.61094425,0.0481516,0.5654587374008196,137
1,[],12,[],2019-05-30 13:44:53,88028.06018101,0.00000176000000000000008976326626441988310034503228962421417236328125,0.000000000153772608,7712077,2019-05-30 13:44:53,btc,57.778802090184215,0.0,0.00000176000000000000008976326626441988310034503228962421417236328125,btc,48762.24707866,0.002340608,0.0175872699999309,137
1,[],4,[],2019-05-30 13:44:54,59819.0077823,0.00001906,0.000000001665287448,7712078,2019-05-30 13:44:54,btc,9.565005485670962,0.0,0.00001906,btc,160937.72887841,1.23159379,0.3551873631088716,142
1,[],5,[],2019-05-30 13:44:55,0.0,0,0,7712079,2019-05-30 13:44:55,btc,0.0,0.00159281,0,btc,0.0,0.0,0.0,142
1,[],20,[],2019-05-30 13:46:57,209038.2003,0.00001423,0.000000001243286484,7712080,2019-05-30 13:46:57,btc,1.6087331331366,0.0,0.00001423,btc,9872.8163,0.0,0.0185895689786,142
1,[],22,[],2019-05-30 13:47:00,11028.645,0.00001000,0.0000000008737080000000001,7712081,2019-05-30 13:47:00,BTC,3.2754788,0.0,0.00001000,BTC,1133.9993657797618,0.0,0.00745365,142
0.0,[],25,[],2019-05-30 13:47:01,0.0,0,0,7712082,2019-05-30 13:47:01,,0.0,0.0,0.0,btc,0.0,0.0,0.0,142
0,[],28,[],2019-05-30 13:49:02,0.0,0,0,7712083,2019-05-30 13:49:02,,0.0,0.0,0,,0.0,0.0,0.0,142
1,[],17,[],2019-05-03 01:13:16,32967.38636364,0.00000088,0.000000000048224264,7559122,2019-05-03 01:13:16,btc,20.06976206696776,0.0,0.00000088,btc,2746.079105,0.0,0.0105613000000032,142
0,[],22,[],2019-05-30 13:49:04,0.0,0,0,7712084,2019-05-30 13:49:04,,65.51518676,0.0,0,,839924755.3,0.0,0.0,143
0,[],22,[],2019-02-25 15:42:22,0.0,0,0,6783783,2019-02-25 15:42:22,,4.2131946,0.0,0,,2322156.0,0.0,0.0,146
,[],22,[],2018-11-20 23:01:11,0.0,0,0,4862114,2018-11-20 23:01:11,,2.56807021,0.0,,,61828.4988236,0.0,0.0,147
1,[],12,[],2019-04-21 06:38:04,193091.5971266,0.00000071,0.000000000037635183,7388679,2019-04-21 06:38:04,btc,2.301232411611175,0.0,0.00000071,btc,9957.48302385,0.00023528,0.0313308199999888,148
1,[],4,[],2019-03-19 21:31:25,255810.0415942,0.00000029,0.000000000011615747,6982695,2019-03-19 21:31:25,btc,218.94922712414143,0.0,0.00000029,btc,793529.37642722,0.00117,0.0608347789473395,152
0,[],22,[],2019-03-19 21:31:27,0.0,0,0,6982696,2019-03-19 21:31:27,,0.0,0.0,0,,0.0,0.0,0.0,152
1,[],5,[],2019-04-26 09:36:59,0.0,0,0,7465040,2019-04-26 09:36:59,btc,0.0,0.0,0,btc,0.0,0.0,0.0,153
,[],16,[],2019-01-11 15:38:59,0.0,0,0,6366141,2019-01-11 15:38:59,btc,0.0,0.0,,btc,0.0,0.0,0.0,155
0,[],22,[],2019-05-30 13:49:08,0.0,0,0,7712085,2019-05-30 13:49:08,,7.44455324,0.0,0,,5955762.942592593,0.0,0.0,156
0,[],23,[],2019-01-20 23:24:29,0.0,0,0,6476932,2019-01-20 23:24:29,,0.0,0.0,0,,0.0,0.0,0.0,156
1,[],22,[],2019-05-30 13:49:11,6996.0,0.00000001,0.000000000000873708,7712086,2019-05-30 13:49:11,BTC,1.7543039,0.0,0.00000001,BTC,57.0,0.0,6.996e-05,157
0,[],22,[],2019-05-21 23:40:32,0.0,0,0,7665049,2019-05-21 23:40:32,,50234.60468402,0.0,0,,54786159.03179465,0.0,0.0,158
,[],17,[],2018-11-20 22:56:10,0.0,0,0,4861976,2018-11-20 22:56:10,btc,1.1265625,0.0,,btc,1000.0,0.0,0.0,159
,[],20,[],2018-11-20 22:56:12,0.0,0,0,4861977,2018-11-20 22:56:12,btc,11912.7940471,0.0,,btc,34413894.3617,0.0,0.0,159
1,[],12,[],2019-05-24 02:51:20,9178.522006449999,0.00000191999999999999982841307998027158276954651228152215480804443359375,0.000000000151222656,7676256,2019-05-24 02:51:20,btc,149.80414728631675,0.0,0.00000191999999999999982841307998027158276954651228152215480804443359375,btc,1115.7451448499999,0.01783167678326,0.0120075778999181,168
1,[],17,[],2019-05-03 01:13:36,42852.0,0.00000002,0.000000000001096006,7559132,2019-05-03 01:13:36,btc,0.04279856251542,0.0,0.00000002,btc,274.46171372,0.0,0.00052852,168
1,[],22,[],2019-05-17 03:01:52,10.0,0.00000001,0.000000000000778341,7642059,2019-05-17 03:01:52,BTC,41.95893009,0.0,0.00000001,BTC,1753972.7737547632,0.0,1e-07,169
1,[],22,[],2019-05-30 08:38:18,202834.0,0.00000002,0.0000000000017416160000000001,7711049,2019-05-30 08:38:18,BTC,27.87002826,0.0,0.00000002,BTC,462189.5410507793,0.0,0.00211768,171
1,[],22,[],2019-05-29 08:05:18,349870.0,0.00000002,0.000000000001705894,7705265,2019-05-29 08:05:18,BTC,24.05907723,0.0,0.00000002,"BTC,LTC",1224285.4355616204,0.0,0.0039847,173
1,[],5,[],2019-05-30 13:49:12,0.0,0,0,7712087,2019-05-30 13:49:12,btc,0.0,0.0150762,0,btc,0.0,0.0,0.0,175
1,[],22,[],2019-05-30 13:49:15,90671.0,0.00000001,0.000000000000873708,7712088,2019-05-30 13:49:15,BTC,394.35459412,0.0,0.00000001,BTC,136275.61833431243,0.0,0.00090671,176
1,[],7,[],2019-05-30 13:49:16,0.0,0,0,7712089,2019-05-30 13:49:16,btc,522274.21536909975,435055.944056,0,btc,22529123.95761196,0.00435056,0.0,178
0,[],22,[],2019-05-30 13:49:19,0.0,0,0,7712090,2019-05-30 13:49:19,,1.00242428,0.0,0,,57512.0,0.0,0.0,178
0,[],2,[],2019-01-20 23:28:34,0.0,0,0,6477001,2019-01-20 23:28:34,,0.0,0.0,0,,0.0,0.0,0.0,178
1,[],5,[],2019-05-30 13:49:21,0.0,0,0,7712091,2019-05-30 13:49:21,btc,0.0,0.09503328,0,btc,0.0,0.0,0.0,179
0,[],22,[],2019-05-30 13:49:23,0.0,0,0,7712092,2019-05-30 13:49:23,,5.31522813,0.0,0,,13498409.311946675,0.0,0.0,179
0,[],23,[],2019-01-20 23:25:08,0.0,0,0,6476952,2019-01-20 23:25:08,,0.0,0.0,0,,0.0,0.0,0.0,179
1,[],22,[],2019-05-30 13:18:19,673867.2839456068,0.00000104,0.000000000090857728,7711940,2019-05-30 13:18:19,BTC,39.12230705,0.0,0.00000104,"BTC,LTC",95540.91416016164,0.11903636,0.57255904,180
1,[],26,[],2019-05-30 13:18:19,0.0,0.00000010,0.00000000000873632,7711941,2019-05-30 13:18:19,btc,0.0,0.0,0.00000010,btc,0.0,0.0,0.0,180
1,[],17,[],2019-05-03 01:13:56,20504.725000000002,0.0000001,0.00000000000548003,7559141,2019-05-03 01:13:56,btc,5.2010695838400265,0.0,0.0000001,btc,5033.45945,0.0,0.0011504725,180
,[],7,[],2018-11-20 22:58:01,562227.975654,0.00000085,0.000000000036176765,4862015,2018-11-20 22:58:01,btc,21836.6059674,2491.87645172,,btc,749999.041456,0.00211021,0.127565380455,183
,[],5,[],2019-01-10 08:11:41,0.0,0,0,6347036,2019-01-10 08:11:41,btc,82.15055501,0.00261,,btc,1.19002445,0.0,0.0,187
,[],17,[],2018-11-16 20:58:10,4062536.27273,0.00000001,0.000000000000550501,4708775,2018-11-16 20:58:10,btc,3.36492563466,0.195460381006,,"btc,eth",110697919.549,0.0,0.0157628953496,187
1,[],24,[],2019-05-22 21:04:52,0.0,0.000000000014,0.0000000000000010960978,7670219,2019-05-22 21:04:52,btc,0.0,0.0,0.000000000014,btc,0.0,0.0,0.0,187
0,[],22,[],2019-04-25 02:54:07,0.0,0,0,7447896,2019-04-25 02:54:07,,7.54794454,0.0,0,,76361.7243344055,0.0,0.0,191
0,[],22,[],2019-05-30 13:18:23,0.0,0,0,7711942,2019-05-30 13:18:23,,0.0,0.0,0,,0.0,0.0,0.0,197
0,[],23,[],2019-01-20 23:31:41,0.0,0,0,6477079,2019-01-20 23:31:41,,0.0,0.0,0,,0.0,0.0,0.0,199
0,[],22,[],2019-05-30 13:18:25,0.0,0,0,7711943,2019-05-30 13:18:25,,10.93271999,0.0,0,,99750037.0,0.0,0.0,199
1,[],26,[],2019-05-30 13:18:25,0.0,0.00000000,0,7711944,2019-05-30 13:18:25,btc,0.0,0.0,0.00000000,btc,0.0,0.0,0.0,199
0,[],2,[],2019-01-20 23:30:49,0.0,0,0,6477059,2019-01-20 23:30:49,,0.0,0.0,0,,0.0,0.0,0.0,201
1,[],4,[],2019-01-25 15:51:35,2084389.58565343,0.00000936,0.000000000333526752,6499557,2019-01-25 15:51:35,btc,2.0092503037378524,0.0,0.00000936,btc,160195.80207885,0.19272417,1.242687955921835,211
1,[],7,[],2019-05-30 13:18:29,1194549913.9130719,0.00000057,0.000000000049797024000000006,7711945,2019-05-30 13:18:29,btc,15201840.263647616,630902.628849,0.00000057,btc,8785905.70293703,0.0,13.463354089619962,212
1,[],12,[],2019-01-25 02:44:32,207462.42853209,0.000001080000000000000035831255497387193287295303889550268650054931640625,0.000000000038610756000000006,6493050,2019-01-25 02:44:32,btc,85023.03793723314,0.0,0.000001080000000000000035831255497387193287295303889550268650054931640625,btc,43675.73520027,0.000146250909087,0.0348620860622024,213
1,[],5,[],2019-05-30 00:07:46,0.0,0,0,7709357,2019-05-30 00:07:46,btc,0.0,0.06425239,0,btc,0.0,0.0,0.0,213
1,[],24,[],2019-05-30 00:07:46,0.0,0.000000399202,0.0000000000344859829346,7709358,2019-05-30 00:07:46,btc,0.0,0.0,0.000000399202,btc,0.0,0.0,0.0,213
1,[],26,[],2019-05-30 00:07:47,0.0,0.00000040,0.000000000034554919999999996,7709359,2019-05-30 00:07:47,btc,0.0,0.0,0.00000040,btc,0.0,0.0,0.0,213
0,[],22,[],2019-05-30 13:18:31,0.0,0,0,7711946,2019-05-30 13:18:31,,9.61445386,0.0,0,,3661587.094064925,0.0,0.0,216
1,[],27,[],2019-05-30 13:18:39,196550.0,0.00000001,0.000000000000873632,7711947,2019-05-30 13:18:39,btc,75.61743967917752,4433.0,0.00000001,"btc,ltc",386835.407688,4.433e-05,0.0019655,216
1,[],22,[],2019-05-30 13:18:42,720626.8260869565,0.00000027,0.000000000023588064,7711948,2019-05-30 13:18:42,BTC,12056.48858638,0.0,0.00000027,BTC,530778.7643343819,5.4e-07,0.0536882,217
1,[],7,[],2019-05-30 13:18:43,0.0,0,0,7711949,2019-05-30 13:18:43,btc,1234864.1040716618,0.0,0,btc,164001712.13147992,0.0,0.0,219
0,[],27,[],2019-05-30 13:18:49,0.0,0,0,7711950,2019-05-30 13:18:49,,0.457622606343255,7589501.741245,0,btc,15690678.50681425,0.07589502,0.0,219
0,[],28,[],2019-05-30 13:19:35,0.0,0,0,7711951,2019-05-30 13:19:35,,0.0,16382203.8703,0,,0.0,0.0,0.0,219
1,[],22,[],2019-05-23 16:41:05,172069.0,0.00000004,0.0000000000031167080000000004,7674065,2019-05-23 16:41:05,BTC,56.76466137,0.0,0.00000004,BTC,127061.6482738741,0.0,0.00393676,221
1,[],24,[],2019-05-23 16:41:05,0.0,0.000000010000,0.0000000000007791770000000001,7674066,2019-05-23 16:41:05,btc,0.0,0.0,0.000000010000,btc,0.0,0.0,0.0,221
1,[],20,[],2019-05-30 13:19:37,1886473.0,0.000000001,0.0000000000000873632,7711952,2019-05-30 13:19:37,btc,100053.66555019209,6675997.5333,0.000000001,btc,49845807.3749,0.0080763584831,0.001886473,224
0,[],22,[],2019-05-30 13:19:40,0.0,0,0,7711953,2019-05-30 13:19:40,,0.0,0.0,0,,0.0,0.0,0.0,224
1,[],26,[],2019-05-30 13:19:40,0.0,0.00000025,0.0000000000218408,7711954,2019-05-30 13:19:40,btc,0.0,0.0,0.00000025,btc,0.0,0.0,0.0,231
1,[],26,[],2019-05-30 13:19:40,0.0,0.00000006,0.000000000005241792,7711955,2019-05-30 13:19:40,btc,0.0,0.0,0.00000006,btc,0.0,0.0,0.0,234
0,[],27,[],2019-05-30 13:19:46,0.0,0,0,7711956,2019-05-30 13:19:46,,0.01134836604,0.0,0,"btc,eth",11462.996,0.0,0.0,234
1,[],4,[],2019-05-22 17:06:12,91780.56053785,0.00000078,0.000000000061977552,7669277,2019-05-22 17:06:12,btc,5.573372450018177,0.0,0.00000078,btc,729173.93529783,0.0,0.0307060663355679,236
1,[],24,[],2019-05-22 17:06:12,0.0,0.000000010000,0.000000000000794584,7669278,2019-05-22 17:06:12,btc,0.0,0.0,0.000000010000,btc,0.0,0.0,0.0,236
1,[],5,[],2019-05-30 13:19:47,0.0,0,0,7711957,2019-05-30 13:19:47,btc,0.0,0.03118669,0,btc,0.0,0.0,0.0,237
1,[],20,[],2019-05-30 13:19:49,120701328.6323,0.000000038,0.0000000000033198015999999998,7711958,2019-05-30 13:19:49,btc,58795.21877448428,9976554.99,0.000000038,btc,44091692.7724,0.4240155539101,0.4883347825501,237
1,[],22,[],2019-05-30 13:19:53,288100.0,0.00000003,0.000000000002620896,7711959,2019-05-30 13:19:53,BTC,1.20267422,0.0,0.00000003,"BTC,LTC",17930.94871794872,0.0,0.007541,237
1,[],4,[],2019-05-30 13:19:54,27966994.24387939,0.00000011,0.000000000009609952,7711960,2019-05-30 13:19:54,btc,2.8245235066787124,0.0,0.00000011,btc,9133810.70762417,0.04534598,0.6436798752256925,238
1,[],5,[],2019-05-30 13:19:55,0.0,0,0,7711961,2019-05-30 13:19:55,btc,0.0,0.00984639,0,btc,0.0,0.0,0.0,238
0,[],22,[],2019-03-12 16:49:32,0.0,0,0,6914458,2019-03-12 16:49:32,,0.40415746,0.0,0,,526736.5639027493,0.0,0.0,249
0,[],22,[],2019-05-28 23:53:45,0.0,0,0,7703643,2019-05-28 23:53:45,,13.44714864,0.0,0,,43777534.3426455,0.0,0.0,252
0,[],28,[],2019-05-30 13:20:28,0.0,0,0,7711962,2019-05-30 13:20:28,,0.0,367641.9,0,,0.0,0.0,0.0,256
1,[],22,[],2019-05-30 13:20:31,1039166.0,0.00000001,0.000000000000873632,7711963,2019-05-30 13:20:31,BTC,31464.5506474,0.0,0.00000001,BTC,585656.6675322719,7.7e-07,0.01039166,258
1,[],22,[],2019-05-19 18:12:02,400.0,0.00000001,0.0000000000007957800000000001,7653905,2019-05-19 18:12:02,BTC,2.415167,0.0,0.00000001,BTC,157.0,0.0,4e-06,259
1,[],5,[],2019-05-30 13:20:32,0.0,0,0,7711964,2019-05-30 13:20:32,btc,0.0,0.05356465,0,btc,0.0,0.0,0.0,264
1,[],20,[],2019-05-30 13:20:34,976115.3064,0.000000165,0.000000000014414928,7711965,2019-05-30 13:20:34,btc,0.9767313719541,23429.506,0.000000165,btc,52933.9807,0.013556486057,0.0109580631024,264
0,[],22,[],2019-04-12 17:57:27,0.0,0,0,7278186,2019-04-12 17:57:27,,66.37522201,0.0,0,,677842.4169881374,0.0,0.0,271
0,[],22,[],2019-05-29 08:10:20,0.0,0,0,7705301,2019-05-29 08:10:20,,33050470.74998113,0.0,0,,14361377780.7,0.0,0.0,272
0,[],28,[],2019-05-29 08:10:54,0.0,0,0,7705302,2019-05-29 08:10:54,,0.0,22189957216.5758,0,,0.0,0.0,0.0,272
1,[],22,[],2019-05-23 07:12:29,219930.0,0.00000004,0.000000000003048688,7671985,2019-05-23 07:12:29,BTC,426.77835217,0.0,0.00000004,BTC,248664.3325962929,0.0,0.00739728,281
1,[],22,[],2019-05-30 13:20:38,382821.68333333335,0.00000004,0.000000000003494528,7711966,2019-05-30 13:20:38,BTC,31.66183684,0.0,0.00000004,"BTC,LTC",1350928.3712440897,0.00358234,0.01605622,286
0,[],22,[],2019-05-30 13:20:41,0.0,0,0,7711967,2019-05-30 13:20:41,,7337904.96568486,0.0,0,,2004620112.6797826,0.0,0.0,294
