pairValue,buyBook,exchangeId,sellBook,updated,buyTotal,satoshiPrice,usdPrice,exchangeLogId,created,bestPair,sellTotalBtc,volume,pairPrice,activePairs,sellTotal,volumeBtc,buyTotalBtc,coinId
1,[],4,[],2019-05-23 18:44:13,207676.48388809,0.01074697,0.00000083680207208,7674557,2019-05-23 18:44:13,btc,8.256800815961974,0.0,0.01074697,btc,346.34850389,0.82585047,0.5463888689582937,1
1,[],5,[],2019-05-23 18:44:15,0.0,0,0,7674558,2019-05-23 18:44:15,btc,0.0,8.469e-05,0,btc,0.0,0.0,0.0,1
1,[],10,[],2019-05-23 18:44:17,255904.45258166,0.00750816,0.0000005846153702399999,7674559,2019-05-23 18:44:17,btc,6524.157098978884,1156.10765929,0.00750816,btc,1450.57693089,0.0,2.4402601110508666,1
1,[],12,[],2019-05-23 18:44:19,45.19955638,0.010829999999999999349409307569658267311751842498779296875,0.0000008432671199999999,7674560,2019-05-23 18:44:19,btc,0.2033926593465,0.0,0.010829999999999999349409307569658267311751842498779296875,btc,18.07693602,0.0833445822085,0.2966579857754,1
1,[],20,[],2019-05-23 18:44:22,972.6588,0.01026283,0.00000079910499512,7674561,2019-05-23 18:44:22,btc,0.2218784056979,0.1012,0.01026283,btc,16.9969,0.0011400531634,0.0999144334987,1
1,[],21,[],2019-05-23 18:44:23,1756.30172995,0.01077742999999999930216265653,0.0000008391738095199999,7674562,2019-05-23 18:44:23,btc,11.43524737684784,5368.7643031200005,0.01077742999999999930216265653371010557748377323150634765625,"btc,eth",1426.11971202,57.248553208963024,16.136038366770634,1
1,[],22,[],2019-05-23 18:44:27,0.0025666666666666667,0.00900000,0.000000700776,7674563,2019-05-23 18:44:27,BTC,0.31629903,0.0,0.00900000,BTC,0.2505752479991019,0.0,2.31e-05,1
1,[],24,[],2019-05-23 18:44:27,0.0,0.000000000000,0,7674564,2019-05-23 18:44:27,btc,0.0,0.0,0.000000000000,btc,0.0,0.0,0.0,1
0.0,[],25,[],2019-05-23 18:44:28,0.0,0,0,7674565,2019-05-23 18:44:28,btc,13.29999999932706,6058.63626433,0.0,btc,1201.64944211,66.95,0.0,1
1,[],26,[],2019-05-23 18:44:30,0.0,0,0,7674566,2019-05-23 18:44:30,,0.0,0.0,0,,0.0,0.0,0.0,1
0,[],28,[],2019-05-23 18:44:43,0.0,0,0,7674567,2019-05-23 18:44:43,,0.0,360682.0424,0,,0.0,0.0,0.0,1
1,[],3,[],2019-05-22 18:07:34,1123.259330580089,0.01114142000000000083670403938640447449870407581329345703125,0.0000008809019430100001,7669457,2019-05-22 18:07:34,btc,1.846938727610729,30.8730799403,0.01114142000000000083670403938640447449870407581329345703125,btc,27.179280298868,0.0,0.2238721862652316,1
0,[],2,[],2019-01-20 23:28:45,0.0,0,0,6477011,2019-01-20 23:28:45,,0.0,0.0,0,,0.0,0.0,0.0,1
1,[],5,[],2019-05-23 18:44:45,0.0,0,0,7674568,2019-05-23 18:44:45,btc,0.0,2.003e-05,0,btc,0.0,0.0,0.0,2
0,[],22,[],2019-05-23 18:44:47,0.0,0,0,7674569,2019-05-23 18:44:47,,0.0,0.0,0,,0.0,0.0,0.0,2
1,[],5,[],2019-05-23 18:44:49,0.0,0,0,7674570,2019-05-23 18:44:49,btc,0.0,0.01177821,0,btc,0.0,0.0,0.0,3
1,[],12,[],2019-05-23 18:44:50,3123061.41712,0.000000119,0.000000000009265815999999999,7674571,2019-05-23 18:44:50,btc,4645.226013432331,0.0,0.000000119,btc,1758753.60905625,0.04278910106285999,0.28295383663728,3
0,[],28,[],2019-05-23 18:44:52,0.0,0,0,7674572,2019-05-23 18:44:52,,0.0,0.0,0,,0.0,0.0,0.0,3
0,[],2,[],2019-01-20 23:31:32,0.0,0,0,6477077,2019-01-20 23:31:32,,0.0,0.0,0,,0.0,0.0,0.0,4
1,[],4,[],2019-05-18 21:29:50,562734.9206932,0.00000010,0.000000000007298720000000001,7650946,2019-05-18 21:29:50,btc,41.9347137769675,0.0,0.00000010,btc,1123702.32192634,0.00052462,0.029254593370966,4
0,[],12,[],2019-05-23 18:04:45,0.0,0,0,7674414,2019-05-23 18:04:45,btc,0.38590181,0.0,0,btc,951906.0,0.0,0.0,5
0,[],2,[],2019-01-20 23:31:51,0.0,0,0,6477087,2019-01-20 23:31:51,,0.0,0.0,0,,0.0,0.0,0.0,6
1,[],11,[],2019-05-23 18:44:56,7800289.776736,0.00000002,0.00000000000155728,7674573,2019-05-23 18:44:56,btc,9578.369272108535,1353926.0,0.00000002,btc,57890630.70519443,0.0,0.10437137276736,6
1,[],4,[],2019-05-23 18:44:57,3196413.04433902,0.00010700,0.000000008331447999999999,7674574,2019-05-23 18:44:57,btc,9.035030062820821,0.0,0.00010700,btc,50463.38686975,1.2050517,2.264987591947698,7
1,[],5,[],2019-05-23 18:44:58,0.0,0,0,7674575,2019-05-23 18:44:58,btc,0.0,0.17122249,0,btc,0.0,0.0,0.0,7
1,[],3,[],2019-05-22 18:08:48,11992.400030575094,0.00011500000000000000347812056933349822429590858519077301025390625,0.0000000090925325,7669475,2019-05-22 18:08:48,btc,1.1612001845741802,131.533509258,0.00011500000000000000347812056933349822429590858519077301025390625,btc,282.094355724518,0.0,0.024071946207221296,7
1,[],20,[],2019-04-07 22:06:50,3201475.0482,0.000000001,0.000000000000051590000000000004,7213932,2019-04-07 22:06:50,btc,30.8005781811902,0.0,0.000000001,btc,23077405.3926,0.0,0.0032014750482,8
0,[],2,[],2019-01-20 23:22:42,0.0,0,0,6476876,2019-01-20 23:22:42,,0.0,0.0,0,,0.0,0.0,0.0,9
0,[],23,[],2019-01-20 23:22:48,0.0,0,0,6476878,2019-01-20 23:22:48,,0.0,0.0,0,,0.0,0.0,0.0,9
1,[],1,[],2019-02-17 23:31:42,1822507.21,0.00000181000000000000003456111265232042484285557293333113193511962890625,0.000000000066086901,6701244,2019-02-17 23:31:42,btc,3.6990969245,17153386.5,0.00000181000000000000003456111265232042484285557293333113193511962890625,btc,1997391.71,31.11772986,3.2610482446,9
1,[],4,[],2019-05-23 18:45:02,21243477.25354592,0.00000055,0.0000000000428252,7674576,2019-05-23 18:45:02,btc,4.2871496694334645,0.0,0.00000055,btc,3951003.24365242,0.47578012,0.834893672665989,9
0,[],28,[],2019-05-23 18:45:03,0.0,0,0,7674577,2019-05-23 18:45:03,,0.0,3500764.0,0,,0.0,0.0,0.0,9
1,[],4,[],2019-02-17 11:22:43,4341674.27126056,0.00000002,0.0000000000007272960000000001,6696112,2019-02-17 11:22:43,btc,0.1997230937751353,0.0,0.00000002,btc,4109766.79808031,0.00215132,0.0479381022052112,10
0,[],2,[],2019-01-20 23:23:08,0.0,0,0,6476890,2019-01-20 23:23:08,,0.0,0.0,0,,0.0,0.0,0.0,12
1,[],4,[],2019-05-23 18:45:06,4618925.13284516,0.00000072,0.00000000005606208,7674578,2019-05-23 18:45:06,btc,5.216219308758708,0.0,0.00000072,btc,4506688.43404861,2.16001389,1.4320349422493976,12
1,[],5,[],2019-05-23 18:45:07,0.0,0,0,7674579,2019-05-23 18:45:07,btc,0.0,0.05401667,0,btc,0.0,0.0,0.0,12
0.0,[],25,[],2019-05-23 18:45:09,0.0,0,0,7674580,2019-05-23 18:45:09,,0.0,0.0,0.0,btc,0.0,0.0,0.0,12
1,[],10,[],2019-05-23 18:06:02,573668.3329046,0.00000626,0.000000000487158208,7674424,2019-05-23 18:06:02,btc,666802.6480672429,6604.94498644,0.00000626,btc,848852.92015284,0.0,0.3097551874807286,13
1,[],4,[],2019-05-23 18:45:10,352616.90436481,0.00000627,0.00000000048820728,7674581,2019-05-23 18:45:10,btc,2.0951874986071397,0.0,0.00000627,btc,250024.36080532,0.37295089,0.5743019974184402,13
1,[],21,[],2019-05-23 18:45:15,1704385.39171431,0.000006489999999999999695727333909,0.00000000050533736,7674582,2019-05-23 18:45:15,btc,5.161675690223394,834582.14918885,0.0000064899999999999996957273339093230646312804310582578182220458984375,btc,695001.32001104,5.56861077,8.891792950047442,13
1,[],4,[],2019-05-23 18:45:16,919192.19460857,0.00000072,0.00000000005606208,7674583,2019-05-23 18:45:16,btc,4.218125380056456,0.0,0.00000072,btc,816188.93893123,0.00673361,0.1351827400409428,14
1,[],12,[],2019-05-23 18:45:17,132264.42310316,0.00000057,0.00000000004438248,7674584,2019-05-23 18:45:17,btc,0.0147326541497891,0.0,0.00000057,btc,3222.79953077,0.0,0.0130032299999706,14
1,[],26,[],2019-05-23 18:47:17,0.0,0.00000050,0.000000000038932,7674585,2019-05-23 18:47:17,btc,0.0,0.0,0.00000050,btc,0.0,0.0,0.0,14
0,[],17,[],2019-05-03 00:53:32,0.0,0,0,7558876,2019-05-03 00:53:32,btc,0.0,0.0,0,btc,0.0,0.0,0.0,14
,[],12,[],2018-12-01 15:15:48,204241.84496,0.00000489,0.000000000202473384,5260204,2018-12-01 15:15:48,btc,49.5475654835,0.0,,btc,35763.2193806,0.0163153972027625,0.0203389899998,15
0,[],4,[],2019-05-23 18:47:18,0.0,0,0,7674586,2019-05-23 18:47:18,,0.0,0.0,0,,0.0,0.0,0.0,15
0,[],2,[],2019-01-20 23:23:38,0.0,0,0,6476906,2019-01-20 23:23:38,,0.0,0.0,0,,0.0,0.0,0.0,18
1,[],4,[],2019-05-23 18:47:19,39460.43809164,0.00001276,0.00000000099354464,7674587,2019-05-23 18:47:19,btc,1.083647865264532,0.0,0.00001276,btc,17202.29954658,0.02324584,0.1350778506774707,18
1,[],10,[],2019-05-23 18:47:22,308938.71995701,0.00001205,0.0000000009382612,7674588,2019-05-23 18:47:22,btc,15.300984595962143,6955.62324151,0.00001205,btc,10178.69953124,0.0,0.0782220409087643,18
1,[],12,[],2019-05-23 18:47:23,5818.27770894,0.000010760000000000000317770983138121465572112356312572956085205078125,0.00000000083781664,7674589,2019-05-23 18:47:23,btc,0.0207574317395981,0.0,0.000010760000000000000317770983138121465572112356312572956085205078125,btc,1135.417385,0.0011637512474549,0.0110592597516476,18
0,[],17,[],2019-05-03 00:53:39,0.0,0,0,7558882,2019-05-03 00:53:39,btc,0.0,0.0,0,btc,0.0,0.0,0.0,18
1,[],3,[],2019-05-23 12:54:51,156766.51797800077,0.00000931000000000000064808401700755524643682292662560939788818359375,0.0000000007091966980000001,7673172,2019-05-23 12:54:51,btc,0.23320582175359217,3571.32820087,0.00000931000000000000064808401700755524643682292662560939788818359375,btc,5250.788950421293,0.0,0.04758336177432609,19
0,[],2,[],2019-01-20 23:24:19,0.0,0,0,6476924,2019-01-20 23:24:19,,0.0,0.0,0,,0.0,0.0,0.0,19
1,[],4,[],2019-05-23 18:49:25,162310.75910933,0.00000988,0.00000000076929632,7674590,2019-05-23 18:49:25,btc,3.8206865213230343,0.0,0.00000988,btc,168373.01625383,0.27619167,0.6896842758380217,19
1,[],5,[],2019-05-23 18:49:26,0.0,0,0,7674591,2019-05-23 18:49:26,btc,0.0,0.00019823,0,btc,0.0,0.0,0.0,19
1,[],12,[],2019-05-23 18:49:27,13291.57275649,0.000006700000000000000226207941267375645111314952373504638671875,0.0000000005216888,7674592,2019-05-23 18:49:27,btc,0.0408026543259049,0.0,0.000006700000000000000226207941267375645111314952373504638671875,btc,1499.22383734,0.00097348,0.0146765499996289,19
0,[],27,[],2019-05-23 18:49:34,0.0,0,0,7674593,2019-05-23 18:49:34,,0.0,0.0,0,btc,0.0,0.0,0.0,19
1,[],4,[],2019-05-23 18:49:34,10228410.21811859,0.00000007,0.00000000000545048,7674594,2019-05-23 18:49:34,btc,6.4307072950777595,0.0,0.00000007,btc,2332215.60836933,0.00012031,0.1274738176872813,20
1,[],4,[],2019-05-23 18:49:35,73119316.72337481,0.00000001,0.00000000000077864,7674595,2019-05-23 18:49:35,btc,39092.88511707825,0.0,0.00000001,btc,61868315.12581323,0.000223,0.731193167233748,21
1,[],12,[],2019-05-23 18:49:36,2260333.0,0.00000001,0.00000000000077864,7674596,2019-05-23 18:49:36,btc,2.14484737002997,0.0,0.00000001,btc,1901949.000999,1.038997003e-05,0.02260333,21
0,[],17,[],2019-05-03 00:53:51,0.0,0,0,7558891,2019-05-03 00:53:51,btc,0.0,0.0,0,btc,0.0,0.0,0.0,21
1,[],12,[],2019-05-23 18:51:39,5852489955.0,0.0000000004,0.0000000000000311456,7674597,2019-05-23 18:51:39,btc,859503.3425573612,0.0,0.0000000004,btc,1210621159.1738262,0.1569173794663337,1.1464454511,23
0.0000000003093975,[],27,[],2019-05-23 18:51:46,73066248.0,6.1879499999999995e-18,4.818185388e-22,7674598,2019-05-23 18:51:46,eth,1173.64419953712,456390064.658,0.00000002,eth,44210787.856,2.824118899622775e-09,2.8303317592155e-10,23
1,[],4,[],2019-05-23 18:51:46,1892613.89212179,0.00000018,0.00000000001401552,7674599,2019-05-23 18:51:46,btc,13.462048988321964,0.0,0.00000018,btc,2048051.8640717,0.00133558,0.0596776862044506,24
1,[],22,[],2019-05-23 18:51:49,21.76,0.00000100,0.000000000077864,7674600,2019-05-23 18:51:49,BTC,7.415e-05,0.0,0.00000100,BTC,23.919354838709676,0.0,1.186e-05,24
0.0,[],25,[],2019-05-23 18:51:51,0.0,0,0,7674601,2019-05-23 18:51:51,,0.0,0.0,0.0,btc,0.0,0.0,0.0,24
0,[],2,[],2019-01-20 23:25:56,0.0,0,0,6476976,2019-01-20 23:25:56,,0.0,0.0,0,,0.0,0.0,0.0,26
1,[],4,[],2019-05-23 18:51:52,312437.70527739,0.00000420,0.0000000003270288,7674602,2019-05-23 18:51:52,btc,10.212839616867432,0.0,0.00000420,btc,270334.74293586,0.13888823,0.1827764030331853,26
1,[],10,[],2019-05-23 18:51:54,159719.75654741,0.0000044,0.00000000034260160000000003,7674603,2019-05-23 18:51:54,btc,25.513146388236816,4507.82547327,0.0000044,btc,23068.24580036,0.0,0.031603689607216,26
1,[],3,[],2019-05-23 12:57:31,7011104.62200389,0.00000001,0.000000000000761758,7673187,2019-05-23 12:57:31,btc,3.3214552111007274,4596166.57489,0.00000001,btc,24195530.02325085,0.0,0.0701110462200389,27
1,[],5,[],2019-04-26 09:47:06,0.0,0,0,7465326,2019-04-26 09:47:06,btc,0.0,0.0,0,btc,0.0,0.0,0.0,27
1,[],11,[],2019-05-23 18:51:56,1069867.58157834,0.00000001,0.00000000000077864,7674604,2019-05-23 18:51:56,btc,67503.038056662,12744.4184217,0.00000001,btc,6639900.67919713,0.0,0.0106986758157834,27
1,[],4,[],2019-05-23 18:51:56,1218232352.1199667,0.00000001,0.00000000000077864,7674605,2019-05-23 18:51:56,btc,4.678929961384723,0.0,0.00000001,"btc,ltc",291976995.2105849,0.00294511,8.342177141483804,29
1,[],7,[],2019-05-23 18:51:59,112446064.34806745,0.00000001,0.00000000000077864,7674606,2019-05-23 18:51:59,btc,46548272.132747106,78543.9,0.00000001,btc,35213241.72532668,0.00078544,1.1244606434806745,29
0,[],17,[],2019-05-03 01:11:25,0.0,0,0,7559066,2019-05-03 01:11:25,btc,0.0,0.0,0,btc,0.0,0.0,0.0,30
1,[],4,[],2019-05-23 18:52:01,15215493.95180043,0.00000006,0.00000000000467184,7674607,2019-05-23 18:52:01,btc,2.651880839596494,0.0,0.00000006,btc,2152994.11037628,0.00212151,0.1685367684056756,30
1,[],4,[],2019-05-23 18:54:02,102966.54156036,0.00004927,0.00000000383635928,7674608,2019-05-23 18:54:02,btc,3.821645312542729,0.0,0.00004927,btc,45966.87849915,1.72459408,0.4651421417840442,31
1,[],21,[],2019-05-23 18:54:04,97098.05795314,0.00004966000000000000226324167740,0.00000000386672624,7674609,2019-05-23 18:54:04,btc,4.8783113160198655,244586.79470495,0.0000496600000000000022632416774026609118664055131375789642333984375,btc,87644.74894173,12.40648006,3.8705260694739017,31
0,[],2,[],2019-01-20 23:28:43,0.0,0,0,6477009,2019-01-20 23:28:43,,0.0,0.0,0,,0.0,0.0,0.0,32
1,[],12,[],2019-03-30 07:55:10,40641173.964,0.00000003,0.000000000001228359,7108785,2019-03-30 07:55:10,btc,4233210.82356125,0.0,0.00000003,btc,28378394.68333462,0.0126927883965248,0.90752895892,33
0,[],4,[],2019-05-23 18:54:06,0.0,0,0,7674610,2019-05-23 18:54:06,,0.0,0.0,0,,0.0,0.0,0.0,33
0.00000000011313770000000001,[],4,[],2019-05-23 18:54:08,36925405.6129876,2.2627540000000003e-17,1.7618707745600003e-21,7674611,2019-05-23 18:54:08,ltc,3.5171250664560225,0.0,0.0000002,ltc,155848771.8814306,0.0,1.7944536985250508e-10,34
1,[],5,[],2019-05-23 18:54:10,0.0,0,0,7674612,2019-05-23 18:54:10,btc,0.0,0.0,0,btc,0.0,0.0,0.0,34
0.0000000002926451,[],17,[],2019-05-02 18:17:47,200000.0,2.9264510000000002e-18,1.596703856561e-22,7556430,2019-05-02 18:17:47,eth,0.20942468735267253,0.0,0.00000001,"btc,eth",1018272.20243647,0.0,5.852902e-13,36
0.00000000011313770000000001,[],4,[],2019-05-23 18:54:12,9746182.60911783,1.131377e-18,8.8093538728e-23,7674613,2019-05-23 18:54:12,ltc,4.0988614694334897e-08,0.0,0.00000001,ltc,7493227762.067634,0.0,1.1026606841755903e-11,36
1,[],5,[],2019-05-23 18:54:13,0.0,0,0,7674614,2019-05-23 18:54:13,btc,0.0,0.0,0,btc,0.0,0.0,0.0,36
0.0000000003093975,[],27,[],2019-05-23 18:56:24,127731667.004,6.1879499999999995e-18,4.818185388e-22,7674615,2019-05-23 18:56:24,eth,1671.19985018,2541819017.163999,0.00000002,"ltc,eth",17325469.0,1.1218306016931234e-08,4.550211651154835e-10,36
1,[],17,[],2019-05-03 01:11:36,211752.74075282,0.00000025,0.000000000013700074999999998,7559074,2019-05-03 01:11:36,btc,0.055484923955058496,0.0,0.00000025,"btc,eth",1387.19918473,0.0,0.0005381851887916605,37
1,[],4,[],2019-05-23 18:56:25,10085486.1106093,0.00000018,0.00000000001401552,7674616,2019-05-23 18:56:25,btc,19772.596009299992,0.0,0.00000018,btc,787543.48121193,0.00970582,0.1494625525256175,37
1,[],12,[],2019-05-23 18:56:26,3954547.52500001,0.00000017,0.000000000013236879999999998,7674617,2019-05-23 18:56:26,btc,5.452656389306397,0.0,0.00000017,btc,892357.29003928,0.0192303350901781,0.2015532692500017,37
1,[],27,[],2019-05-23 18:58:33,1600.0,0.00000015,0.0000000000116796,7674618,2019-05-23 18:58:33,btc,24.12156123602533,0.0,0.00000015,btc,5842.04443503,0.0,3e-05,37
1,[],5,[],2019-05-23 18:58:35,0.0,0,0,7674619,2019-05-23 18:58:35,btc,0.0,0.00174899,0,btc,0.0,0.0,0.0,42
1,[],12,[],2019-05-23 18:58:37,25129.29197015,0.00000101999999999999997501889774376149233603428001515567302703857421875,0.00000000007942128,7674620,2019-05-23 18:58:37,btc,24.39830562161434,0.0,0.00000101999999999999997501889774376149233603428001515567302703857421875,btc,44249.04393016,0.0277379433945571,0.0136116399999669,42
1,[],27,[],2019-05-23 18:58:46,806.0,0.00000100,0.000000000077864,7674621,2019-05-23 18:58:46,btc,0.5699845831768,0.0,0.00000100,"btc,eth",1183.4448157,0.0,0.00020600000048129875,42
1,[],12,[],2019-03-13 09:13:29,1112112.0,0.00000001,0.000000000000386531,6919902,2019-03-13 09:13:29,btc,29058.00478931866,0.0,0.00000001,btc,5967681.93306694,9.99000999e-07,0.01112112,43
1,[],5,[],2019-04-26 22:38:52,0.0,0,0,7474154,2019-04-26 22:38:52,btc,0.0,0.02638891,0,btc,0.0,0.0,0.0,43
0,[],17,[],2019-04-26 22:38:53,0.0,0,0,7474155,2019-04-26 22:38:53,btc,0.0,0.0,0,btc,0.0,0.0,0.0,43
1,[],12,[],2019-03-05 01:54:08,639326.02,0.00000004,0.000000000001486676,6845775,2019-03-05 01:54:08,btc,11116042.728239931,0.0,0.00000004,btc,1103841.4595604,0.0003330765234764,0.014975410599999999,44
1,[],4,[],2019-05-23 18:58:47,113763575.83481912,0.00000001,0.00000000000077864,7674622,2019-05-23 18:58:47,btc,291324.2203687779,0.0,0.00000001,"btc,ltc",26168675.90369327,0.0,0.10775006817489288,49
0.00000000011313770000000001,[],4,[],2019-05-23 18:58:48,96743166.3952132,4.978058800000001e-17,3.876115704032e-21,7674623,2019-05-23 18:58:48,ltc,21909.461136938007,0.0,0.00000044,ltc,152579394.22324213,0.00011021,5.3879592057498e-10,52
0,[],22,[],2019-05-23 18:58:52,0.0,0,0,7674624,2019-05-23 18:58:52,,10289.55991011,0.0,0,,308568058.4566013,0.0,0.0,57
0,[],27,[],2019-05-23 18:59:00,0.0,0,0,7674625,2019-05-23 18:59:00,,0.0,0.0,0,"btc,eth",0.0,0.0,0.0,57
0.00000000011313770000000001,[],4,[],2019-05-23 18:59:02,3030928952.991031,1.131377e-18,8.8093538728e-23,7674626,2019-05-23 18:59:02,ltc,19.26386810091849,0.0,0.00000001,ltc,6016416500.175698,0.0,3.429123306048134e-09,58
1,[],12,[],2019-05-23 18:59:03,1326001754.0,0.0000000001,0.0000000000000077864,7674627,2019-05-23 18:59:03,btc,734216.1610930003,0.0,0.0000000001,btc,2097693507.6613386,0.02172790871418581,0.1326001754,58
0.00000000010798779999999999,[],22,[],2019-05-23 19:01:06,126877.0,1.0798779999999999e-18,8.4083620592e-23,7674628,2019-05-23 19:01:06,XMR,68.17454206,0.0,0.00000001,XMR,9626402.6,0.0,0.00126877,58
1,[],17,[],2019-05-03 01:12:09,1200000.0,0.0000000001,0.00000000000000548003,7559085,2019-05-03 01:12:09,btc,1e+24,0.0,0.0000000001,"btc,eth",39516342.31952568,0.0,0.00010000000058666061,58
1,[],5,[],2019-05-23 19:01:08,0.0,0,0,7674629,2019-05-23 19:01:08,btc,0.0,0.00012026,0,btc,0.0,0.0,0.0,61
1,[],22,[],2019-05-23 19:01:12,13613.833333333334,0.00000012,0.00000000000934368,7674630,2019-05-23 19:01:12,BTC,1002.29590883,0.0,0.00000012,BTC,15092.180177125656,0.0,0.00153269,61
1,[],26,[],2019-05-23 19:01:13,0.0,0.00000050,0.000000000038932,7674631,2019-05-23 19:01:13,btc,0.0,0.0,0.00000050,btc,0.0,0.0,0.0,61
1,[],27,[],2019-05-23 19:01:20,107138.0,0.0000002,0.0000000000155728,7674632,2019-05-23 19:01:20,btc,1.9501982264346656,0.0,0.0000002,"btc,eth",12657.40563696,0.0,0.0013812200003093975,61
0,[],28,[],2019-05-23 19:01:23,0.0,0,0,7674633,2019-05-23 19:01:23,,0.0,674.0,0,,0.0,0.0,0.0,61
1,[],4,[],2019-05-23 19:01:24,1076357.67330948,0.00000081,0.00000000006306983999999999,7674634,2019-05-23 19:01:24,btc,2.55228728242247,0.0,0.00000081,btc,833314.66265916,0.14193369,0.6559996315431829,67
0.0,[],25,[],2019-05-23 19:01:25,0.0,0,0,7674635,2019-05-23 19:01:25,,0.0,0.0,0.0,btc,0.0,0.0,0.0,67
1,[],12,[],2019-05-23 19:01:27,628011.0,0.00000007,0.0000000000054504800000000004,7674636,2019-05-23 19:01:27,btc,3.810821004823184,0.0,0.00000007,btc,751467.17292716,0.0002354430869164,0.0122001,71
,[],5,[],2018-11-20 23:02:39,1.5e-07,0.00000005,0.000000000002128045,4862160,2018-11-20 23:02:39,btc,2.84511358,0.0,,btc,0.00036572,0.0,0.07381892,74
1,[],5,[],2019-05-23 19:01:29,0.0,0,0,7674637,2019-05-23 19:01:29,btc,0.0,0.02813619,0,btc,0.0,0.0,0.0,75
0,[],4,[],2019-05-23 19:01:30,0.0,0,0,7674638,2019-05-23 19:01:30,,133656.87703970782,0.0,0,,33424209.5909442,0.0,0.0,81
0,[],20,[],2019-01-25 09:30:31,0.0,0,0,6495923,2019-01-25 09:30:31,btc,0.0,0.0,0,btc,0.0,0.0,0.0,81
1,[],4,[],2019-05-23 19:01:33,28882.47136522,0.00006147,0.00000000478630008,7674639,2019-05-23 19:01:33,btc,18.58847878045586,0.0,0.00006147,btc,26277.34854198,0.11697597,0.5178830060448829,82
1,[],21,[],2019-05-23 19:01:34,61444.43867574,0.00006164999999999999419266621947,0.0000000048003156,7674640,2019-05-23 19:01:34,btc,3.822458313363147,4087.60840345,0.000061649999999999994192666219472442890037200413644313812255859375,btc,52198.21413208,0.25524208,1.63134757130906,82
0,[],17,[],2019-03-25 22:42:34,0.0,0,0,7038780,2019-03-25 22:42:34,btc,0.0445064681804024,0.0,0,btc,995513.18476001,0.0,0.0,84
0.0000000001161485,[],4,[],2019-05-20 13:09:39,216715621.0206096,1.161485e-18,9.0533806701e-23,7657228,2019-05-20 13:09:39,ltc,1.6511566870244727,0.0,0.00000001,ltc,471032407.9048656,0.0,2.5171194308112273e-10,85
,[],22,[],2018-11-20 23:09:34,3408.1,0.0000001,0.0000000000041895,4862324,2018-11-20 23:09:34,BTC,0.04624735,0.0,,BTC,4990.0,0.0,0.00033081,86
1,[],22,[],2019-05-23 19:01:37,85999.0,0.00000001,0.00000000000077864,7674641,2019-05-23 19:01:37,BTC,1.45832026,0.0,0.00000001,BTC,335430.29736842104,0.0,0.00085999,87
0,[],27,[],2019-05-23 19:01:45,0.0,0,0,7674642,2019-05-23 19:01:45,,4.961732754776,0.0,0,btc,24439.09041,0.0,0.0,87
,[],2,[],2018-11-20 23:10:47,0.0,0,0,4862359,2018-11-20 23:10:47,,0.0,0.0,,,0.0,0.0,0.0,88
1,[],11,[],2019-05-23 19:01:46,73431.64374454,0.000115459999999999995685777409715200292339432053267955780029296875,0.00000000899017744,7674643,2019-05-23 19:01:46,btc,180.70392252536092,3264.24660075,0.000115459999999999995685777409715200292339432053267955780029296875,btc,202596.42281386,0.0,4.563139649206643,89
1,[],12,[],2019-05-23 19:01:48,184584.79,0.00000027,0.00000000002102328,7674644,2019-05-23 19:01:48,btc,84.64194968874028,0.0,0.00000027,btc,50244.93151743,0.0004867637966503,0.0207595551,91
1,[],22,[],2019-05-23 19:03:52,75910.55,0.0000002,0.0000000000155728,7674645,2019-05-23 19:03:52,BTC,0.495,0.0,0.0000002,"BTC,LTC",4.95,0.0,0.00165931,91
0,[],2,[],2019-01-20 23:31:45,0.0,0,0,6477083,2019-01-20 23:31:45,,0.0,0.0,0,,0.0,0.0,0.0,91
0,[],17,[],2019-05-03 01:12:26,0.0,0,0,7559096,2019-05-03 01:12:26,btc,0.0,0.0,0,btc,0.0,0.0,0.0,91
1,[],22,[],2019-04-09 20:17:52,374949.73333333334,0.00000015,0.000000000007771935,7235704,2019-04-09 20:17:52,BTC,6.87372503,0.0,0.00000015,"BTC,LTC",159980.01196797504,1.1e-05,0.80510266,95
0.00000000011313770000000001,[],4,[],2019-05-23 19:03:52,541017126.3821362,4.2992326000000005e-17,3.3475544716640002e-21,7674646,2019-05-23 19:03:52,ltc,11.35740662595489,0.0,0.00000038,ltc,148872264.3607046,0.00014948,7.804165358614303e-10,96
0,[],12,[],2019-05-23 19:03:53,0.0,0,0,7674647,2019-05-23 19:03:53,btc,2.46420895,0.0,0,btc,4836953.0,0.0001998102,0.0,96
0,[],17,[],2019-05-03 01:12:32,0.0,0,0,7559100,2019-05-03 01:12:32,btc,0.0,0.0,0,btc,0.0,0.0,0.0,96
1,[],4,[],2019-04-14 03:32:46,1039404.33283278,0.00000038,0.000000000019245518,7293458,2019-04-14 03:32:46,btc,4.170086055365747,0.0,0.00000038,btc,3097704.34561074,0.06260606,0.1859928211030784,99
1,[],4,[],2019-05-23 19:05:55,182735.93074706,0.00002387,0.00000000185861368,7674648,2019-05-23 19:05:55,btc,7.192245806975691,0.0,0.00002387,btc,138808.95546619,0.07438704,0.5727746142213328,100
0,[],2,[],2019-01-20 23:23:55,0.0,0,0,6476914,2019-01-20 23:23:55,,0.0,0.0,0,,0.0,0.0,0.0,100
1,[],22,[],2019-05-23 19:05:58,150000.0,0.00000002,0.00000000000155728,7674649,2019-05-23 19:05:58,BTC,24.83526409,0.0,0.00000002,BTC,11187.719,0.0,0.0017,101
1,[],4,[],2019-05-23 19:06:00,651888.69572593,0.00000180,0.0000000001401552,7674650,2019-05-23 19:06:00,btc,362.9495902786464,0.0,0.00000180,btc,636159.42501935,0.09350341,0.30162697922954,103
1,[],12,[],2019-05-23 19:06:03,24114530.0,0.000000004,0.00000000000031145600000000003,7674651,2019-05-23 19:06:03,btc,551.3658816274764,0.0,0.000000004,btc,43778453.71154843,0.02477578687072642,0.037724458,105
0,[],27,[],2019-05-23 19:06:14,0.0,0,0,7674652,2019-05-23 19:06:14,,0.2585948473531397,0.0,0,btc,622853.35947933,0.0,0.0,105
1,[],22,[],2019-04-21 00:17:26,21333.0,0.00000001,0.000000000000532493,7385819,2019-04-21 00:17:26,BTC,51.38182867,0.0,0.00000001,BTC,470435.0,0.0,0.00021333,107
1,[],26,[],2019-04-21 00:17:26,0.0,0.00000000,0,7385820,2019-04-21 00:17:26,btc,0.0,0.0,0.00000000,btc,0.0,0.0,0.0,107
1,[],5,[],2019-05-23 19:06:15,0.0,0,0,7674653,2019-05-23 19:06:15,btc,0.0,0.0,0,btc,0.0,0.0,0.0,112
0,[],22,[],2019-05-23 19:06:18,0.0,0,0,7674654,2019-05-23 19:06:18,,2.79635781,0.0,0,,3274992.0833333335,0.0,0.0,112
1,[],27,[],2019-05-23 19:06:27,1.0,0.00000001,0.00000000000077864,7674655,2019-05-23 19:06:27,btc,1.15032588,0.0,0.00000001,"btc,eth",1818.0,0.0,1e-08,112
1,[],4,[],2019-05-23 19:06:29,592544.22485036,0.00000102,0.00000000007942128,7674656,2019-05-23 19:06:29,btc,4.619974144310194,0.0,0.00000102,btc,587940.04688431,0.01810128,0.3299927161400281,113
1,[],5,[],2019-05-23 19:06:30,0.0,0,0,7674657,2019-05-23 19:06:30,btc,0.0,3.58e-06,0,btc,0.0,0.0,0.0,113
1,[],17,[],2019-04-26 02:17:47,162738.278,0.00000004,0.0000000000021069000000000002,7461287,2019-04-26 02:17:47,btc,1.3331140273775473,0.0,0.00000004,btc,51796.221,0.0,0.00230953112,116
1,[],27,[],2019-05-22 05:13:01,210000.0,0.00000001,0.00000000000079145,7666372,2019-05-22 05:13:01,btc,3919.0005001478,0.0,0.00000001,btc,128660.871,0.0,0.0021,116
1,[],4,[],2019-05-21 22:31:11,138169.03963019,0.00000701,0.000000000558364025,7664793,2019-05-21 22:31:11,btc,150.95388250938234,0.0,0.00000701,btc,344631.17141974,0.07552974,0.4288357684941946,120
1,[],7,[],2019-05-21 22:31:12,3901.07750076,0.000010679999999999999389654892212320191902108490467071533203125,0.0000000008506887,7664794,2019-05-21 22:31:12,btc,231188.94669936574,0.0,0.000010679999999999999389654892212320191902108490467071533203125,btc,4133.83151364,0.0,0.0113888422364489,120
1,[],20,[],2019-04-07 18:42:29,1914137.0852,0.000000035,0.0000000000017871910000000002,7211992,2019-04-07 18:42:29,btc,32.2497668025648,25528.85,0.000000035,btc,1001975.4986,0.00089350975,0.0152723574729,125
1,[],22,[],2019-05-23 19:06:33,10000.0,0.00000001,0.00000000000077864,7674658,2019-05-23 19:06:33,BTC,0.032061,0.0,0.00000001,BTC,299316.7611111111,0.0,0.0001,126
1,[],4,[],2019-05-23 19:06:34,2193263.67675013,0.00000570,0.0000000004438248,7674659,2019-05-23 19:06:34,btc,3.2599935535994935,0.0,0.00000570,btc,178974.02906939,0.06878143,0.4191881197787178,131
0,[],2,[],2019-01-20 23:25:46,0.0,0,0,6476969,2019-01-20 23:25:46,,0.0,0.0,0,,0.0,0.0,0.0,131
1,[],17,[],2019-05-03 01:13:10,10000.0,0.00000001,0.000000000000548003,7559115,2019-05-03 01:13:10,btc,0.0953976503951408,0.0,0.00000001,btc,5037.62507334,0.0,0.0001,131
1,[],4,[],2019-05-23 19:08:35,4755.79024213,0.00008000,0.00000000622912,7674660,2019-05-23 19:08:35,btc,5.032889141561925,0.0,0.00008000,btc,203.84599175,0.0,0.008486234528974,135
1,[],3,[],2019-05-22 20:57:20,456341.0025,0.00000002,0.0000000000015658540000000001,7670196,2019-05-22 20:57:20,btc,0.2168360115270351,986846.107254,0.00000002,btc,1789524.65154488,0.0,0.004663410025,136
1,[],4,[],2019-05-23 19:08:36,2451081.81004147,0.00000188,0.00000000014638432,7674661,2019-05-23 19:08:36,btc,106.77181540726853,0.0,0.00000188,btc,443981.64535713,0.00561052,0.5305197741149669,137
1,[],12,[],2019-05-23 19:08:37,74332.75824594,0.0000009,0.00000000007007759999999999,7674662,2019-05-23 19:08:37,btc,0.0030688576165096,0.0,0.0000009,btc,676.06534894,4.655e-05,0.0086684999999576,137
1,[],4,[],2019-05-23 19:08:38,95093.00917843,0.00001652,0.00000000128631328,7674663,2019-05-23 19:08:38,btc,8.231909923158502,0.0,0.00001652,btc,138853.61624512,0.52038275,1.0203029762987377,142
1,[],5,[],2019-05-23 19:08:39,0.0,0,0,7674664,2019-05-23 19:08:39,btc,0.0,0.00783467,0,btc,0.0,0.0,0.0,142
1,[],20,[],2019-05-23 19:10:41,219645.3076,0.000015,0.00000000116796,7674665,2019-05-23 19:10:41,btc,1.6082319608954,0.05,0.000015,btc,9788.8796,7.6533e-07,0.0259340767829,142
1,[],22,[],2019-05-23 19:10:45,11028.645,0.00001000,0.00000000077864,7674666,2019-05-23 19:10:45,BTC,3.2754788,0.0,0.00001000,BTC,1133.9993657797618,0.0,0.00745365,142
0.0,[],25,[],2019-05-23 19:10:47,0.0,0,0,7674667,2019-05-23 19:10:47,,0.0,0.0,0.0,btc,0.0,0.0,0.0,142
0,[],28,[],2019-05-23 19:10:49,0.0,0,0,7674668,2019-05-23 19:10:49,,0.0,0.0,0,,0.0,0.0,0.0,142
1,[],17,[],2019-05-03 01:13:16,32967.38636364,0.00000088,0.000000000048224264,7559122,2019-05-03 01:13:16,btc,20.06976206696776,0.0,0.00000088,btc,2746.079105,0.0,0.0105613000000032,142
0,[],22,[],2019-05-23 19:10:52,0.0,0,0,7674669,2019-05-23 19:10:52,,65.7671051,0.0,0,,846980922.8,0.0,0.0,143
0,[],22,[],2019-02-25 15:42:22,0.0,0,0,6783783,2019-02-25 15:42:22,,4.2131946,0.0,0,,2322156.0,0.0,0.0,146
,[],22,[],2018-11-20 23:01:11,0.0,0,0,4862114,2018-11-20 23:01:11,,2.56807021,0.0,,,61828.4988236,0.0,0.0,147
1,[],12,[],2019-04-21 06:38:04,193091.5971266,0.00000071,0.000000000037635183,7388679,2019-04-21 06:38:04,btc,2.301232411611175,0.0,0.00000071,btc,9957.48302385,0.00023528,0.0313308199999888,148
1,[],4,[],2019-03-19 21:31:25,255810.0415942,0.00000029,0.000000000011615747,6982695,2019-03-19 21:31:25,btc,218.94922712414143,0.0,0.00000029,btc,793529.37642722,0.00117,0.0608347789473395,152
0,[],22,[],2019-03-19 21:31:27,0.0,0,0,6982696,2019-03-19 21:31:27,,0.0,0.0,0,,0.0,0.0,0.0,152
1,[],5,[],2019-04-26 09:36:59,0.0,0,0,7465040,2019-04-26 09:36:59,btc,0.0,0.0,0,btc,0.0,0.0,0.0,153
,[],16,[],2019-01-11 15:38:59,0.0,0,0,6366141,2019-01-11 15:38:59,btc,0.0,0.0,,btc,0.0,0.0,0.0,155
0,[],22,[],2019-05-23 19:10:57,0.0,0,0,7674670,2019-05-23 19:10:57,,6.80428744,0.0,0,,4677994.942592593,0.0,0.0,156
0,[],23,[],2019-01-20 23:24:29,0.0,0,0,6476932,2019-01-20 23:24:29,,0.0,0.0,0,,0.0,0.0,0.0,156
1,[],22,[],2019-05-23 19:11:00,7066.0,0.00000800,0.000000000622912,7674671,2019-05-23 19:11:00,BTC,1.79802465,0.0,0.00000800,BTC,802.6461988741639,0.0,0.00062996,157
0,[],22,[],2019-05-21 23:40:32,0.0,0,0,7665049,2019-05-21 23:40:32,,50234.60468402,0.0,0,,54786159.03179465,0.0,0.0,158
,[],17,[],2018-11-20 22:56:10,0.0,0,0,4861976,2018-11-20 22:56:10,btc,1.1265625,0.0,,btc,1000.0,0.0,0.0,159
,[],20,[],2018-11-20 22:56:12,0.0,0,0,4861977,2018-11-20 22:56:12,btc,11912.7940471,0.0,,btc,34413894.3617,0.0,0.0,159
1,[],12,[],2019-05-23 19:11:01,9821.66695078,0.000001700000000000000028950908510794182149084008415229618549346923828125,0.0000000001323688,7674672,2019-05-23 19:11:01,btc,119.80415005554752,0.0,0.000001700000000000000028950908510794182149084008415229618549346923828125,btc,1115.07481518,0.017828907552488,0.0119861699998826,168
1,[],17,[],2019-05-03 01:13:36,42852.0,0.00000002,0.000000000001096006,7559132,2019-05-03 01:13:36,btc,0.04279856251542,0.0,0.00000002,btc,274.46171372,0.0,0.00052852,168
1,[],22,[],2019-05-17 03:01:52,10.0,0.00000001,0.000000000000778341,7642059,2019-05-17 03:01:52,BTC,41.95893009,0.0,0.00000001,BTC,1753972.7737547632,0.0,1e-07,169
1,[],22,[],2019-05-23 19:13:05,288172.6,0.00000005,0.0000000000038932,7674673,2019-05-23 19:13:05,BTC,27.86167578,0.0,0.00000005,BTC,450503.58519413596,0.00014242,0.00561483,171
1,[],22,[],2019-05-23 19:13:09,389395.0,0.00000002,0.00000000000155728,7674674,2019-05-23 19:13:09,BTC,24.3997339,0.0,0.00000002,"BTC,LTC",1038934.9936183414,1e-07,0.0054799,173
1,[],5,[],2019-05-23 19:13:11,0.0,0,0,7674675,2019-05-23 19:13:11,btc,0.0,0.02010929,0,btc,0.0,0.0,0.0,175
1,[],22,[],2019-05-23 19:13:15,90671.0,0.00000001,0.00000000000077864,7674676,2019-05-23 19:13:15,BTC,394.35459412,0.0,0.00000001,BTC,136275.61833431243,0.0,0.00090671,176
1,[],7,[],2019-05-23 19:13:16,0.0,0,0,7674677,2019-05-23 19:13:16,btc,522274.27920252585,1000.0,0,btc,28611394.38495738,1e-05,0.0,178
0,[],22,[],2019-05-23 19:13:18,0.0,0,0,7674678,2019-05-23 19:13:18,,1.00242428,0.0,0,,57512.0,0.0,0.0,178
0,[],2,[],2019-01-20 23:28:34,0.0,0,0,6477001,2019-01-20 23:28:34,,0.0,0.0,0,,0.0,0.0,0.0,178
1,[],5,[],2019-05-23 19:13:20,0.0,0,0,7674679,2019-05-23 19:13:20,btc,0.0,0.02195951,0,btc,0.0,0.0,0.0,179
0,[],22,[],2019-05-23 19:13:22,0.0,0,0,7674680,2019-05-23 19:13:22,,5.31386491,0.0,0,,13362087.311946675,0.0,0.0,179
0,[],23,[],2019-01-20 23:25:08,0.0,0,0,6476952,2019-01-20 23:25:08,,0.0,0.0,0,,0.0,0.0,0.0,179
1,[],22,[],2019-05-23 19:15:29,660377.4649350649,0.00000120,0.0000000000934368,7674681,2019-05-23 19:15:29,BTC,39.28448181,0.0,0.00000120,"BTC,LTC",145561.2539508663,0.00653315,0.56019796,180
1,[],26,[],2019-05-23 19:15:29,0.0,0.00000250,0.00000000019466,7674682,2019-05-23 19:15:29,btc,0.0,50.0,0.00000250,btc,0.0,0.0,0.0,180
1,[],17,[],2019-05-03 01:13:56,20504.725000000002,0.0000001,0.00000000000548003,7559141,2019-05-03 01:13:56,btc,5.2010695838400265,0.0,0.0000001,btc,5033.45945,0.0,0.0011504725,180
,[],7,[],2018-11-20 22:58:01,562227.975654,0.00000085,0.000000000036176765,4862015,2018-11-20 22:58:01,btc,21836.6059674,2491.87645172,,btc,749999.041456,0.00211021,0.127565380455,183
,[],5,[],2019-01-10 08:11:41,0.0,0,0,6347036,2019-01-10 08:11:41,btc,82.15055501,0.00261,,btc,1.19002445,0.0,0.0,187
,[],17,[],2018-11-16 20:58:10,4062536.27273,0.00000001,0.000000000000550501,4708775,2018-11-16 20:58:10,btc,3.36492563466,0.195460381006,,"btc,eth",110697919.549,0.0,0.0157628953496,187
1,[],24,[],2019-05-22 21:04:52,0.0,0.000000000014,0.0000000000000010960978,7670219,2019-05-22 21:04:52,btc,0.0,0.0,0.000000000014,btc,0.0,0.0,0.0,187
0,[],22,[],2019-04-25 02:54:07,0.0,0,0,7447896,2019-04-25 02:54:07,,7.54794454,0.0,0,,76361.7243344055,0.0,0.0,191
0,[],22,[],2019-05-23 19:15:34,0.0,0,0,7674683,2019-05-23 19:15:34,,0.0,0.0,0,,0.0,0.0,0.0,197
0,[],23,[],2019-01-20 23:31:41,0.0,0,0,6477079,2019-01-20 23:31:41,,0.0,0.0,0,,0.0,0.0,0.0,199
0,[],22,[],2019-05-23 19:15:38,0.0,0,0,7674684,2019-05-23 19:15:38,,10.22019194,0.0,0,,85003964.0,0.0,0.0,199
1,[],26,[],2019-05-23 19:15:38,0.0,0.00000000,0,7674685,2019-05-23 19:15:38,btc,0.0,0.0,0.00000000,btc,0.0,0.0,0.0,199
0,[],2,[],2019-01-20 23:30:49,0.0,0,0,6477059,2019-01-20 23:30:49,,0.0,0.0,0,,0.0,0.0,0.0,201
1,[],4,[],2019-01-25 15:51:35,2084389.58565343,0.00000936,0.000000000333526752,6499557,2019-01-25 15:51:35,btc,2.0092503037378524,0.0,0.00000936,btc,160195.80207885,0.19272417,1.242687955921835,211
1,[],7,[],2019-05-23 19:15:42,20649011.82832461,0.00000019,0.00000000001479416,7674686,2019-05-23 19:15:42,btc,15200499.64226232,2837864.10828,0.00000019,btc,10268051.02826497,0.0,0.945376956429418,212
1,[],5,[],2019-05-23 19:15:44,0.0,0,0,7674687,2019-05-23 19:15:44,btc,0.0,0.05079532,0,btc,0.0,0.0,0.0,213
1,[],24,[],2019-05-23 19:15:44,0.0,0.000000090000,0.00000000000700776,7674688,2019-05-23 19:15:44,btc,0.0,0.0,0.000000090000,btc,0.0,0.0,0.0,213
1,[],26,[],2019-05-23 19:15:44,0.0,0.00000040,0.0000000000311456,7674689,2019-05-23 19:15:44,btc,0.0,0.0,0.00000040,btc,0.0,0.0,0.0,213
1,[],12,[],2019-01-25 02:44:32,207462.42853209,0.000001080000000000000035831255497387193287295303889550268650054931640625,0.000000000038610756000000006,6493050,2019-01-25 02:44:32,btc,85023.03793723314,0.0,0.000001080000000000000035831255497387193287295303889550268650054931640625,btc,43675.73520027,0.000146250909087,0.0348620860622024,213
0,[],22,[],2019-05-23 19:15:47,0.0,0,0,7674690,2019-05-23 19:15:47,,9.61235386,0.0,0,,3451587.094064925,0.0,0.0,216
0,[],27,[],2019-05-23 19:15:57,0.0,0,0,7674691,2019-05-23 19:15:57,,64.7983091180052,0.0,0,"btc,ltc",410700.40768,0.0,0.0,216
1,[],22,[],2019-05-23 19:16:00,287214.9,0.0000002,0.0000000000155728,7674692,2019-05-23 19:16:00,BTC,12054.80294043,0.0,0.0000002,BTC,450563.1724419661,0.00020662,0.03097322,217
1,[],7,[],2019-05-23 19:16:01,0.0,0,0,7674693,2019-05-23 19:16:01,btc,1234864.1744444147,0.0,0,btc,162514363.92083928,0.0,0.0,219
0,[],27,[],2019-05-23 19:16:09,0.0,0,0,7674694,2019-05-23 19:16:09,,0.105466823472,0.0,0,btc,3058319.8967,0.0,0.0,219
0,[],28,[],2019-05-23 19:16:11,0.0,0,0,7674695,2019-05-23 19:16:11,,0.0,16467.0,0,,0.0,0.0,0.0,219
1,[],22,[],2019-05-23 16:41:05,172069.0,0.00000004,0.0000000000031167080000000004,7674065,2019-05-23 16:41:05,BTC,56.76466137,0.0,0.00000004,BTC,127061.6482738741,0.0,0.00393676,221
1,[],24,[],2019-05-23 16:41:05,0.0,0.000000010000,0.0000000000007791770000000001,7674066,2019-05-23 16:41:05,btc,0.0,0.0,0.000000010000,btc,0.0,0.0,0.0,221
1,[],20,[],2019-05-23 19:16:14,18195268.4812,0.000000003,0.000000000000233592,7674696,2019-05-23 19:16:14,btc,100050.30245895586,1502933.7818,0.000000003,btc,40592582.7616,0.0058800752789,0.0207005882712,224
0,[],22,[],2019-05-23 19:16:16,0.0,0,0,7674697,2019-05-23 19:16:16,,0.0,0.0,0,,0.0,0.0,0.0,224
1,[],26,[],2019-05-23 19:16:17,0.0,0.00000026,0.00000000002024464,7674698,2019-05-23 19:16:17,btc,0.0,0.0,0.00000026,btc,0.0,0.0,0.0,231
1,[],26,[],2019-05-23 19:16:18,0.0,0.00000006,0.00000000000467184,7674699,2019-05-23 19:16:18,btc,0.0,0.0,0.00000006,btc,0.0,0.0,0.0,234
0,[],27,[],2019-05-23 19:16:27,0.0,0,0,7674700,2019-05-23 19:16:27,,0.01134836604,0.0,0,"btc,eth",11462.996,0.0,0.0,234
1,[],4,[],2019-05-22 17:06:12,91780.56053785,0.00000078,0.000000000061977552,7669277,2019-05-22 17:06:12,btc,5.573372450018177,0.0,0.00000078,btc,729173.93529783,0.0,0.0307060663355679,236
1,[],24,[],2019-05-22 17:06:12,0.0,0.000000010000,0.000000000000794584,7669278,2019-05-22 17:06:12,btc,0.0,0.0,0.000000010000,btc,0.0,0.0,0.0,236
1,[],5,[],2019-05-23 19:16:28,0.0,0,0,7674701,2019-05-23 19:16:28,btc,0.0,0.03769149,0,btc,0.0,0.0,0.0,237
1,[],20,[],2019-05-23 19:16:30,120179662.1603,0.000000043,0.000000000003348152,7674702,2019-05-23 19:16:30,btc,58793.169944084664,13090220.8977,0.000000043,btc,42503297.1897,0.5928038368888,0.4511252192848,237
1,[],22,[],2019-05-23 19:16:33,318000.0,0.00000003,0.00000000000233592,7674703,2019-05-23 19:16:33,BTC,1.20267422,0.0,0.00000003,BTC,17930.94871794872,0.0,0.00934,237
1,[],4,[],2019-05-23 19:16:34,27978518.41349744,0.00000012,0.00000000000934368,7674704,2019-05-23 19:16:34,btc,2.9294162809439954,0.0,0.00000012,btc,9684817.92998936,0.07620728,0.6600695537586116,238
1,[],5,[],2019-05-23 19:16:36,0.0,0,0,7674705,2019-05-23 19:16:36,btc,0.0,0.00121851,0,btc,0.0,0.0,0.0,238
0,[],22,[],2019-03-12 16:49:32,0.0,0,0,6914458,2019-03-12 16:49:32,,0.40415746,0.0,0,,526736.5639027493,0.0,0.0,249
0,[],22,[],2019-05-23 15:26:14,0.0,0,0,7673762,2019-05-23 15:26:14,,13.39451957,0.0,0,,40944503.3426455,0.0,0.0,252
0,[],28,[],2019-05-23 19:16:38,0.0,0,0,7674706,2019-05-23 19:16:38,,0.0,244629.7665,0,,0.0,0.0,0.0,256
1,[],22,[],2019-05-23 19:16:41,1052904.0,0.00000001,0.00000000000077864,7674707,2019-05-23 19:16:41,BTC,21.85885958,0.0,0.00000001,BTC,542925.7509808998,0.0,0.01052904,258
1,[],22,[],2019-05-19 18:12:02,400.0,0.00000001,0.0000000000007957800000000001,7653905,2019-05-19 18:12:02,BTC,2.415167,0.0,0.00000001,BTC,157.0,0.0,4e-06,259
1,[],5,[],2019-05-23 19:16:44,0.0,0,0,7674708,2019-05-23 19:16:44,btc,0.0,0.0589392,0,btc,0.0,0.0,0.0,264
1,[],20,[],2019-05-23 19:16:46,903627.631,0.000000387,0.000000000030133367999999996,7674709,2019-05-23 19:16:46,btc,1.0274580762146,2192.6,0.000000387,btc,119947.8808,0.0012557142,0.0079490633698,264
0,[],22,[],2019-04-12 17:57:27,0.0,0,0,7278186,2019-04-12 17:57:27,,66.37522201,0.0,0,,677842.4169881374,0.0,0.0,271
0,[],22,[],2019-05-23 19:16:52,0.0,0,0,7674710,2019-05-23 19:16:52,,33050467.4724609,0.0,0,,14361462970.7,0.0,0.0,272
0,[],28,[],2019-05-23 19:16:54,0.0,0,0,7674711,2019-05-23 19:16:54,,0.0,22062255711.0,0,,0.0,0.0,0.0,272
1,[],22,[],2019-05-23 07:12:29,219930.0,0.00000004,0.000000000003048688,7671985,2019-05-23 07:12:29,BTC,426.77835217,0.0,0.00000004,BTC,248664.3325962929,0.0,0.00739728,281
1,[],22,[],2019-05-23 19:17:00,1101926.4333333333,0.00000003,0.00000000000233592,7674712,2019-05-23 19:17:00,BTC,2.64898128,0.0,0.00000003,"BTC,LTC",839570.03032866,4.03e-06,0.0368192,286
0,[],22,[],2019-05-23 19:17:04,0.0,0,0,7674713,2019-05-23 19:17:04,,7337890.5475411,0.0,0,,1584356788.7797825,0.0,0.0,294
