pairValue,buyBook,exchangeId,sellBook,updated,buyTotal,satoshiPrice,usdPrice,exchangeLogId,created,bestPair,sellTotalBtc,volume,pairPrice,activePairs,sellTotal,volumeBtc,buyTotalBtc,coinId
1,[],3,[],2019-06-26 10:13:23,31400.20923605569,0.00849042000000000025849988816162294824607670307159423828125,0.000001061897678442000073081006449,7766924,2019-06-26 10:13:23,btc,9.36185241091597,56.7591142995,0.00849042000000000025849988816162294824607670307159423828125,btc,40.898093099503,0.0,0.3156523179843761,1
1,[],4,[],2019-06-26 10:13:24,207799.75387382,0.00819767,0.000001025283406667000039345324280,7766925,2019-06-26 10:13:24,btc,8.95348742988504,0.0,0.00819767,btc,405.54406438,6.17005792,0.5441679389376909,1
1,[],5,[],2019-06-26 10:13:26,0.0,0,0,7766926,2019-06-26 10:13:26,btc,0.0,0.30098319,0,btc,0.0,0.0,0.0,1
1,[],10,[],2019-06-26 10:13:29,309185.93029759,0.00231125,0.000000289068268625,7766927,2019-06-26 10:13:29,btc,6521.342890653281,1616.09906052,0.00231125,btc,1223.34478698,0.0,1.4857326450484059,1
1,[],12,[],2019-06-26 10:13:31,100.11812061,0.00820000000000000069111383282915994641371071338653564453125,0.000001025574820000000125794183471,7766928,2019-06-26 10:13:31,btc,0.2544079804255,0.0,0.00820000000000000069111383282915994641371071338653564453125,btc,23.97496606,0.965568650115,0.1572226582071,1
1,[],20,[],2019-06-26 10:13:33,928.1974,0.00801003,0.000001001815253103000038444732204,7766929,2019-06-26 10:13:33,btc,0.1528237766332,2.4154,0.00801003,btc,11.4423,0.0247255918907,0.125966890412,1
1,[],21,[],2019-06-26 10:13:34,2490.44794078,0.008214990000000000139324107806,0.000001027449620799000056853732999,7766930,2019-06-26 10:13:34,btc,10.050241996815643,12385.76555565,0.00821499000000000013932410780626014457084238529205322265625,"btc,eth",1590.80934554,102.07038049899494,16.011179515954957,1
1,[],22,[],2019-06-26 10:13:37,0.0199,0.00110000,0.00000013757711000000002,7766931,2019-06-26 10:13:37,BTC,0.01666796,0.0,0.00110000,BTC,0.25318100557485945,0.0,2.189e-05,1
1,[],24,[],2019-06-26 10:13:38,0.0,0.000000000000,0,7766932,2019-06-26 10:13:38,btc,0.0,0.0,0.000000000000,btc,0.0,0.0,0.0,1
0.0,[],25,[],2019-06-26 10:13:39,0.0,0,0,7766933,2019-06-26 10:13:39,btc,39.98449999893793,19729.99380807,0.0,btc,4695.50728784,191.956,0.0,1
1,[],26,[],2019-06-26 10:13:41,0.0,0,0,7766934,2019-06-26 10:13:41,,0.0,0.0,0,,0.0,0.0,0.0,1
0,[],28,[],2019-06-26 10:13:42,0.0,0,0,7766935,2019-06-26 10:13:42,,0.0,0.0,0,,0.0,0.0,0.0,1
0,[],2,[],2019-01-20 23:28:45,0.0,0,0,6477011,2019-01-20 23:28:45,,0.0,0.0,0,,0.0,0.0,0.0,1
1,[],5,[],2019-06-17 14:29:02,0.0,0,0,7740076,2019-06-17 14:29:02,btc,0.0,2.72e-05,0,btc,0.0,0.0,0.0,2
1,[],22,[],2019-06-17 14:29:06,11550.3,0.0000002,0.0000000000185828,7740077,2019-06-17 14:29:06,BTC,21.00897301,0.0,0.0000002,"BTC,XMR",20678.87287795317,1.754e-05,0.00143681,2
1,[],5,[],2019-06-03 14:48:58,0.0,0,0,7731126,2019-06-03 14:48:58,btc,0.0,0.05905545,0,btc,0.0,0.0,0.0,3
1,[],12,[],2019-06-03 14:48:59,3468623.70302,0.000000116,0.000000000009823402000000002,7731127,2019-06-03 14:48:59,btc,169531.0336573751,0.0,0.000000116,btc,2361209.62379607,0.041350953071,0.33764769154428,3
0,[],28,[],2019-06-03 14:49:00,0.0,0,0,7731128,2019-06-03 14:49:00,,0.0,0.0,0,,0.0,0.0,0.0,3
0,[],2,[],2019-01-20 23:31:32,0.0,0,0,6477077,2019-01-20 23:31:32,,0.0,0.0,0,,0.0,0.0,0.0,4
1,[],4,[],2019-05-18 21:29:50,562734.9206932,0.00000010,0.000000000007298720000000001,7650946,2019-05-18 21:29:50,btc,41.9347137769675,0.0,0.00000010,btc,1123702.32192634,0.00052462,0.029254593370966,4
0,[],12,[],2019-06-02 05:03:43,0.0,0,0,7724919,2019-06-02 05:03:43,btc,625.901992874995,0.0,0,btc,1211362.4995005,0.0,0.0,5
0,[],2,[],2019-01-20 23:31:51,0.0,0,0,6477087,2019-01-20 23:31:51,,0.0,0.0,0,,0.0,0.0,0.0,6
1,[],11,[],2019-06-26 10:13:43,6147161.276736,0.00000001,0.000000000001250701,7766936,2019-06-26 10:13:43,btc,9583.561532562631,10000.0,0.00000001,btc,76147617.98104052,0.0,0.061471612767360004,6
1,[],3,[],2019-06-26 10:13:44,11508.766280655665,0.000050750000000000000297505076130022416691645048558712005615234375,0.0000000063473075750000005,7766937,2019-06-26 10:13:44,btc,1026.2768466409318,627.29874475,0.000050750000000000000297505076130022416691645048558712005615234375,btc,327.748534874402,0.0,0.011972211080954065,7
1,[],4,[],2019-06-26 10:13:45,326754.26022757,0.00006306,0.000000007886920506,7766938,2019-06-26 10:13:45,btc,6.74087500167971,0.0,0.00006306,btc,52122.80747748,1.681037,2.126653012872695,7
1,[],5,[],2019-06-26 10:13:46,0.0,0,0,7766939,2019-06-26 10:13:46,btc,0.0,0.09379366,0,btc,0.0,0.0,0.0,7
1,[],20,[],2019-04-07 22:06:50,3201475.0482,0.000000001,0.000000000000051590000000000004,7213932,2019-04-07 22:06:50,btc,30.8005781811902,0.0,0.000000001,btc,23077405.3926,0.0,0.0032014750482,8
0,[],2,[],2019-01-20 23:22:42,0.0,0,0,6476876,2019-01-20 23:22:42,,0.0,0.0,0,,0.0,0.0,0.0,9
0,[],23,[],2019-01-20 23:22:48,0.0,0,0,6476878,2019-01-20 23:22:48,,0.0,0.0,0,,0.0,0.0,0.0,9
1,[],4,[],2019-06-26 10:13:48,1880475.41197145,0.00000042,0.000000000052529442,7766940,2019-06-26 10:13:48,btc,2.9133404180104363,0.0,0.00000042,btc,3006046.61180546,0.48816108,0.3093955716114727,9
0,[],28,[],2019-06-26 10:13:50,0.0,0,0,7766941,2019-06-26 10:13:50,,0.0,0.0,0,,0.0,0.0,0.0,9
1,[],1,[],2019-02-17 23:31:42,1822507.21,0.00000181000000000000003456111265232042484285557293333113193511962890625,0.000000000066086901,6701244,2019-02-17 23:31:42,btc,3.6990969245,17153386.5,0.00000181000000000000003456111265232042484285557293333113193511962890625,btc,1997391.71,31.11772986,3.2610482446,9
1,[],4,[],2019-02-17 11:22:43,4341674.27126056,0.00000002,0.0000000000007272960000000001,6696112,2019-02-17 11:22:43,btc,0.1997230937751353,0.0,0.00000002,btc,4109766.79808031,0.00215132,0.0479381022052112,10
1,[],4,[],2019-06-26 09:47:40,40020945.92293449,0.00000023,0.000000000029031175000000002,7766823,2019-06-26 09:47:40,btc,6.990600657837557,0.0,0.00000023,btc,9075511.87680687,0.54930073,1.3696223714870943,12
1,[],5,[],2019-06-26 09:47:41,0.0,0,0,7766824,2019-06-26 09:47:41,btc,0.0,0.03656346,0,btc,0.0,0.0,0.0,12
0.0,[],25,[],2019-06-26 09:47:42,0.0,0,0,7766825,2019-06-26 09:47:42,,0.0,0.0,0.0,btc,0.0,0.0,0.0,12
0,[],2,[],2019-01-20 23:23:08,0.0,0,0,6476890,2019-01-20 23:23:08,,0.0,0.0,0,,0.0,0.0,0.0,12
1,[],4,[],2019-06-26 10:13:50,561147.53550118,0.00000268,0.000000000335187868,7766942,2019-06-26 10:13:50,btc,1.9900235926715009,0.0,0.00000268,btc,328461.78283039,0.33353825,0.2461375334679802,13
1,[],10,[],2019-06-26 10:13:52,585100.89911164,0.00000266,0.00000000033268646600000003,7766943,2019-06-26 10:13:52,btc,666797.8847638367,35436.2785321,0.00000266,btc,874662.06444358,0.0,0.2032175706885939,13
1,[],21,[],2019-06-26 10:13:53,6230924.2408157,0.000002730000000000000119984317620,0.00000000034144137300000005,7766944,2019-06-26 10:13:53,btc,2.9208412175226997,1220152.49717326,0.0000027300000000000001199843176202808336938687716610729694366455078125,btc,803102.50850306,3.69969234,3.0361984069010055,13
1,[],4,[],2019-06-26 10:13:56,965426.90085206,0.00000042,0.000000000052529442,7766945,2019-06-26 10:13:56,btc,3.8624294640692303,0.0,0.00000042,btc,1509713.69160024,0.01767803,0.0717293302637286,14
1,[],12,[],2019-06-26 10:13:57,232714.09783351,0.00000049,0.000000000061284349,7766946,2019-06-26 10:13:57,btc,193.48148508601824,0.0,0.00000049,btc,37738.58920806,0.007359741539,0.013186209999986,14
1,[],26,[],2019-06-26 10:15:57,0.0,0.00000050,0.00000000006253505,7766947,2019-06-26 10:15:57,btc,0.0,0.0,0.00000050,btc,0.0,0.0,0.0,14
0,[],17,[],2019-05-03 00:53:32,0.0,0,0,7558876,2019-05-03 00:53:32,btc,0.0,0.0,0,btc,0.0,0.0,0.0,14
0,[],4,[],2019-06-26 10:15:58,0.0,0,0,7766948,2019-06-26 10:15:58,,0.0,0.0,0,,0.0,0.0,0.0,15
,[],12,[],2018-12-01 15:15:48,204241.84496,0.00000489,0.000000000202473384,5260204,2018-12-01 15:15:48,btc,49.5475654835,0.0,,btc,35763.2193806,0.0163153972027625,0.0203389899998,15
0,[],2,[],2019-01-20 23:23:38,0.0,0,0,6476906,2019-01-20 23:23:38,,0.0,0.0,0,,0.0,0.0,0.0,18
1,[],4,[],2019-06-26 10:16:00,29017.56308993,0.00000863,0.000000001079354963,7766949,2019-06-26 10:16:00,btc,2.4525775951271083,0.0,0.00000863,btc,16867.24527922,0.03237878,0.0219903814432791,18
1,[],10,[],2019-06-26 10:16:01,418331.63641498,0.00000792,0.0000000009905551920000001,7766950,2019-06-26 10:16:01,btc,14.890481207597109,18764.325254,0.00000792,btc,10994.1162264,0.0,0.283328219415561,18
1,[],12,[],2019-06-26 10:16:03,968.28035245,0.000008559999999999999358533953053296272628358565270900726318359375,0.0000000010706000559999999,7766951,2019-06-26 10:16:03,btc,0.5224323132695541,0.0,0.000008559999999999999358533953053296272628358565270900726318359375,btc,1928.73658592,2.895366e-06,0.0038333094639295,18
0,[],17,[],2019-05-03 00:53:39,0.0,0,0,7558882,2019-05-03 00:53:39,btc,0.0,0.0,0,btc,0.0,0.0,0.0,18
0,[],2,[],2019-01-20 23:24:19,0.0,0,0,6476924,2019-01-20 23:24:19,,0.0,0.0,0,,0.0,0.0,0.0,19
1,[],3,[],2019-06-26 10:18:03,152928.46835635556,0.0000055600000000000001295643280163627508727586246095597743988037109375,0.000000000695389756,7766952,2019-06-26 10:18:03,btc,190.4831288566157,15760.2721295,0.0000055600000000000001295643280163627508727586246095597743988037109375,btc,18972.061438673158,0.0,0.0508454666885557,19
1,[],4,[],2019-06-26 10:18:04,332804.41978146,0.00000795,0.000000000994307295,7766953,2019-06-26 10:18:04,btc,5.341161112149879,0.0,0.00000795,btc,254351.50333273,0.23775759,1.404684144919119,19
1,[],5,[],2019-06-26 10:18:05,0.0,0,0,7766954,2019-06-26 10:18:05,btc,0.0,0.00628609,0,btc,0.0,0.0,0.0,19
1,[],12,[],2019-06-26 10:18:06,107351.55102458,0.0000060599999999999995775427918953681682978640310466289520263671875,0.000000000757924806,7766955,2019-06-26 10:18:06,btc,1.2066602102597546,0.0,0.0000060599999999999995775427918953681682978640310466289520263671875,btc,3003.56634116,0.000280036898,0.0106776099997794,19
0,[],27,[],2019-06-26 10:18:12,0.0,0,0,7766956,2019-06-26 10:18:12,,0.0,0.0,0,btc,0.0,0.0,0.0,19
1,[],4,[],2019-06-26 10:18:13,10087097.23656777,0.00000005,0.000000000006253505,7766957,2019-06-26 10:18:13,btc,5.170127655812324,0.0,0.00000005,btc,2245045.26778403,0.0,0.1176747238096551,20
0,[],4,[],2019-06-26 10:18:13,0.0,0,0,7766958,2019-06-26 10:18:13,,12503.52308048411,0.0,0,,84134481.80349497,0.0,0.0,21
0,[],12,[],2019-06-26 10:18:15,0.0,0,0,7766959,2019-06-26 10:18:15,btc,2602.952815246953,0.0,0,btc,8020363.49350646,1.1458542e-05,0.0,21
0,[],17,[],2019-05-03 00:53:51,0.0,0,0,7558891,2019-05-03 00:53:51,btc,0.0,0.0,0,btc,0.0,0.0,0.0,21
1,[],12,[],2019-06-26 10:20:16,5775202474.277,0.0000000004,0.00000000000005002804,7766960,2019-06-26 10:20:16,btc,1426624035460.257,0.0,0.0000000004,btc,2706989718.2811527,0.100484904872,1.4226008101108003,23
0.0000000002679229,[],27,[],2019-06-26 10:20:22,43497676.0,8.037687e-18,1.0052743168587e-21,7766961,2019-06-26 10:20:22,eth,1072.81086023082,959341.75224774,0.00000003,eth,5739897.756,2.0562369900086e-11,1.99725499601894e-10,23
1,[],4,[],2019-06-22 05:45:29,6100414.07522138,0.00000017,0.00000000001823352,7751732,2019-06-22 05:45:29,btc,10.22685272773715,0.0,0.00000017,btc,1790815.48208265,0.0,0.1345450262400025,24
0,[],22,[],2019-06-22 05:45:31,0.0,0,0,7751733,2019-06-22 05:45:31,,6.22e-05,0.0,0,,517.4264705882352,0.0,0.0,24
0.0,[],25,[],2019-06-22 05:45:32,0.0,0,0,7751734,2019-06-22 05:45:32,,0.0,0.0,0.0,btc,0.0,0.0,0.0,24
1,[],4,[],2019-06-26 09:54:20,26911796.36416318,0.00000345,0.000000000435467625,7766845,2019-06-26 09:54:20,btc,6.542427252923485,0.0,0.00000345,btc,216559.740153,0.06869811,0.3347130423657669,26
1,[],10,[],2019-06-26 09:54:22,162191.74264904,0.00000437,0.000000000551592325,7766846,2019-06-26 09:54:22,btc,25.35933336134931,5882.72925891,0.00000437,btc,19881.6125417,0.0,0.0508661121968276,26
0,[],2,[],2019-01-20 23:25:56,0.0,0,0,6476976,2019-01-20 23:25:56,,0.0,0.0,0,,0.0,0.0,0.0,26
1,[],5,[],2019-04-26 09:47:06,0.0,0,0,7465326,2019-04-26 09:47:06,btc,0.0,0.0,0,btc,0.0,0.0,0.0,27
1,[],3,[],2019-06-17 14:30:26,13571825.64059417,0.00000001,0.00000000000092914,7740112,2019-06-17 14:30:26,btc,3.485049956644059,4264730.43754,0.00000001,btc,23500048.28518193,0.0,0.1357182564059417,27
1,[],11,[],2019-06-17 14:30:28,2031833.58157834,0.00000001,0.00000000000092914,7740113,2019-06-17 14:30:28,btc,67502.92060589766,32677.9652116,0.00000001,btc,6487362.95640949,0.0,0.0203183358157834,27
1,[],4,[],2019-06-26 10:20:23,551196375.151297,0.00000001,0.000000000001250701,7766962,2019-06-26 10:20:23,btc,8.617230378639041,0.0,0.00000001,"btc,ltc",520898351.38362324,2.72694097,1.803855415708245,29
1,[],7,[],2019-06-26 10:20:24,81415572.74461272,0.00000001,0.000000000001250701,7766963,2019-06-26 10:20:24,btc,46548272.258216195,5126635.27522,0.00000001,btc,39870626.4567807,0.0514386,0.8141557274461273,29
0,[],17,[],2019-05-03 01:11:25,0.0,0,0,7559066,2019-05-03 01:11:25,btc,0.0,0.0,0,btc,0.0,0.0,0.0,30
1,[],4,[],2019-06-26 10:20:25,15262714.05130175,0.00000004,0.000000000005002804,7766964,2019-06-26 10:20:25,btc,2.5884794767065546,0.0,0.00000004,btc,2242978.94528364,0.00754806,0.1648858223187151,30
1,[],4,[],2019-06-26 09:56:25,240129.05255197,0.00002873,0.000000003626372425,7766850,2019-06-26 09:56:25,btc,3.728410362645609,0.0,0.00002873,btc,54923.37549917,0.48783655,0.3172608153886656,31
1,[],21,[],2019-06-26 09:56:26,976085.18272993,0.00003219999999999999663706506947,0.0000000040643645,7766851,2019-06-26 09:56:26,btc,7.244860556592577,837122.11160587,0.00003219999999999999663706506947136176677304320037364959716796875,btc,166668.171827,25.7026593,5.125208926383246,31
0,[],2,[],2019-01-20 23:28:43,0.0,0,0,6477009,2019-01-20 23:28:43,,0.0,0.0,0,,0.0,0.0,0.0,32
1,[],12,[],2019-03-30 07:55:10,40641173.964,0.00000003,0.000000000001228359,7108785,2019-03-30 07:55:10,btc,4233210.82356125,0.0,0.00000003,btc,28378394.68333462,0.0126927883965248,0.90752895892,33
0,[],4,[],2019-06-26 10:22:26,0.0,0,0,7766965,2019-06-26 10:22:26,,0.0,0.0,0,,0.0,0.0,0.0,33
0.0000000001082033,[],4,[],2019-06-26 10:22:27,148713831.7258943,4.7609452e-17,5.9545189225852e-21,7766966,2019-06-26 10:22:27,ltc,4.288031286361399,0.0,0.00000044,ltc,163751750.82994026,0.00111336,6.532076616416262e-10,34
1,[],5,[],2019-06-26 10:22:28,0.0,0,0,7766967,2019-06-26 10:22:28,btc,0.0,0.01,0,btc,0.0,0.0,0.0,34
0.0000000002926451,[],17,[],2019-05-02 18:17:47,200000.0,2.9264510000000002e-18,1.596703856561e-22,7556430,2019-05-02 18:17:47,eth,0.20942468735267253,0.0,0.00000001,"btc,eth",1018272.20243647,0.0,5.852902e-13,36
0.0000000001311821,[],4,[],2019-05-31 13:28:19,2417517744.0607657,1.311821e-18,1.105058333085e-22,7717483,2019-05-31 13:28:19,ltc,5.019900492391546e-08,0.0,0.00000001,ltc,7102398142.262129,0.0,3.171350544531538e-09,36
1,[],5,[],2019-05-31 13:28:21,0.0,0,0,7717484,2019-05-31 13:28:21,btc,0.0,0.0,0,btc,0.0,0.0,0.0,36
0.0000000003108179,[],27,[],2019-05-31 13:30:34,10388811.226876,6.216358000000001e-18,5.236566733830001e-22,7717485,2019-05-31 13:30:34,eth,1569.8708019850988,761866.634299,0.00000002,"ltc,eth",5084024.2511555,4.736034912207001e-12,3.3251980286483705e-11,36
1,[],4,[],2019-06-25 10:05:55,10747826.61931615,0.00000014,0.000000000015920562,7762320,2019-06-25 10:05:55,btc,19773.05513423956,0.0,0.00000014,btc,682946.14349671,0.0006293,0.1362851255028938,37
1,[],12,[],2019-06-25 10:05:57,4167862.54235103,0.00000013,0.000000000014783379,7762321,2019-06-25 10:05:57,btc,7.381091518261743,0.0,0.00000013,btc,1713444.53926904,0.016313049979,0.1478110147956336,37
1,[],27,[],2019-06-25 10:08:02,10970.0,0.00000019,0.000000000021606477,7762322,2019-06-25 10:08:02,btc,22.62970013895233,0.0,0.00000019,btc,4298.824295,0.0,0.00167419,37
1,[],17,[],2019-05-03 01:11:36,211752.74075282,0.00000025,0.000000000013700074999999998,7559074,2019-05-03 01:11:36,btc,0.055484923955058496,0.0,0.00000025,"btc,eth",1387.19918473,0.0,0.0005381851887916605,37
1,[],5,[],2019-06-26 10:22:29,0.0,0,0,7766968,2019-06-26 10:22:29,btc,0.0,0.26439658,0,btc,0.0,0.0,0.0,42
1,[],12,[],2019-06-26 10:22:30,2024367.56056771,0.000001769999999999999994019540816569957542014890350401401519775390625,0.000000000221374077,7766969,2019-06-26 10:22:30,btc,525.4997693996722,0.0,0.000001769999999999999994019540816569957542014890350401401519775390625,btc,139140.32257984,0.063818060284,0.0606432399999436,42
1,[],27,[],2019-06-26 10:22:36,683.0,0.00000140,0.00000000017509814,7766970,2019-06-26 10:22:36,btc,0.07600425,0.0,0.00000140,"btc,eth",18.0,0.0,0.0005422,42
1,[],12,[],2019-03-13 09:13:29,1112112.0,0.00000001,0.000000000000386531,6919902,2019-03-13 09:13:29,btc,29058.00478931866,0.0,0.00000001,btc,5967681.93306694,9.99000999e-07,0.01112112,43
1,[],5,[],2019-04-26 22:38:52,0.0,0,0,7474154,2019-04-26 22:38:52,btc,0.0,0.02638891,0,btc,0.0,0.0,0.0,43
0,[],17,[],2019-04-26 22:38:53,0.0,0,0,7474155,2019-04-26 22:38:53,btc,0.0,0.0,0,btc,0.0,0.0,0.0,43
1,[],12,[],2019-03-05 01:54:08,639326.02,0.00000004,0.000000000001486676,6845775,2019-03-05 01:54:08,btc,11116042.728239931,0.0,0.00000004,btc,1103841.4595604,0.0003330765234764,0.014975410599999999,44
0.0000000001082033,[],4,[],2019-06-26 10:22:36,108446424.57018301,4.5445386e-17,5.6838589715586e-21,7766971,2019-06-26 10:22:36,ltc,2559.695478171537,0.0,0.00000042,ltc,26079260.27580088,0.00152616,5.131604277178301e-10,49
0.0000000001082033,[],4,[],2019-06-26 10:22:37,315956316.95360464,2.0558627e-17,2.5712695347527e-21,7766972,2019-06-26 10:22:37,ltc,28149.845780842057,0.0,0.00000019,ltc,196442662.3391701,0.0,2.0347571384706905e-09,52
0,[],22,[],2019-06-26 09:56:47,0.0,0,0,7766860,2019-06-26 09:56:47,,10289.80784133,0.0,0,,287058287.4566013,0.0,0.0,57
0,[],27,[],2019-06-26 09:56:56,0.0,0,0,7766861,2019-06-26 09:56:56,,0.0,0.0,0,"btc,eth",0.0,0.0,0.0,57
0,[],4,[],2019-06-26 09:56:57,0.0,0,0,7766862,2019-06-26 09:56:57,,19.71936377522671,0.0,0,,6040987733.402391,0.0,0.0,58
0,[],12,[],2019-06-26 09:56:59,0.0,0,0,7766863,2019-06-26 09:56:59,btc,53483603.12067842,0.0,0,btc,3683805056.189767,0.0493333859,0.0,58
0.0000000000821911,[],22,[],2019-06-26 09:59:04,126877.0,8.219110000000001e-19,1.0374366119750001e-22,7766864,2019-06-26 09:59:04,XMR,68.17454206,0.0,0.00000001,XMR,9626402.6,0.0,0.00126877,58
1,[],17,[],2019-05-03 01:12:09,1200000.0,0.0000000001,0.00000000000000548003,7559085,2019-05-03 01:12:09,btc,1e+24,0.0,0.0000000001,"btc,eth",39516342.31952568,0.0,0.00010000000058666061,58
1,[],5,[],2019-06-17 14:31:27,0.0,0,0,7740135,2019-06-17 14:31:27,btc,0.0,0.00079154,0,btc,0.0,0.0,0.0,61
1,[],22,[],2019-06-17 14:31:30,13612.833333333334,0.00000012,0.00000000001114968,7740136,2019-06-17 14:31:30,BTC,1002.29123003,0.0,0.00000012,BTC,15014.200177125656,0.0,0.00153257,61
1,[],26,[],2019-06-17 14:31:30,0.0,0.00000050,0.000000000046457,7740137,2019-06-17 14:31:30,btc,0.0,0.0,0.00000050,btc,0.0,0.0,0.0,61
1,[],27,[],2019-06-17 14:31:36,8400.0,0.00000018,0.00000000001672452,7740138,2019-06-17 14:31:36,btc,1.9742539297246655,0.0,0.00000018,"btc,eth",10953.51663696,0.0,0.001512,61
0,[],28,[],2019-06-17 14:31:38,0.0,0,0,7740139,2019-06-17 14:31:38,,0.0,0.0,0,,0.0,0.0,0.0,61
1,[],4,[],2019-06-26 09:59:05,409055.18361405,0.00000066,0.00000000008330685,7766865,2019-06-26 09:59:05,btc,3.47189735520818,0.0,0.00000066,btc,1306397.51932181,0.04942979,0.2112703104109179,67
0.0,[],25,[],2019-06-26 09:59:06,0.0,0,0,7766866,2019-06-26 09:59:06,,0.0,0.0,0.0,btc,0.0,0.0,0.0,67
1,[],12,[],2019-06-02 06:23:14,910048.355,0.00000006,0.000000000005154929999999999,7725270,2019-06-02 06:23:14,btc,5.167005424215783,0.0,0.00000006,btc,738530.60239759,0.003159757462,0.0187188113,71
,[],5,[],2018-11-20 23:02:39,1.5e-07,0.00000005,0.000000000002128045,4862160,2018-11-20 23:02:39,btc,2.84511358,0.0,,btc,0.00036572,0.0,0.07381892,74
1,[],5,[],2019-06-26 09:59:08,0.0,0,0,7766867,2019-06-26 09:59:08,btc,0.0,0.0201471,0,btc,0.0,0.0,0.0,75
1,[],4,[],2019-06-04 03:25:15,715281.46076168,0.00000001,0.000000000000803619,7734085,2019-06-04 03:25:15,btc,581089.6218469425,0.0,0.00000001,btc,37692563.61091116,0.0,0.0071528146076168,81
0,[],20,[],2019-01-25 09:30:31,0.0,0,0,6495923,2019-01-25 09:30:31,btc,0.0,0.0,0,btc,0.0,0.0,0.0,81
1,[],4,[],2019-06-26 09:59:09,186012.78645359,0.00008900,0.0000000112338025,7766868,2019-06-26 09:59:09,btc,57.40361623152555,0.0,0.00008900,btc,116420.87158739,0.18100977,0.2522835959798478,82
1,[],21,[],2019-06-26 09:59:10,61067.06327385,0.00008640999999999999430042724180,0.000000010906886225,7766869,2019-06-26 09:59:10,btc,5.164625921972526,25886.24951023,0.000086409999999999994300427241800122146742069162428379058837890625,btc,47645.32472057,2.3736049,4.073146925190388,82
0,[],17,[],2019-03-25 22:42:34,0.0,0,0,7038780,2019-03-25 22:42:34,btc,0.0445064681804024,0.0,0,btc,995513.18476001,0.0,0.0,84
0.0000000001161485,[],4,[],2019-05-20 13:09:39,216715621.0206096,1.161485e-18,9.0533806701e-23,7657228,2019-05-20 13:09:39,ltc,1.6511566870244727,0.0,0.00000001,ltc,471032407.9048656,0.0,2.5171194308112273e-10,85
,[],22,[],2018-11-20 23:09:34,3408.1,0.0000001,0.0000000000041895,4862324,2018-11-20 23:09:34,BTC,0.04624735,0.0,,BTC,4990.0,0.0,0.00033081,86
1,[],22,[],2019-06-26 09:07:19,62694.0,0.00000005,0.0000000000063518149999999994,7766682,2019-06-26 09:07:19,BTC,1.85249053,0.0,0.00000005,BTC,287024.94736842107,0.0003,0.00062846,87
1,[],27,[],2019-06-26 09:07:25,361781.0,0.0000002,0.000000000025407259999999998,7766683,2019-06-26 09:07:25,btc,19.86923154858,99950.0,0.0000002,btc,548343.482,0.01999,0.01237888,87
,[],2,[],2018-11-20 23:10:47,0.0,0,0,4862359,2018-11-20 23:10:47,,0.0,0.0,,,0.0,0.0,0.0,88
1,[],11,[],2019-06-17 14:31:59,193715.3529613,0.000073310000000000001140094962881477158589405007660388946533203125,0.00000000681152534,7740147,2019-06-17 14:31:59,btc,168.35454702024953,5791.70569014,0.000073310000000000001140094962881477158589405007660388946533203125,btc,196971.41170107,0.0,1.1996165759440112,89
0,[],2,[],2019-01-20 23:31:45,0.0,0,0,6477083,2019-01-20 23:31:45,,0.0,0.0,0,,0.0,0.0,0.0,91
1,[],12,[],2019-06-18 02:35:48,427715.74,0.00000015,0.000000000013911045000000001,7746087,2019-06-18 02:35:48,btc,116.61022144471085,0.0,0.00000015,btc,193315.55943968,0.000180759303,0.0129558314,91
1,[],22,[],2019-06-20 20:27:07,75910.0,0.00000002,0.000000000001914908,7746207,2019-06-20 20:27:07,BTC,0.49565371,0.0,0.00000002,"BTC,LTC",6.384990670617935,0.0,0.0016592,91
0,[],17,[],2019-05-03 01:12:26,0.0,0,0,7559096,2019-05-03 01:12:26,btc,0.0,0.0,0,btc,0.0,0.0,0.0,91
1,[],22,[],2019-06-26 09:59:14,105655.66666666667,0.00000003,0.000000000003786675,7766870,2019-06-26 09:59:14,BTC,11.48170281,0.0,0.00000003,"BTC,LTC",314416.4683191416,0.0,0.06677967,95
0.0000000001077804,[],4,[],2019-06-26 09:59:15,538061643.1169521,2.3711688e-17,2.9929485385799997e-21,7766871,2019-06-26 09:59:15,ltc,10.918604928373375,0.0,0.00000022,ltc,155978768.1065991,0.0,7.354338295022109e-10,96
0,[],12,[],2019-06-26 09:59:17,0.0,0,0,7766872,2019-06-26 09:59:17,btc,36.38183024884116,0.0,0,btc,9851666.88411588,0.0,0.0,96
0,[],17,[],2019-05-03 01:12:32,0.0,0,0,7559100,2019-05-03 01:12:32,btc,0.0,0.0,0,btc,0.0,0.0,0.0,96
1,[],4,[],2019-04-14 03:32:46,1039404.33283278,0.00000038,0.000000000019245518,7293458,2019-04-14 03:32:46,btc,4.170086055365747,0.0,0.00000038,btc,3097704.34561074,0.06260606,0.1859928211030784,99
1,[],4,[],2019-06-26 10:01:17,264273.48987064,0.00000808,0.0000000010198778000000001,7766873,2019-06-26 10:01:17,btc,7.631404589416976,0.0,0.00000808,btc,173341.48078115,0.34793014,0.1862910105777451,100
0,[],2,[],2019-01-20 23:23:55,0.0,0,0,6476914,2019-01-20 23:23:55,,0.0,0.0,0,,0.0,0.0,0.0,100
1,[],22,[],2019-06-05 06:30:35,150000.0,0.00000002,0.000000000001558192,7740007,2019-06-05 06:30:35,BTC,28.56386409,0.0,0.00000002,BTC,12787.719,0.0,0.0017,101
1,[],4,[],2019-06-26 10:01:18,540758.85427579,0.00000154,0.00000000019438265,7766874,2019-06-26 10:01:18,btc,883.9335257720738,0.0,0.00000154,btc,753747.12352061,0.01603821,0.0913635411357219,103
1,[],12,[],2019-06-17 14:32:14,179201505.10870332,0.000000005,0.00000000000046457,7740154,2019-06-17 14:32:14,btc,113577.79366343976,0.0,0.000000005,btc,79148141.67831126,0.019059029059,0.27280986350611003,105
1,[],27,[],2019-06-17 14:32:19,18306828.03496503,0.00000002,0.00000000000185828,7740155,2019-06-17 14:32:19,btc,180.7198218385489,1083.96503497,0.00000002,btc,276513.60142659,7.588e-05,0.3661365606993006,105
1,[],22,[],2019-04-21 00:17:26,21333.0,0.00000001,0.000000000000532493,7385819,2019-04-21 00:17:26,BTC,51.38182867,0.0,0.00000001,BTC,470435.0,0.0,0.00021333,107
1,[],26,[],2019-04-21 00:17:26,0.0,0.00000000,0,7385820,2019-04-21 00:17:26,btc,0.0,0.0,0.00000000,btc,0.0,0.0,0.0,107
1,[],5,[],2019-06-26 10:01:20,0.0,0,0,7766875,2019-06-26 10:01:20,btc,0.0,0.015,0,btc,0.0,0.0,0.0,112
0,[],22,[],2019-06-26 10:01:23,0.0,0,0,7766876,2019-06-26 10:01:23,,6.79500102,0.0,0,,3375892.0833333335,0.0,0.0,112
1,[],27,[],2019-06-26 10:01:29,1.0,0.00000001,0.0000000000012622250000000001,7766877,2019-06-26 10:01:29,btc,0.0,0.0,0.00000001,"btc,eth",0.0,0.0,1e-08,112
1,[],4,[],2019-06-26 10:01:30,964698.4279693,0.00000039,0.000000000049226775,7766878,2019-06-26 10:01:30,btc,6.389757175010224,0.0,0.00000039,btc,1007985.06663115,0.12086899,0.1064293111123424,113
1,[],5,[],2019-06-26 10:01:31,0.0,0,0,7766879,2019-06-26 10:01:31,btc,0.0,0.0,0,btc,0.0,0.0,0.0,113
1,[],17,[],2019-04-26 02:17:47,162738.278,0.00000004,0.0000000000021069000000000002,7461287,2019-04-26 02:17:47,btc,1.3331140273775473,0.0,0.00000004,btc,51796.221,0.0,0.00230953112,116
1,[],27,[],2019-05-22 05:13:01,210000.0,0.00000001,0.00000000000079145,7666372,2019-05-22 05:13:01,btc,3919.0005001478,0.0,0.00000001,btc,128660.871,0.0,0.0021,116
1,[],4,[],2019-05-21 22:31:11,138169.03963019,0.00000701,0.000000000558364025,7664793,2019-05-21 22:31:11,btc,150.95388250938234,0.0,0.00000701,btc,344631.17141974,0.07552974,0.4288357684941946,120
1,[],7,[],2019-05-21 22:31:12,3901.07750076,0.000010679999999999999389654892212320191902108490467071533203125,0.0000000008506887,7664794,2019-05-21 22:31:12,btc,231188.94669936574,0.0,0.000010679999999999999389654892212320191902108490467071533203125,btc,4133.83151364,0.0,0.0113888422364489,120
1,[],20,[],2019-04-07 18:42:29,1914137.0852,0.000000035,0.0000000000017871910000000002,7211992,2019-04-07 18:42:29,btc,32.2497668025648,25528.85,0.000000035,btc,1001975.4986,0.00089350975,0.0152723574729,125
1,[],22,[],2019-06-17 14:32:38,10000.0,0.00000001,0.00000000000092914,7740161,2019-06-17 14:32:38,BTC,0.032061,0.0,0.00000001,BTC,299316.7611111111,0.0,0.0001,126
1,[],4,[],2019-06-26 10:01:32,1199391.86434076,0.00000334,0.00000000042158315000000003,7766880,2019-06-26 10:01:32,btc,2.414340115049161,0.0,0.00000334,btc,172674.12424273,0.13558269,0.6935136074150875,131
0,[],2,[],2019-01-20 23:25:46,0.0,0,0,6476969,2019-01-20 23:25:46,,0.0,0.0,0,,0.0,0.0,0.0,131
1,[],17,[],2019-05-03 01:13:10,10000.0,0.00000001,0.000000000000548003,7559115,2019-05-03 01:13:10,btc,0.0953976503951408,0.0,0.00000001,btc,5037.62507334,0.0,0.0001,131
1,[],4,[],2019-06-17 14:32:42,4848.49465417,0.00007919,0.00000000735785966,7740163,2019-06-17 14:32:42,btc,0.9905723729472744,0.0,0.00007919,btc,202.13055914,0.0,0.0061509344290166,135
1,[],3,[],2019-06-05 06:33:11,40600.27748212,0.00000001,0.000000000000779096,7740019,2019-06-05 06:33:11,btc,0.2308097808993716,2146378.52189,0.00000001,btc,2477992.76904676,0.0,0.0004060027748212,136
1,[],4,[],2019-06-26 10:03:33,802198.77918029,0.00000170,0.00000000021457825,7766881,2019-06-26 10:03:33,btc,113.11105278093547,0.0,0.00000170,btc,531736.94298275,0.02601058,0.3251821854809536,137
1,[],12,[],2019-06-26 10:03:35,67649.76157687,0.000001610000000000000043611490287143173105732785188592970371246337890625,0.000000000203218225,7766882,2019-06-26 10:03:35,btc,80.24180597866044,0.0,0.000001610000000000000043611490287143173105732785188592970371246337890625,btc,83175.92097078,0.00018306,0.0162959199999755,137
1,[],4,[],2019-06-26 10:03:35,333577.9873174,0.00001087,0.0000000013720385750000001,7766883,2019-06-26 10:03:35,btc,4.87590529236503,0.0,0.00001087,btc,164819.70133126,0.23690666,0.1446079585445709,142
1,[],5,[],2019-06-26 10:03:37,0.0,0,0,7766884,2019-06-26 10:03:37,btc,0.0,0.00738818,0,btc,0.0,0.0,0.0,142
1,[],20,[],2019-06-26 10:05:39,268620.2575,0.00001091,0.000000001377087475,7766885,2019-06-26 10:05:39,btc,1.6106022581675,0.02,0.00001091,btc,9994.3592,2.182e-07,0.0075019624896,142
1,[],22,[],2019-06-26 10:05:43,10820.0,0.00000600,0.0000000007573350000000001,7766886,2019-06-26 10:05:43,BTC,2.99759384,0.0,0.00000600,BTC,835.7198755539798,0.0,0.0053672,142
0.0,[],25,[],2019-06-26 10:05:45,0.0,0,0,7766887,2019-06-26 10:05:45,,0.0,0.0,0.0,btc,0.0,0.0,0.0,142
0,[],28,[],2019-06-26 10:05:46,0.0,0,0,7766888,2019-06-26 10:05:46,,0.0,0.0,0,,0.0,0.0,0.0,142
1,[],17,[],2019-05-03 01:13:16,32967.38636364,0.00000088,0.000000000048224264,7559122,2019-05-03 01:13:16,btc,20.06976206696776,0.0,0.00000088,btc,2746.079105,0.0,0.0105613000000032,142
0,[],22,[],2019-06-26 10:05:49,0.0,0,0,7766889,2019-06-26 10:05:49,,1635.98618676,0.0,0,,788450755.3,0.0,0.0,143
0,[],22,[],2019-02-25 15:42:22,0.0,0,0,6783783,2019-02-25 15:42:22,,4.2131946,0.0,0,,2322156.0,0.0,0.0,146
,[],22,[],2018-11-20 23:01:11,0.0,0,0,4862114,2018-11-20 23:01:11,,2.56807021,0.0,,,61828.4988236,0.0,0.0,147
1,[],12,[],2019-04-21 06:38:04,193091.5971266,0.00000071,0.000000000037635183,7388679,2019-04-21 06:38:04,btc,2.301232411611175,0.0,0.00000071,btc,9957.48302385,0.00023528,0.0313308199999888,148
1,[],4,[],2019-03-19 21:31:25,255810.0415942,0.00000029,0.000000000011615747,6982695,2019-03-19 21:31:25,btc,218.94922712414143,0.0,0.00000029,btc,793529.37642722,0.00117,0.0608347789473395,152
0,[],22,[],2019-03-19 21:31:27,0.0,0,0,6982696,2019-03-19 21:31:27,,0.0,0.0,0,,0.0,0.0,0.0,152
1,[],5,[],2019-04-26 09:36:59,0.0,0,0,7465040,2019-04-26 09:36:59,btc,0.0,0.0,0,btc,0.0,0.0,0.0,153
,[],16,[],2019-01-11 15:38:59,0.0,0,0,6366141,2019-01-11 15:38:59,btc,0.0,0.0,,btc,0.0,0.0,0.0,155
0,[],23,[],2019-01-20 23:24:29,0.0,0,0,6476932,2019-01-20 23:24:29,,0.0,0.0,0,,0.0,0.0,0.0,156
0,[],22,[],2019-06-04 06:02:09,0.0,0,0,7734688,2019-06-04 06:02:09,,7.43375324,0.0,0,,5955762.942592593,0.0,0.0,156
1,[],22,[],2019-06-26 10:05:52,6996.0,0.00000001,0.0000000000012622250000000001,7766890,2019-06-26 10:05:52,BTC,1.7543039,0.0,0.00000001,BTC,57.0,0.0,6.996e-05,157
0,[],22,[],2019-05-21 23:40:32,0.0,0,0,7665049,2019-05-21 23:40:32,,50234.60468402,0.0,0,,54786159.03179465,0.0,0.0,158
,[],17,[],2018-11-20 22:56:10,0.0,0,0,4861976,2018-11-20 22:56:10,btc,1.1265625,0.0,,btc,1000.0,0.0,0.0,159
,[],20,[],2018-11-20 22:56:12,0.0,0,0,4861977,2018-11-20 22:56:12,btc,11912.7940471,0.0,,btc,34413894.3617,0.0,0.0,159
1,[],12,[],2019-05-24 02:51:20,9178.522006449999,0.00000191999999999999982841307998027158276954651228152215480804443359375,0.000000000151222656,7676256,2019-05-24 02:51:20,btc,149.80414728631675,0.0,0.00000191999999999999982841307998027158276954651228152215480804443359375,btc,1115.7451448499999,0.01783167678326,0.0120075778999181,168
1,[],17,[],2019-05-03 01:13:36,42852.0,0.00000002,0.000000000001096006,7559132,2019-05-03 01:13:36,btc,0.04279856251542,0.0,0.00000002,btc,274.46171372,0.0,0.00052852,168
1,[],22,[],2019-05-17 03:01:52,10.0,0.00000001,0.000000000000778341,7642059,2019-05-17 03:01:52,BTC,41.95893009,0.0,0.00000001,BTC,1753972.7737547632,0.0,1e-07,169
1,[],22,[],2019-05-30 08:38:18,202834.0,0.00000002,0.0000000000017416160000000001,7711049,2019-05-30 08:38:18,BTC,27.87002826,0.0,0.00000002,BTC,462189.5410507793,0.0,0.00211768,171
1,[],22,[],2019-05-29 08:05:18,349870.0,0.00000002,0.000000000001705894,7705265,2019-05-29 08:05:18,BTC,24.05907723,0.0,0.00000002,"BTC,LTC",1224285.4355616204,0.0,0.0039847,173
1,[],5,[],2019-06-26 10:05:54,0.0,0,0,7766891,2019-06-26 10:05:54,btc,0.0,0.03243225,0,btc,0.0,0.0,0.0,175
1,[],22,[],2019-06-17 14:33:12,90671.0,0.00000001,0.00000000000092914,7740175,2019-06-17 14:33:12,BTC,394.35459412,0.0,0.00000001,BTC,136275.61833431243,0.0,0.00090671,176
1,[],7,[],2019-06-26 10:05:54,0.0,0,0,7766892,2019-06-26 10:05:54,btc,522525.9102318058,0.0,0,btc,27672336.30417513,0.0,0.0,178
0,[],22,[],2019-06-26 10:05:57,0.0,0,0,7766893,2019-06-26 10:05:57,,1.00242428,0.0,0,,57512.0,0.0,0.0,178
0,[],2,[],2019-01-20 23:28:34,0.0,0,0,6477001,2019-01-20 23:28:34,,0.0,0.0,0,,0.0,0.0,0.0,178
1,[],5,[],2019-06-26 10:05:58,0.0,0,0,7766894,2019-06-26 10:05:58,btc,0.0,0.00019051,0,btc,0.0,0.0,0.0,179
0,[],22,[],2019-06-26 10:06:01,0.0,0,0,7766895,2019-06-26 10:06:01,,5.31753917,0.0,0,,14450788.311946675,0.0,0.0,179
0,[],23,[],2019-01-20 23:25:08,0.0,0,0,6476952,2019-01-20 23:25:08,,0.0,0.0,0,,0.0,0.0,0.0,179
1,[],22,[],2019-06-26 10:08:04,677593.9613636363,0.0000004,0.000000000050489,7766896,2019-06-26 10:08:04,BTC,40.60813364,0.0,0.0000004,"BTC,LTC",161909.75646929155,0.00678282,0.56358106,180
1,[],26,[],2019-06-26 10:08:05,0.0,0.00000010,0.00000000001262225,7766897,2019-06-26 10:08:05,btc,0.0,0.0,0.00000010,btc,0.0,0.0,0.0,180
1,[],17,[],2019-05-03 01:13:56,20504.725000000002,0.0000001,0.00000000000548003,7559141,2019-05-03 01:13:56,btc,5.2010695838400265,0.0,0.0000001,btc,5033.45945,0.0,0.0011504725,180
,[],7,[],2018-11-20 22:58:01,562227.975654,0.00000085,0.000000000036176765,4862015,2018-11-20 22:58:01,btc,21836.6059674,2491.87645172,,btc,749999.041456,0.00211021,0.127565380455,183
,[],5,[],2019-01-10 08:11:41,0.0,0,0,6347036,2019-01-10 08:11:41,btc,82.15055501,0.00261,,btc,1.19002445,0.0,0.0,187
,[],17,[],2018-11-16 20:58:10,4062536.27273,0.00000001,0.000000000000550501,4708775,2018-11-16 20:58:10,btc,3.36492563466,0.195460381006,,"btc,eth",110697919.549,0.0,0.0157628953496,187
1,[],24,[],2019-05-22 21:04:52,0.0,0.000000000014,0.0000000000000010960978,7670219,2019-05-22 21:04:52,btc,0.0,0.0,0.000000000014,btc,0.0,0.0,0.0,187
0,[],22,[],2019-04-25 02:54:07,0.0,0,0,7447896,2019-04-25 02:54:07,,7.54794454,0.0,0,,76361.7243344055,0.0,0.0,191
0,[],22,[],2019-06-17 14:33:34,0.0,0,0,7740182,2019-06-17 14:33:34,,0.0,0.0,0,,0.0,0.0,0.0,197
0,[],23,[],2019-01-20 23:31:41,0.0,0,0,6477079,2019-01-20 23:31:41,,0.0,0.0,0,,0.0,0.0,0.0,199
0,[],22,[],2019-06-26 10:08:07,0.0,0,0,7766898,2019-06-26 10:08:07,,10.58263174,0.0,0,,84280969.0,0.0,0.0,199
1,[],26,[],2019-06-26 10:08:07,0.0,0.00000000,0,7766899,2019-06-26 10:08:07,btc,0.0,0.0,0.00000000,btc,0.0,0.0,0.0,199
0,[],2,[],2019-01-20 23:30:49,0.0,0,0,6477059,2019-01-20 23:30:49,,0.0,0.0,0,,0.0,0.0,0.0,201
1,[],4,[],2019-01-25 15:51:35,2084389.58565343,0.00000936,0.000000000333526752,6499557,2019-01-25 15:51:35,btc,2.0092503037378524,0.0,0.00000936,btc,160195.80207885,0.19272417,1.242687955921835,211
1,[],7,[],2019-06-26 10:08:10,1170054124.6898527,0.00000018,0.00000000002272005,7766900,2019-06-26 10:08:10,btc,1346838.6258339162,0.0,0.00000018,btc,5739479.26464841,0.0,11.954344045954047,212
1,[],12,[],2019-01-25 02:44:32,207462.42853209,0.000001080000000000000035831255497387193287295303889550268650054931640625,0.000000000038610756000000006,6493050,2019-01-25 02:44:32,btc,85023.03793723314,0.0,0.000001080000000000000035831255497387193287295303889550268650054931640625,btc,43675.73520027,0.000146250909087,0.0348620860622024,213
1,[],5,[],2019-05-30 00:07:46,0.0,0,0,7709357,2019-05-30 00:07:46,btc,0.0,0.06425239,0,btc,0.0,0.0,0.0,213
1,[],24,[],2019-05-30 00:07:46,0.0,0.000000399202,0.0000000000344859829346,7709358,2019-05-30 00:07:46,btc,0.0,0.0,0.000000399202,btc,0.0,0.0,0.0,213
1,[],26,[],2019-05-30 00:07:47,0.0,0.00000040,0.000000000034554919999999996,7709359,2019-05-30 00:07:47,btc,0.0,0.0,0.00000040,btc,0.0,0.0,0.0,213
0,[],22,[],2019-06-26 10:08:12,0.0,0,0,7766901,2019-06-26 10:08:12,,9.56923849,0.0,0,,3661587.2040649247,0.0,0.0,216
0,[],27,[],2019-06-26 10:08:19,0.0,0,0,7766902,2019-06-26 10:08:19,,1948.6853458840976,10000.0,0,"btc,ltc",470189.12534794,0.0001,0.0,216
1,[],22,[],2019-06-26 10:08:22,1404275.723076923,0.00000018,0.00000000002272005,7766903,2019-06-26 10:08:22,BTC,12055.86418096,0.0,0.00000018,BTC,544682.6400643893,0.00271191,0.03694961,217
1,[],7,[],2019-06-26 10:08:23,0.0,0,0,7766904,2019-06-26 10:08:23,btc,2123800.2786640613,4000.0,0,btc,82453746.4752352,4e-05,0.0,219
0,[],27,[],2019-06-26 10:10:26,0.0,0,0,7766905,2019-06-26 10:10:26,,0.0,0.0,0,,0.0,0.0,0.0,219
0,[],28,[],2019-06-26 10:10:27,0.0,0,0,7766906,2019-06-26 10:10:27,,0.0,0.0,0,,0.0,0.0,0.0,219
0,[],22,[],2019-06-26 10:10:29,0.0,0,0,7766907,2019-06-26 10:10:29,,56.75439223,0.0,0,,184664.6482738741,0.0,0.0,221
1,[],24,[],2019-06-26 10:10:30,0.0,0.000000030000,0.000000000003786675,7766908,2019-06-26 10:10:30,btc,0.0,0.0,0.000000030000,btc,0.0,0.0,0.0,221
1,[],20,[],2019-06-17 14:34:11,26882155.8301,0.000000003,0.000000000000278742,7740192,2019-06-17 14:34:11,btc,100050.81956632523,233521.3529,0.000000003,btc,38769742.8604,0.0007925640587,0.0306863532672,224
0,[],22,[],2019-06-17 14:34:13,0.0,0,0,7740193,2019-06-17 14:34:13,,0.0,0.0,0,,0.0,0.0,0.0,224
1,[],26,[],2019-06-26 10:10:30,0.0,0.00000022,0.00000000002776895,7766909,2019-06-26 10:10:30,btc,0.0,0.0,0.00000022,btc,0.0,0.0,0.0,231
1,[],26,[],2019-06-26 10:10:31,0.0,0.00000005,0.000000000006311125,7766910,2019-06-26 10:10:31,btc,0.0,0.0,0.00000005,btc,0.0,0.0,0.0,234
0.0000000002665969,[],27,[],2019-06-26 10:10:38,100.0,2.665969e-18,3.3650527210250003e-22,7766911,2019-06-26 10:10:38,eth,0.0,0.0,0.00000001,"btc,eth",0.0,0.0,2.665969e-16,234
1,[],4,[],2019-05-22 17:06:12,91780.56053785,0.00000078,0.000000000061977552,7669277,2019-05-22 17:06:12,btc,5.573372450018177,0.0,0.00000078,btc,729173.93529783,0.0,0.0307060663355679,236
1,[],24,[],2019-05-22 17:06:12,0.0,0.000000010000,0.000000000000794584,7669278,2019-05-22 17:06:12,btc,0.0,0.0,0.000000010000,btc,0.0,0.0,0.0,236
1,[],5,[],2019-06-26 10:12:38,0.0,0,0,7766912,2019-06-26 10:12:38,btc,0.0,1.14374559,0,btc,0.0,0.0,0.0,237
1,[],20,[],2019-06-26 10:12:39,145347191.8707,0.000000066,0.000000000008330685,7766913,2019-06-26 10:12:39,btc,8172549.518258597,23651353.4319,0.000000066,btc,48088033.5664,1.7725891297835,1.1020459864332,237
1,[],22,[],2019-06-26 10:12:43,2084614.0,0.00000004,0.0000000000050489000000000004,7766914,2019-06-26 10:12:43,BTC,1.20112188,0.0,0.00000004,"BTC,LTC",14507.148717948718,0.0,0.02587451,237
1,[],4,[],2019-06-26 10:12:44,31431357.49605631,0.00000006,0.00000000000757335,7766915,2019-06-26 10:12:44,btc,2.339842220767288,0.0,0.00000006,btc,10761143.32908942,0.11419542,0.5367181040394722,238
1,[],5,[],2019-06-26 10:12:45,0.0,0,0,7766916,2019-06-26 10:12:45,btc,0.0,0.0073742,0,btc,0.0,0.0,0.0,238
0,[],22,[],2019-03-12 16:49:32,0.0,0,0,6914458,2019-03-12 16:49:32,,0.40415746,0.0,0,,526736.5639027493,0.0,0.0,249
0,[],22,[],2019-05-28 23:53:45,0.0,0,0,7703643,2019-05-28 23:53:45,,13.44714864,0.0,0,,43777534.3426455,0.0,0.0,252
0,[],28,[],2019-06-26 10:12:48,0.0,0,0,7766917,2019-06-26 10:12:48,,0.0,0.0,0,,0.0,0.0,0.0,256
1,[],22,[],2019-06-26 10:12:51,539394.0,0.00000001,0.0000000000012622250000000001,7766918,2019-06-26 10:12:51,BTC,31464.57209997,0.0,0.00000001,BTC,1031955.2230878276,6.949e-05,0.00539394,258
1,[],22,[],2019-05-19 18:12:02,400.0,0.00000001,0.0000000000007957800000000001,7653905,2019-05-19 18:12:02,BTC,2.415167,0.0,0.00000001,BTC,157.0,0.0,4e-06,259
1,[],5,[],2019-06-26 10:12:52,0.0,0,0,7766919,2019-06-26 10:12:52,btc,0.0,0.02733862,0,btc,0.0,0.0,0.0,264
1,[],20,[],2019-06-26 10:12:54,933973.8053,0.000000134,0.000000000016913815,7766920,2019-06-26 10:12:54,btc,1.0499646295459,6203.8411,0.000000134,btc,33080.3178,0.0037511507996,0.0054874328877,264
0,[],22,[],2019-04-12 17:57:27,0.0,0,0,7278186,2019-04-12 17:57:27,,66.37522201,0.0,0,,677842.4169881374,0.0,0.0,271
0,[],22,[],2019-06-26 10:12:56,0.0,0,0,7766921,2019-06-26 10:12:56,,33050469.74148113,0.0,0,,14261527780.7,0.0,0.0,272
0,[],28,[],2019-06-26 10:12:58,0.0,0,0,7766922,2019-06-26 10:12:58,,0.0,0.0,0,,0.0,0.0,0.0,272
1,[],22,[],2019-05-23 07:12:29,219930.0,0.00000004,0.000000000003048688,7671985,2019-05-23 07:12:29,BTC,426.77835217,0.0,0.00000004,BTC,248664.3325962929,0.0,0.00739728,281
1,[],22,[],2019-06-26 10:13:02,2020376.6,0.00000002,0.0000000000025244500000000002,7766923,2019-06-26 10:13:02,BTC,4.68201753,0.0,0.00000002,"BTC,LTC",1091803.4038598756,0.00049958,0.0247122,286
0,[],22,[],2019-06-17 14:34:53,0.0,0,0,7740207,2019-06-17 14:34:53,,7337915.80475575,0.0,0,,2078527309.6797826,0.0,0.0,294
