pairValue,buyBook,exchangeId,sellBook,updated,buyTotal,satoshiPrice,usdPrice,exchangeLogId,created,bestPair,sellTotalBtc,volume,pairPrice,activePairs,sellTotal,volumeBtc,buyTotalBtc,coinId
1,[],10,[],2019-07-13 08:58:05,251434.9725798,0.00271069,0.00000031407274150500003,7812232,2019-07-13 08:58:05,btc,6515.317158446701,1686.04548878,0.00271069,btc,2002.66956917,0.0,1.2639712180673435,1
1,[],3,[],2019-08-14 19:18:11,31389.415181493205,0.00793758999999999957652985216327579109929502010345458984375,0.000000811630483885,7896976,2019-08-14 19:18:11,btc,11.18514475700838,1.4463639064,0.00793758999999999957652985216327579109929502010345458984375,btc,35.305059478311,0.0,0.2197053437039037,1
1,[],4,[],2019-08-14 19:18:12,25295.29772634,0.00779429,0.000000796977843935,7896977,2019-08-14 19:18:12,btc,9.01435712458368,0.0,0.00779429,btc,577.60819979,0.53812905,0.6354572528531056,1
1,[],12,[],2019-08-14 19:18:17,94.11927336000001,0.007779999999999999589495036644848369178362190723419189453125,0.00000079551667,7896978,2019-08-14 19:18:17,btc,0.310629986805,0.0,0.007779999999999999589495036644848369178362190723419189453125,btc,30.6023095,0.884271362629,0.1479900463529,1
1,[],20,[],2019-08-14 19:18:20,932.3755,0.00801336,0.00000081937808004,7896979,2019-08-14 19:18:20,btc,0.2232210136094,0.4307,0.00801336,btc,18.713,0.0036097636,0.1286272961657,1
1,[],21,[],2019-08-14 19:18:21,2338.9098193,0.007780709999999999709752174226,0.000000795589268565,7896980,2019-08-14 19:18:21,btc,9.543695208403891,1248.09982376,0.0077807099999999997097521742261960753239691257476806640625,"btc,eth",1787.75887789,8.087999587070744,14.237993855145152,1
1,[],22,[],2019-08-14 19:18:24,0.5198816666666667,0.00600000,0.000000613509,7896981,2019-08-14 19:18:24,BTC,0.01699234,0.0,0.00600000,BTC,0.2826706326589883,1.1e-07,0.00302178,1
1,[],24,[],2019-08-14 19:18:25,0.0,0.000000000000,0,7896982,2019-08-14 19:18:25,btc,0.0,0.0,0.000000000000,btc,0.0,0.0,0.0,1
0.0,[],25,[],2019-08-14 19:18:26,0.0,0,0,7896983,2019-08-14 19:18:26,btc,38.67709999887976,4797.68612413,0.0,btc,4802.04640209,38.375,0.0,1
1,[],26,[],2019-08-14 19:18:30,0.0,0,0,7896984,2019-08-14 19:18:30,,0.0,0.0,0,,0.0,0.0,0.0,1
1,[],28,[],2019-08-14 19:18:32,1040.4,0.008020000000,0.00000082005703,7896985,2019-08-14 19:18:32,btc,0.38023024096,2721.513255,0.008020000000,btc,23.7255,0.0,0.274306096,1
1,[],5,[],2019-07-06 00:27:44,0.0,0,0,7800775,2019-07-06 00:27:44,btc,0.0,0.00190933,0,btc,0.0,0.0,0.0,1
0,[],2,[],2019-01-20 23:28:45,0.0,0,0,6477011,2019-01-20 23:28:45,,0.0,0.0,0,,0.0,0.0,0.0,1
0,[],22,[],2019-08-14 19:18:35,0.0,0,0,7896986,2019-08-14 19:18:35,,0.0,0.0,0,,0.0,0.0,0.0,2
1,[],5,[],2019-07-06 00:28:14,0.0,0,0,7800785,2019-07-06 00:28:14,btc,0.0,0.00208797,0,btc,0.0,0.0,0.0,2
1,[],12,[],2019-08-14 19:18:37,4821318.40313215,0.000000058,0.000000000005930587,7896987,2019-08-14 19:18:37,btc,42993.09038726761,0.0,0.000000058,btc,9848235.49426716,0.015678588807,0.18860048292235917,3
0,[],28,[],2019-08-14 19:18:38,0.0,0,0,7896988,2019-08-14 19:18:38,,0.0,0.0,0,,0.0,0.0,0.0,3
1,[],5,[],2019-06-03 14:48:58,0.0,0,0,7731126,2019-06-03 14:48:58,btc,0.0,0.05905545,0,btc,0.0,0.0,0.0,3
0,[],2,[],2019-01-20 23:31:32,0.0,0,0,6477077,2019-01-20 23:31:32,,0.0,0.0,0,,0.0,0.0,0.0,4
1,[],4,[],2019-07-23 19:39:19,5194762.69889617,0.00000005,0.00000000000508272,7830176,2019-07-23 19:39:19,btc,51.370046856622295,0.0,0.00000005,btc,1310172.08039262,0.0,0.0608782288383904,4
0,[],2,[],2019-01-20 23:31:51,0.0,0,0,6477087,2019-01-20 23:31:51,,0.0,0.0,0,,0.0,0.0,0.0,6
1,[],11,[],2019-08-12 15:08:45,87302.0,0.00000001,0.000000000001135941,7891621,2019-08-12 15:08:45,btc,9583.469746979361,4910218.0,0.00000001,btc,78273068.50750598,0.0,0.0008730200000000001,6
1,[],3,[],2019-08-14 19:18:41,11624.787532414144,0.00006046000000000000050397186424078199706855230033397674560546875,0.00000000618212569,7896989,2019-08-14 19:18:41,btc,2027.9075297273926,0.0877339903968,0.00006046000000000000050397186424078199706855230033397674560546875,btc,563.832751989976,0.0,0.026198905268108655,7
1,[],4,[],2019-08-14 19:18:41,62400.89737733,0.00008026,0.00000000820670539,7896990,2019-08-14 19:18:41,btc,13.266081778465763,0.0,0.00008026,btc,79745.66828197,1.27540694,2.3608239359382552,7
1,[],5,[],2019-07-06 00:28:21,0.0,0,0,7800789,2019-07-06 00:28:21,btc,0.0,0.38662001,0,btc,0.0,0.0,0.0,7
1,[],5,[],2019-07-05 17:50:59,0.0,0,0,7799863,2019-07-05 17:50:59,btc,0.0,0.04857279,0,btc,0.0,0.0,0.0,12
0,[],2,[],2019-01-20 23:23:08,0.0,0,0,6476890,2019-01-20 23:23:08,,0.0,0.0,0,,0.0,0.0,0.0,12
1,[],4,[],2019-08-14 19:18:42,25323671.06599418,0.00000024,0.00000000002454036,7896991,2019-08-14 19:18:42,btc,5.910854827690033,0.0,0.00000024,btc,10062590.51267813,0.21339323,2.0212859376409473,12
0.0,[],25,[],2019-08-14 19:18:45,0.0,0,0,7896992,2019-08-14 19:18:45,,0.0,0.0,0.0,btc,0.0,0.0,0.0,12
1,[],10,[],2019-08-14 18:19:53,662527.84587189,0.0000014,0.00000000014371083999999998,7896848,2019-08-14 18:19:53,btc,666797.2527454762,71198.5516426,0.0000014,btc,1026972.77729074,0.0,0.1076812665465293,13
1,[],4,[],2019-08-14 19:18:46,738248.39355555,0.00000141,0.00000000014417461499999999,7896993,2019-08-14 19:18:46,btc,3.6516211805110994,0.0,0.00000141,btc,920727.08331755,0.10060583,0.3275801992427387,13
1,[],21,[],2019-08-14 19:18:50,5526722.66748753,0.000001430000000000000072932653840,0.000000000146219645,7896994,2019-08-14 19:18:50,btc,4.113131232206118,301748.53084064,0.000001430000000000000072932653839841155019030338735319674015045166015625,btc,1804465.87708012,0.44726279,2.8533285705874314,13
1,[],4,[],2019-08-14 19:18:50,1261551.64502819,0.00000078,0.00000000007975617,7896995,2019-08-14 19:18:50,btc,2.8682826847986345,0.0,0.00000078,btc,855391.70029675,0.01658014,0.2093862762683992,14
1,[],12,[],2019-08-14 19:18:51,239221.17045916,0.00000086,0.00000000008793629,7896996,2019-08-14 19:18:51,btc,651.9828683972698,0.0,0.00000086,btc,31174.74461798,0.002971681831,0.0311798940485731,14
1,[],26,[],2019-08-14 19:20:51,0.0,0,0,7896997,2019-08-14 19:20:51,,0.0,0.0,0,,0.0,0.0,0.0,14
0,[],17,[],2019-05-03 00:53:32,0.0,0,0,7558876,2019-05-03 00:53:32,btc,0.0,0.0,0,btc,0.0,0.0,0.0,14
0,[],4,[],2019-08-14 19:20:52,0.0,0,0,7896998,2019-08-14 19:20:52,,0.0,0.0,0,,0.0,0.0,0.0,15
,[],12,[],2018-12-01 15:15:48,204241.84496,0.00000489,0.000000000202473384,5260204,2018-12-01 15:15:48,btc,49.5475654835,0.0,,btc,35763.2193806,0.0163153972027625,0.0203389899998,15
0,[],2,[],2019-01-20 23:23:38,0.0,0,0,6476906,2019-01-20 23:23:38,,0.0,0.0,0,,0.0,0.0,0.0,18
1,[],4,[],2019-08-14 19:20:53,34881.99599162,0.00000713,0.0000000007290531949999999,7896999,2019-08-14 19:20:53,btc,2.452036363598582,0.0,0.00000713,btc,25937.63657952,0.03879817,0.0451532467873585,18
1,[],10,[],2019-08-14 19:20:55,409042.86923019,0.00000678,0.00000000069326517,7897000,2019-08-14 19:20:55,btc,15.239912613410063,3449.85240349,0.00000678,btc,27228.7226369,0.0,0.2749192133889979,18
1,[],12,[],2019-08-14 19:20:57,26446.50054583,0.000006900000000000000005399326818977812081357114948332309722900390625,0.00000000070553535,7897001,2019-08-14 19:20:57,btc,0.5665973212954133,0.0,0.000006900000000000000005399326818977812081357114948332309722900390625,btc,2003.8324645,0.001115557671,0.017663891466472,18
0,[],17,[],2019-05-03 00:53:39,0.0,0,0,7558882,2019-05-03 00:53:39,btc,0.0,0.0,0,btc,0.0,0.0,0.0,18
0,[],27,[],2019-08-12 16:48:42,0.0,0,0,7891818,2019-08-12 16:48:42,,0.0,0.0,0,btc,0.0,0.0,0.0,19
0,[],2,[],2019-01-20 23:24:19,0.0,0,0,6476924,2019-01-20 23:24:19,,0.0,0.0,0,,0.0,0.0,0.0,19
1,[],3,[],2019-08-14 19:22:58,221937.52351344103,0.000005839999999999999989838857239465852444482152350246906280517578125,0.00000000059714876,7897002,2019-08-14 19:22:58,btc,190.7624078632197,3633.31163025,0.000005839999999999999989838857239465852444482152350246906280517578125,btc,43515.81155248486,0.0,0.395315520020404,19
1,[],4,[],2019-08-14 19:22:58,606156.79730053,0.00000619,0.000000000632936785,7897003,2019-08-14 19:22:58,btc,3.466395013264823,0.0,0.00000619,btc,260331.04523672,0.24326365,1.7875188347789077,19
1,[],12,[],2019-08-14 19:22:59,128421.05446159,0.0000080499999999999991592662673678404416932608000934123992919921875,0.0000000008231245749999999,7897004,2019-08-14 19:22:59,btc,0.9337081605273536,0.0,0.0000080499999999999991592662673678404416932608000934123992919921875,btc,2900.77160987,0.0,0.0162280641899178,19
1,[],5,[],2019-07-06 02:01:19,0.0,0,0,7800799,2019-07-06 02:01:19,btc,0.0,0.0,0,btc,0.0,0.0,0.0,19
1,[],4,[],2019-08-14 19:23:00,10498547.74977137,0.00000007,0.000000000007157605,7897005,2019-08-14 19:23:00,btc,4.981280599470483,0.0,0.00000007,btc,2259868.62320188,0.00332541,0.1284502294625621,20
0,[],4,[],2019-08-14 19:23:01,0.0,0,0,7897006,2019-08-14 19:23:01,,49585.386944651465,0.0,0,,172519125.07814378,0.0,0.0,21
0,[],12,[],2019-08-14 19:23:02,0.0,0,0,7897007,2019-08-14 19:23:02,btc,2617.9764452306194,0.0,0,btc,8688049.86013984,0.0,0.0,21
0,[],17,[],2019-05-03 00:53:51,0.0,0,0,7558891,2019-05-03 00:53:51,btc,0.0,0.0,0,btc,0.0,0.0,0.0,21
1,[],12,[],2019-08-14 18:58:45,4319543898.8826685,0.0000000033,0.00000000000033631323,7896906,2019-08-14 18:58:45,btc,168400687786.67258,0.0,0.0000000033,btc,1949387900.985427,1.066091727053,3.1526317335774694,23
0.0000000002204393,[],27,[],2019-07-29 17:24:02,79794022.5,8.5971327e-17,8.21370058158e-21,7852364,2019-07-29 17:24:02,eth,1253.5830452782222,787155.0,0.00000039,eth,2317982.66147653,6.7672759904685e-11,2.1948587434632156e-09,23
1,[],4,[],2019-08-14 18:58:46,6640714.75939476,0.00000045,0.000000000045860895,7896907,2019-08-14 18:58:46,btc,9.189136502182675,0.0,0.00000045,btc,1947152.75947016,0.33550731,0.3522421332098913,24
0,[],22,[],2019-08-14 18:58:48,0.0,0,0,7896908,2019-08-14 18:58:48,,0.0,0.0,0,,0.0,0.0,0.0,24
0.0,[],25,[],2019-08-14 18:58:50,0.0,0,0,7896909,2019-08-14 18:58:50,,0.0,0.0,0.0,btc,0.0,0.0,0.0,24
1,[],4,[],2019-08-14 18:58:51,26959130.76182559,0.00000352,0.000000000358734112,7896910,2019-08-14 18:58:51,btc,106.94249490136951,0.0,0.00000352,btc,1058582.75633315,0.06370081,0.4496239623148027,26
1,[],10,[],2019-08-14 18:58:53,233696.96822509,0.00000394,0.000000000401537614,7896911,2019-08-14 18:58:53,btc,25.758244372910177,7413.71897229,0.00000394,btc,18817.81486851,0.0,0.0539971842614134,26
0,[],2,[],2019-01-20 23:25:56,0.0,0,0,6476976,2019-01-20 23:25:56,,0.0,0.0,0,,0.0,0.0,0.0,26
0.0000000000754388,[],4,[],2019-08-14 19:25:04,727710503.0765384,5.2052772000000005e-17,5.3224740161580005e-21,7897008,2019-08-14 19:25:04,ltc,12.38287709268971,0.0,0.00000069,ltc,1006119966.7059703,0.00053351,5.426177735621705e-09,29
1,[],7,[],2019-08-14 19:25:05,0.0,0,0,7897009,2019-08-14 19:25:05,btc,1236881.0048440725,0.0,0,btc,60353678.72853072,0.0,0.0,29
0,[],17,[],2019-05-03 01:11:25,0.0,0,0,7559066,2019-05-03 01:11:25,btc,0.0,0.0,0,btc,0.0,0.0,0.0,30
1,[],4,[],2019-08-14 19:25:05,15082218.15390399,0.00000009,0.000000000009202635,7897010,2019-08-14 19:25:05,btc,2.6246325194623275,0.0,0.00000009,btc,2025258.98236004,0.00057947,0.1777497781784015,30
1,[],4,[],2019-08-14 19:00:56,218305.73818539,0.00003151,0.000000003211281781,7896915,2019-08-14 19:00:56,btc,2.731196969778593,0.0,0.00003151,btc,49521.78335044,0.63864808,0.648948348990384,31
1,[],21,[],2019-08-14 19:00:57,222639.53586625,0.00003270999999999999683633275516,0.0000000033335775009999997,7896916,2019-08-14 19:00:57,btc,6.310357951470082,137236.65067317,0.0000327099999999999968363327551568175977081409655511379241943359375,btc,160988.56616258,4.52646221,2.722465000535855,31
0,[],2,[],2019-01-20 23:28:43,0.0,0,0,6477009,2019-01-20 23:28:43,,0.0,0.0,0,,0.0,0.0,0.0,32
0,[],4,[],2019-08-14 19:00:58,0.0,0,0,7896917,2019-08-14 19:00:58,,0.0,0.0,0,,0.0,0.0,0.0,33
1,[],12,[],2019-03-30 07:55:10,40641173.964,0.00000003,0.000000000001228359,7108785,2019-03-30 07:55:10,btc,4233210.82356125,0.0,0.00000003,btc,28378394.68333462,0.0126927883965248,0.90752895892,33
0.000000000075727,[],4,[],2019-08-14 19:00:59,39015677.38584485,3.180534e-17,3.2413807959539998e-21,7896918,2019-08-14 19:00:59,ltc,6.0250425985304625,0.0,0.00000042,ltc,161291641.9355527,0.00040673,5.71736100045636e-10,34
1,[],5,[],2019-07-06 02:03:46,0.0,0,0,7800811,2019-07-06 02:03:46,btc,0.0,0.0,0,btc,0.0,0.0,0.0,34
1,[],27,[],2019-08-12 16:26:17,6255.0,0.00000019,0.000000000021630303,7891745,2019-08-12 16:26:17,btc,22.61101824371233,0.0,0.00000019,btc,4198.924835,0.0,0.00091445,37
1,[],4,[],2019-08-14 19:01:01,10799878.72489642,0.00000016,0.000000000016306095999999998,7896919,2019-08-14 19:01:01,btc,19774.018596530146,0.0,0.00000016,btc,2344747.54803994,0.02087117,0.1770012643803363,37
1,[],12,[],2019-08-14 19:01:02,8707898.95959594,0.00000018,0.000000000018344358,7896920,2019-08-14 19:01:02,btc,1723.2964523442201,0.0,0.00000018,btc,2089070.38276889,0.034215724474,0.2908604599999966,37
1,[],17,[],2019-05-03 01:11:36,211752.74075282,0.00000025,0.000000000013700074999999998,7559074,2019-05-03 01:11:36,btc,0.055484923955058496,0.0,0.00000025,"btc,eth",1387.19918473,0.0,0.0005381851887916605,37
0,[],27,[],2019-08-12 16:26:27,0.0,0,0,7891747,2019-08-12 16:26:27,,0.001005,0.0,0,"btc,eth",3.0,0.0,0.0,42
1,[],12,[],2019-08-14 19:03:03,222098.43193525,0.000001260000000000000006510091944689211373997750342823565006256103515625,0.000000000128410506,7896921,2019-08-14 19:03:03,btc,559.215033030749,0.0,0.000001260000000000000006510091944689211373997750342823565006256103515625,btc,169509.68426962,0.006039458663,0.0618982154442322,42
1,[],5,[],2019-07-06 02:03:47,0.0,0,0,7800812,2019-07-06 02:03:47,btc,0.0,0.14382058,0,btc,0.0,0.0,0.0,42
1,[],12,[],2019-03-13 09:13:29,1112112.0,0.00000001,0.000000000000386531,6919902,2019-03-13 09:13:29,btc,29058.00478931866,0.0,0.00000001,btc,5967681.93306694,9.99000999e-07,0.01112112,43
1,[],5,[],2019-04-26 22:38:52,0.0,0,0,7474154,2019-04-26 22:38:52,btc,0.0,0.02638891,0,btc,0.0,0.0,0.0,43
0,[],17,[],2019-04-26 22:38:53,0.0,0,0,7474155,2019-04-26 22:38:53,btc,0.0,0.0,0,btc,0.0,0.0,0.0,43
0.000000000075727,[],4,[],2019-08-14 19:03:04,107288553.96058366,4.316439e-17,4.399016794509e-21,7896922,2019-08-14 19:03:04,ltc,2096.277009272074,0.0,0.00000057,ltc,24774108.84737676,0.0,4.048804217480017e-10,49
0.000000000075727,[],4,[],2019-08-14 19:03:05,92634953.25371164,1.893175e-17,1.929393330925e-21,7896923,2019-08-14 19:03:05,ltc,31076.79328694957,0.0,0.00000025,ltc,233720411.82849228,0.0,4.796044084751106e-10,52
0,[],27,[],2019-08-12 16:26:37,0.0,0,0,7891750,2019-08-12 16:26:37,,0.0,0.0,0,"btc,eth",0.0,0.0,0.0,57
0,[],22,[],2019-08-14 19:03:07,0.0,0,0,7896924,2019-08-14 19:03:07,,10290.02779686,0.0,0,,282696231.3316013,0.0,0.0,57
0.000000000075727,[],4,[],2019-08-14 19:03:08,505608300.221,7.5727e-19,7.7175733237e-23,7896925,2019-08-14 19:03:08,ltc,19.78756833668119,0.0,0.00000001,ltc,5442475579.22347,0.00011055,3.828819975083567e-10,58
1,[],12,[],2019-08-14 19:03:09,1262282207.2145119,0.0000000001,0.00000000000001019131,7896926,2019-08-14 19:03:09,btc,52808302.55862804,0.0,0.0000000001,btc,4251337384.820216,0.043923278424,0.12622822072145118,58
0.00000000007807770000000001,[],22,[],2019-08-14 19:05:14,126877.0,7.807770000000001e-19,7.95714044787e-23,7896927,2019-08-14 19:05:14,XMR,68.17454206,0.0,0.00000001,XMR,9626402.6,0.0,0.00126877,58
1,[],17,[],2019-05-03 01:12:09,1200000.0,0.0000000001,0.00000000000000548003,7559085,2019-05-03 01:12:09,btc,1e+24,0.0,0.0000000001,"btc,eth",39516342.31952568,0.0,0.00010000000058666061,58
1,[],22,[],2019-08-14 19:05:17,267.0,0.00000001,0.0000000000010191309999999999,7896928,2019-08-14 19:05:17,BTC,1000.95211887,0.0,0.00000001,BTC,9434.689066014545,6.9e-07,2.67e-06,61
1,[],26,[],2019-08-14 19:05:17,0.0,0,0,7896929,2019-08-14 19:05:17,,0.0,0.0,0,,0.0,0.0,0.0,61
1,[],28,[],2019-08-14 19:05:46,40000.0,0.00000004,0.0000000000040765239999999996,7896930,2019-08-14 19:05:46,btc,0.242343945415105,355.0,0.00000004,btc,8016.46650005,0.0,0.001,61
0,[],27,[],2019-07-29 19:34:56,0.0,0,0,7852673,2019-07-29 19:34:56,,1.97314195,0.0,0,"btc,eth",10936.9,0.0,0.0,61
1,[],5,[],2019-06-17 14:31:27,0.0,0,0,7740135,2019-06-17 14:31:27,btc,0.0,0.00079154,0,btc,0.0,0.0,0.0,61
1,[],4,[],2019-08-14 19:05:47,1868787.17472464,0.00000090,0.00000000009172179,7896931,2019-08-14 19:05:47,btc,3.3894892677557813,0.0,0.00000090,btc,1261938.61332417,0.07555339,0.8766982800017994,67
0.0,[],25,[],2019-08-14 19:05:49,0.0,0,0,7896932,2019-08-14 19:05:49,,0.0,0.0,0.0,btc,0.0,0.0,0.0,67
1,[],12,[],2019-06-02 06:23:14,910048.355,0.00000006,0.000000000005154929999999999,7725270,2019-06-02 06:23:14,btc,5.167005424215783,0.0,0.00000006,btc,738530.60239759,0.003159757462,0.0187188113,71
,[],5,[],2018-11-20 23:02:39,1.5e-07,0.00000005,0.000000000002128045,4862160,2018-11-20 23:02:39,btc,2.84511358,0.0,,btc,0.00036572,0.0,0.07381892,74
1,[],5,[],2019-07-06 00:15:01,0.0,0,0,7800749,2019-07-06 00:15:01,btc,0.0,0.01883861,0,btc,0.0,0.0,0.0,75
1,[],4,[],2019-08-14 19:05:50,200577.72464588,0.00006003,0.000000006117843393,7896933,2019-08-14 19:05:50,btc,58.63860394749276,0.0,0.00006003,btc,137439.57654282,1.31152691,0.5782900382232038,82
1,[],21,[],2019-08-14 19:05:52,807148.43201569,0.00005817000000000000040642836319,0.000000005928285027,7896934,2019-08-14 19:05:52,btc,4.094953505823978,15515.05356581,0.0000581700000000000004064283631866061341497697867453098297119140625,btc,53548.78492101,0.94241826,1.1980148012649496,82
0,[],4,[],2019-07-23 20:51:52,0.0,0,0,7830376,2019-07-23 20:51:52,,1.6413985531662756,0.0,0,,620289065.5915176,0.0,0.0,85
,[],22,[],2018-11-20 23:09:34,3408.1,0.0000001,0.0000000000041895,4862324,2018-11-20 23:09:34,BTC,0.04624735,0.0,,BTC,4990.0,0.0,0.00033081,86
1,[],22,[],2019-08-14 19:05:55,185880.0,0.00000002,0.0000000000020382619999999998,7896935,2019-08-14 19:05:55,BTC,1.82010075,0.0,0.00000002,BTC,762375.347368421,0.0,0.00186702,87
1,[],27,[],2019-08-06 12:06:36,100155.0,0.00000003,0.000000000003516594,7875448,2019-08-06 12:06:36,btc,7.177196150774,345.0,0.00000003,btc,287406.89336,1.035e-05,0.00300465,87
,[],2,[],2018-11-20 23:10:47,0.0,0,0,4862359,2018-11-20 23:10:47,,0.0,0.0,,,0.0,0.0,0.0,88
0,[],2,[],2019-01-20 23:31:45,0.0,0,0,6477083,2019-01-20 23:31:45,,0.0,0.0,0,,0.0,0.0,0.0,91
1,[],12,[],2019-07-29 19:37:20,363887.60323923,0.0000004,0.0000000000380056,7852681,2019-07-29 19:37:20,btc,434.49795557380435,0.0,0.0000004,btc,256704.51785259,0.005208319156,0.022326455808262,91
1,[],22,[],2019-07-29 19:39:29,50200.0,0.00000002,0.00000000000190028,7852682,2019-07-29 19:39:29,BTC,1.05335,0.0,0.00000002,"BTC,LTC",1839.95,1.836e-05,0.001804,91
0,[],17,[],2019-05-03 01:12:26,0.0,0,0,7559096,2019-05-03 01:12:26,btc,0.0,0.0,0,btc,0.0,0.0,0.0,91
0.000000000075727,[],4,[],2019-08-14 19:05:56,557995176.884257,1.135905e-17,1.157635998555e-21,7896936,2019-08-14 19:05:56,ltc,11.470885562399124,0.0,0.00000015,ltc,203364297.9261232,0.0,6.282834050867763e-10,96
0,[],12,[],2019-08-14 19:05:57,0.0,0,0,7896937,2019-08-14 19:05:57,btc,47.489492395634365,0.0,0,btc,13200201.563436551,0.0,0.0,96
0,[],17,[],2019-05-03 01:12:32,0.0,0,0,7559100,2019-05-03 01:12:32,btc,0.0,0.0,0,btc,0.0,0.0,0.0,96
1,[],4,[],2019-08-14 19:07:58,140704.21785873,0.00001380,0.00000000140640078,7896938,2019-08-14 19:07:58,btc,7.638858376299012,0.0,0.00001380,btc,179595.31482383,0.40820808,0.6338858665385328,100
0,[],2,[],2019-01-20 23:23:55,0.0,0,0,6476914,2019-01-20 23:23:55,,0.0,0.0,0,,0.0,0.0,0.0,100
1,[],22,[],2019-08-14 19:08:01,146000.0,0.00000002,0.0000000000020382619999999998,7896939,2019-08-14 19:08:01,BTC,26.50623849,0.0,0.00000002,BTC,10383.92,0.0,0.00162,101
1,[],27,[],2019-08-12 16:30:59,2050161.9,0.00000005,0.0000000000056921850000000005,7891762,2019-08-12 16:30:59,btc,261.32824567561846,0.0,0.00000005,btc,285690.80442935,0.0,0.060251537,105
1,[],12,[],2019-08-12 17:29:15,82119504.0,0.000000003,0.0000000000003422832,7891868,2019-08-12 17:29:15,btc,342090.02371141105,0.0,0.000000003,btc,116064332.02353828,0.003174081412,0.11150923900000001,105
1,[],27,[],2019-08-12 16:31:06,1.0,0.00000001,0.000000000001138437,7891764,2019-08-12 16:31:06,btc,0.0,0.0,0.00000001,"btc,eth",0.0,0.0,1e-08,112
0,[],22,[],2019-08-14 19:08:04,0.0,0,0,7896940,2019-08-14 19:08:04,,6.79500102,0.0,0,,3375892.0833333335,0.0,0.0,112
1,[],5,[],2019-07-06 00:19:31,0.0,0,0,7800761,2019-07-06 00:19:31,btc,0.0,0.0,0,btc,0.0,0.0,0.0,112
1,[],4,[],2019-08-14 19:08:05,835518.65599666,0.00000086,0.000000000087645266,7896941,2019-08-14 19:08:05,btc,5.448891994834826,0.0,0.00000086,btc,1439071.19679598,0.2946475,0.3560825679887709,113
1,[],5,[],2019-07-06 00:19:43,0.0,0,0,7800765,2019-07-06 00:19:43,btc,0.0,0.0,0,btc,0.0,0.0,0.0,113
1,[],17,[],2019-04-26 02:17:47,162738.278,0.00000004,0.0000000000021069000000000002,7461287,2019-04-26 02:17:47,btc,1.3331140273775473,0.0,0.00000004,btc,51796.221,0.0,0.00230953112,116
1,[],27,[],2019-08-02 18:48:59,95525.16595526,0.00000001,0.000000000001045936,7866367,2019-08-02 18:48:59,btc,3918.96487209,0.0,0.00000001,btc,88497.69,0.0,0.0009552516595526,116
1,[],4,[],2019-08-14 19:10:06,19838883.4221068,0.00000089,0.000000000090702659,7896942,2019-08-14 19:10:06,btc,121.62407850424563,0.0,0.00000089,btc,1290317.71561305,0.00641754,1.90918836597564,120
1,[],7,[],2019-08-14 19:10:07,3750.6325993,0.0000071300000000000003443924832813305414447313523851335048675537109375,0.000000000726640403,7896943,2019-08-14 19:10:07,btc,231231.55070546444,0.0,0.0000071300000000000003443924832813305414447313523851335048675537109375,btc,4396.54708982,0.0,0.0088403743378647,120
1,[],4,[],2019-08-14 19:10:09,950847.41580398,0.00000333,0.000000000339370623,7896944,2019-08-14 19:10:09,btc,3.005107466564918,0.0,0.00000333,btc,348501.39004792,0.25184485,0.277379151533092,131
0,[],2,[],2019-01-20 23:25:46,0.0,0,0,6476969,2019-01-20 23:25:46,,0.0,0.0,0,,0.0,0.0,0.0,131
1,[],17,[],2019-05-03 01:13:10,10000.0,0.00000001,0.000000000000548003,7559115,2019-05-03 01:13:10,btc,0.0953976503951408,0.0,0.00000001,btc,5037.62507334,0.0,0.0001,131
1,[],4,[],2019-08-14 19:12:10,8561.01306674,0.00005803,0.0000000059140171929999995,7896945,2019-08-14 19:12:10,btc,0.2923645083151133,0.0,0.00005803,btc,234.13941042,0.0,0.0035250584486112,135
1,[],3,[],2019-07-13 16:51:20,187.26592867,0.00000001,0.000000000001140965,7813490,2019-07-13 16:51:20,btc,419.77407087449336,1935513.62324,0.00000001,btc,3179086.72005867,0.0,1.8726592866999999e-06,136
1,[],4,[],2019-08-14 19:12:11,823570.08359533,0.00000429,0.000000000437207199,7896946,2019-08-14 19:12:11,btc,23.999113984101506,0.0,0.00000429,btc,493319.39554151,0.20684329,1.7466220734648832,137
1,[],12,[],2019-08-14 19:12:12,212085.9297535,0.00000391999999999999973790930363204410014077438972890377044677734375,0.00000000039949935199999995,7896947,2019-08-14 19:12:12,btc,39.89825810271063,0.0,0.00000391999999999999973790930363204410014077438972890377044677734375,btc,55831.3007991,0.002998252438,0.0347558394956231,137
1,[],4,[],2019-08-14 19:12:13,1305013.18290446,0.00003659,0.000000003729000329,7896948,2019-08-14 19:12:13,btc,12.039389967416462,0.0,0.00003659,btc,128404.61989226,0.8290938,2.143706599166272,142
1,[],20,[],2019-08-14 19:14:15,110267.1035,0.000037781,0.0000000038503788311,7896949,2019-08-14 19:14:15,btc,1.2785294860297,30.299,0.000037781,btc,3124.0813,0.00113850621,0.020628495932,142
1,[],22,[],2019-08-14 19:14:18,10619.88,0.00000200,0.00000000020382619999999999,7896950,2019-08-14 19:14:18,BTC,1.55898515,0.0,0.00000200,BTC,835.8398331062671,0.0,0.00416696,142
0.0,[],25,[],2019-08-14 19:14:20,0.0,0,0,7896951,2019-08-14 19:14:20,,0.0,0.0,0.0,btc,0.0,0.0,0.0,142
1,[],28,[],2019-08-14 19:14:40,10093636.0,0.000035010000,0.000000003567977631,7896952,2019-08-14 19:14:40,btc,0.51474502,2166.0,0.000035010000,btc,2808.485,0.0,1.39650526,142
1,[],17,[],2019-05-03 01:13:16,32967.38636364,0.00000088,0.000000000048224264,7559122,2019-05-03 01:13:16,btc,20.06976206696776,0.0,0.00000088,btc,2746.079105,0.0,0.0105613000000032,142
1,[],5,[],2019-07-06 02:06:10,0.0,0,0,7800822,2019-07-06 02:06:10,btc,0.0,0.00140707,0,btc,0.0,0.0,0.0,142
0,[],22,[],2019-08-14 19:14:42,0.0,0,0,7896953,2019-08-14 19:14:42,,68.14027224,0.0,0,,718000153.5744588,0.0,0.0,143
0,[],22,[],2019-02-25 15:42:22,0.0,0,0,6783783,2019-02-25 15:42:22,,4.2131946,0.0,0,,2322156.0,0.0,0.0,146
,[],22,[],2018-11-20 23:01:11,0.0,0,0,4862114,2018-11-20 23:01:11,,2.56807021,0.0,,,61828.4988236,0.0,0.0,147
1,[],12,[],2019-04-21 06:38:04,193091.5971266,0.00000071,0.000000000037635183,7388679,2019-04-21 06:38:04,btc,2.301232411611175,0.0,0.00000071,btc,9957.48302385,0.00023528,0.0313308199999888,148
1,[],5,[],2019-04-26 09:36:59,0.0,0,0,7465040,2019-04-26 09:36:59,btc,0.0,0.0,0,btc,0.0,0.0,0.0,153
0,[],22,[],2019-08-14 19:14:46,0.0,0,0,7896954,2019-08-14 19:14:46,,6.78813965,0.0,0,,4560228.592592592,0.0,0.0,156
0,[],23,[],2019-01-20 23:24:29,0.0,0,0,6476932,2019-01-20 23:24:29,,0.0,0.0,0,,0.0,0.0,0.0,156
1,[],22,[],2019-08-14 19:14:50,6996.0,0.00000001,0.0000000000010191309999999999,7896955,2019-08-14 19:14:50,BTC,1.7547719,0.0,0.00000001,BTC,64.8,0.0,6.996e-05,157
0,[],22,[],2019-07-23 20:07:56,0.0,0,0,7830260,2019-07-23 20:07:56,,50234.60468402,0.0,0,,54786159.03179465,0.0,0.0,158
,[],17,[],2018-11-20 22:56:10,0.0,0,0,4861976,2018-11-20 22:56:10,btc,1.1265625,0.0,,btc,1000.0,0.0,0.0,159
,[],20,[],2018-11-20 22:56:12,0.0,0,0,4861977,2018-11-20 22:56:12,btc,11912.7940471,0.0,,btc,34413894.3617,0.0,0.0,159
1,[],22,[],2019-08-14 19:14:54,59028.0,0.00000001,0.0000000000010191309999999999,7896956,2019-08-14 19:14:54,BTC,12.83785151,0.0,0.00000001,"BTC,LTC",190182.34947371835,6e-07,0.00101028,171
1,[],22,[],2019-07-30 10:12:34,339113.0,0.00000001,0.00000000000094793,7854865,2019-07-30 10:12:34,BTC,21.25940355,0.0,0.00000001,"BTC,LTC",1435750.3536050986,0.00010646,0.01335315,173
1,[],5,[],2019-07-06 02:08:45,0.0,0,0,7800830,2019-07-06 02:08:45,btc,0.0,0.00700197,0,btc,0.0,0.0,0.0,175
1,[],22,[],2019-07-25 12:34:58,8535.0,0.00000001,0.000000000001008706,7836984,2019-07-25 12:34:58,BTC,393.97654772,0.0,0.00000001,BTC,136275.61833431243,1.465e-05,8.535e-05,176
1,[],7,[],2019-07-01 10:15:32,0.0,0,0,7783526,2019-07-01 10:15:32,btc,521516.2326888725,0.0,0,btc,26809253.73522063,0.0,0.0,178
0,[],22,[],2019-08-14 19:14:58,0.0,0,0,7896957,2019-08-14 19:14:58,,1.00255534,0.0,0,,112828.0,0.0,0.0,178
0,[],2,[],2019-01-20 23:28:34,0.0,0,0,6477001,2019-01-20 23:28:34,,0.0,0.0,0,,0.0,0.0,0.0,178
1,[],5,[],2019-07-06 02:08:50,0.0,0,0,7800832,2019-07-06 02:08:50,btc,0.0,6.904e-05,0,btc,0.0,0.0,0.0,179
0,[],22,[],2019-08-14 19:15:01,0.0,0,0,7896958,2019-08-14 19:15:01,,10.33298658,0.0,0,,14829644.231946677,0.0,0.0,179
0,[],23,[],2019-01-20 23:25:08,0.0,0,0,6476952,2019-01-20 23:25:08,,0.0,0.0,0,,0.0,0.0,0.0,179
1,[],22,[],2019-08-14 19:17:05,775878.18432282,0.00000051,0.000000000051975681,7896959,2019-08-14 19:17:05,BTC,2.96809302,0.0,0.00000051,"BTC,LTC",248481.59096771595,0.00320622,0.61555445,180
1,[],26,[],2019-08-14 19:17:05,0.0,0,0,7896960,2019-08-14 19:17:05,,0.0,0.0,0,,0.0,0.0,0.0,180
1,[],17,[],2019-05-03 01:13:56,20504.725000000002,0.0000001,0.00000000000548003,7559141,2019-05-03 01:13:56,btc,5.2010695838400265,0.0,0.0000001,btc,5033.45945,0.0,0.0011504725,180
,[],7,[],2018-11-20 22:58:01,562227.975654,0.00000085,0.000000000036176765,4862015,2018-11-20 22:58:01,btc,21836.6059674,2491.87645172,,btc,749999.041456,0.00211021,0.127565380455,183
,[],5,[],2019-01-10 08:11:41,0.0,0,0,6347036,2019-01-10 08:11:41,btc,82.15055501,0.00261,,btc,1.19002445,0.0,0.0,187
,[],17,[],2018-11-16 20:58:10,4062536.27273,0.00000001,0.000000000000550501,4708775,2018-11-16 20:58:10,btc,3.36492563466,0.195460381006,,"btc,eth",110697919.549,0.0,0.0157628953496,187
1,[],24,[],2019-05-22 21:04:52,0.0,0.000000000014,0.0000000000000010960978,7670219,2019-05-22 21:04:52,btc,0.0,0.0,0.000000000014,btc,0.0,0.0,0.0,187
0,[],23,[],2019-01-20 23:31:41,0.0,0,0,6477079,2019-01-20 23:31:41,,0.0,0.0,0,,0.0,0.0,0.0,199
0,[],22,[],2019-08-14 19:17:08,0.0,0,0,7896961,2019-08-14 19:17:08,,6.22011878,0.0,0,,40771826.0,0.0,0.0,199
1,[],26,[],2019-08-14 19:17:08,0.0,0,0,7896962,2019-08-14 19:17:08,,0.0,0.0,0,,0.0,0.0,0.0,199
1,[],4,[],2019-01-25 15:51:35,2084389.58565343,0.00000936,0.000000000333526752,6499557,2019-01-25 15:51:35,btc,2.0092503037378524,0.0,0.00000936,btc,160195.80207885,0.19272417,1.242687955921835,211
1,[],7,[],2019-07-01 02:21:28,1170054124.6898527,0.00000018,0.000000000019815389999999997,7782694,2019-07-01 02:21:28,btc,1346735.6331920293,0.0,0.00000018,btc,5516233.71348162,0.0,11.954344045954047,212
0,[],22,[],2019-08-14 00:55:08,0.0,0,0,7895047,2019-08-14 00:55:08,,9.54552254,0.0,0,,3658585.214064925,0.0,0.0,216
1,[],27,[],2019-08-12 16:37:52,320029.088,0.00000001,0.000000000001138437,7891783,2019-08-12 16:37:52,btc,176.0318120012664,0.0,0.00000001,"btc,ltc",485496.05456794,0.0,0.00320029088,216
1,[],22,[],2019-08-14 19:17:13,752978.5407239819,0.00000017,0.000000000017325227,7896963,2019-08-14 19:17:13,BTC,12055.78148603,0.0,0.00000017,BTC,496386.67681702506,0.00572645,0.05715458,217
0,[],22,[],2019-08-14 19:17:15,0.0,0,0,7896964,2019-08-14 19:17:15,,4.14997484,0.0,0,,126244.70709740352,0.0,0.0,221
1,[],24,[],2019-08-14 19:17:15,0.0,0.000000010000,0.0000000000010191309999999999,7896965,2019-08-14 19:17:15,btc,0.0,0.0,0.000000010000,btc,0.0,0.0,0.0,221
1,[],26,[],2019-08-14 19:17:16,0.0,0,0,7896966,2019-08-14 19:17:16,,0.0,0.0,0,,0.0,0.0,0.0,231
0.0000000001859265,[],27,[],2019-08-12 16:38:10,100.0,1.859265e-18,2.1166560688050002e-22,7891787,2019-08-12 16:38:10,eth,0.0,0.0,0.00000001,"btc,eth",0.0,0.0,1.8592649999999999e-16,234
1,[],26,[],2019-08-14 19:17:16,0.0,0,0,7896967,2019-08-14 19:17:16,,0.0,0.0,0,,0.0,0.0,0.0,234
1,[],5,[],2019-07-06 02:11:21,0.0,0,0,7800842,2019-07-06 02:11:21,btc,0.0,0.10652887,0,btc,0.0,0.0,0.0,237
1,[],20,[],2019-08-14 19:17:20,93965641.0179,0.00000004,0.0000000000040765239999999996,7896968,2019-08-14 19:17:20,btc,514.89078209196,1036947.0637,0.00000004,btc,30397135.0318,0.0431683467425,0.4845305618822,237
1,[],22,[],2019-08-14 19:17:23,1839335.0,0.00000001,0.0000000000010191309999999999,7896969,2019-08-14 19:17:23,BTC,1.20371953,0.0,0.00000001,"BTC,LTC",40634.04871794872,0.0,0.01839335,237
1,[],4,[],2019-08-14 00:55:22,27149205.05762596,0.00000006,0.000000000006499560000000001,7895053,2019-08-14 00:55:22,btc,2.3465938024647572,0.0,0.00000006,btc,15807142.16443314,0.10149135,0.508111430779608,238
1,[],5,[],2019-07-06 02:11:32,0.0,0,0,7800846,2019-07-06 02:11:32,btc,0.0,0.05525444,0,btc,0.0,0.0,0.0,238
0.0000000000932996,[],22,[],2019-07-27 07:06:26,419253.0,9.32996e-19,9.392106863560001e-23,7844096,2019-07-27 07:06:26,LTC,0.40427224,0.0,0.00000001,LTC,496363.0639027493,0.0,0.00419253,249
0,[],22,[],2019-08-14 19:17:25,0.0,0,0,7896970,2019-08-14 19:17:25,,13.4488406,0.0,0,,43819581.3426455,0.0,0.0,252
1,[],28,[],2019-08-14 19:17:34,1723980.713,0.00000007,0.000000000007133917,7896971,2019-08-14 19:17:34,btc,4.758342412831,770274.745,0.00000007,btc,2798309.0152,0.0,0.05723023849,256
0.0000000000916764,[],22,[],2019-07-23 20:12:22,1517.0,9.16764e-19,9.31930943616e-23,7830286,2019-07-23 20:12:22,LTC,31474.63788373,0.0,0.00000001,LTC,1024398.9185893413,0.0,1.517e-05,258
1,[],5,[],2019-07-02 14:44:15,0.0,0,0,7788374,2019-07-02 14:44:15,btc,0.0,0.02775788,0,btc,0.0,0.0,0.0,264
1,[],20,[],2019-08-14 19:17:36,971336.1088,0.000000191,0.0000000000194654021,7896972,2019-08-14 19:17:36,btc,0.5327909195914,5236.7234,0.000000191,btc,97386.0538,0.0012358667224,0.0058870499188,264
0,[],22,[],2019-08-14 19:17:38,0.0,0,0,7896973,2019-08-14 19:17:38,,33050469.74148113,0.0,0,,14261527780.7,0.0,0.0,272
0.0000000000000026940000000000004,[],28,[],2019-08-14 19:17:46,45222729969.7,5.9268e-22,6.0401856108e-26,7896974,2019-08-14 19:17:46,doge,142605144329368.72,2168407018.4729,0.00000022,doge,6530490680.935,0.0,1.6757001398795964e-11,272
1,[],22,[],2019-08-14 19:17:49,116878.40495049505,0.00000001,0.0000000000010191309999999999,7896975,2019-08-14 19:17:49,BTC,73.46700632,0.0,0.00000001,"BTC,LTC",1296579.0287135022,0.0003831400000413401,0.01079649,286
