pairValue,buyBook,exchangeId,sellBook,updated,buyTotal,satoshiPrice,usdPrice,exchangeLogId,created,bestPair,sellTotalBtc,volume,pairPrice,activePairs,sellTotal,volumeBtc,buyTotalBtc,coinId
1,[],3,[],2019-04-07 02:40:41,31414.81913848121,0.013339969999999999605844180905478424392640590667724609375,0.000000677585100192,7204041,2019-04-07 02:40:41,btc,60.1266217895964,0.0,0.013339969999999999605844180905478424392640590667724609375,btc,16.306574047766002,0.0,0.4556492415520834,1
1,[],4,[],2019-04-07 02:40:41,233859.13748052,0.01343194,0.000000682256587584,7204042,2019-04-07 02:40:41,btc,8.95281109260949,0.0,0.01343194,btc,323.68145219,1.2375901,1.8972369107423972,1
1,[],5,[],2019-04-07 02:40:44,0.0,0,0,7204043,2019-04-07 02:40:44,btc,0.0,0.08441612,0,btc,0.0,0.0,0.0,1
1,[],10,[],2019-04-07 02:40:47,422044.26628071,0.00994377,0.000000505079875872,7204044,2019-04-07 02:40:47,btc,6522.269482134272,1261.47068947,0.00994377,btc,1180.94082974,0.0,4.434262787467234,1
1,[],12,[],2019-04-07 02:40:50,59.58825541,0.01339000000000000085986773257218374055810272693634033203125,0.000000680126304,7204045,2019-04-07 02:40:50,btc,0.4027149717332,0.0,0.01339000000000000085986773257218374055810272693634033203125,btc,21.54033024,0.6696037193219,0.264668178334,1
1,[],20,[],2019-04-07 02:40:52,1188.0336,0.01322002,0.000000671492407872,7204046,2019-04-07 02:40:52,btc,0.0310524529545,5.9492,0.01322002,btc,1.7055,0.0931820198264,0.1722678350435,1
1,[],21,[],2019-04-07 02:40:53,2267.2423252,0.01342244000000000075933925814,0.000000681774048384,7204047,2019-04-07 02:40:53,btc,19.561378745225674,3220.5151335699998,0.013422440000000000759339258138425066135823726654052734375,"btc,eth",1904.69833083,41.833109146596286,22.35416268439726,1
1,[],22,[],2019-04-07 02:40:56,0.07690488253968254,0.01260000,0.00000063999936,7204048,2019-04-07 02:40:56,BTC,0.31439419,0.0,0.01260000,BTC,0.12751438772928525,0.0,0.0009684,1
1,[],24,[],2019-04-07 02:40:56,0.0,0.000000000000,0,7204049,2019-04-07 02:40:56,btc,0.0,0.0,0.000000000000,btc,0.0,0.0,0.0,1
0.0,[],25,[],2019-04-07 02:40:57,0.0,0,0,7204050,2019-04-07 02:40:57,btc,18.449999998840877,1615.84918904,0.0,btc,1338.22373471,21.9111,0.0,1
0,[],2,[],2019-01-20 23:28:45,0.0,0,0,6477011,2019-01-20 23:28:45,,0.0,0.0,0,,0.0,0.0,0.0,1
1,[],26,[],2019-04-07 02:40:58,0.0,0,0,7204051,2019-04-07 02:40:58,,0.0,0.0,0,,0.0,0.0,0.0,1
1,[],28,[],2019-04-07 02:41:00,988.9,0.01300200,0.0000006604183872,7204052,2019-04-07 02:41:00,btc,0.158971879,18040.32,0.01300200,btc,8.7032,0.0,0.037553096,1
1,[],5,[],2019-04-07 02:41:01,0.0,0,0,7204053,2019-04-07 02:41:01,btc,0.0,0.13335948,0,btc,0.0,0.0,0.0,2
0.00000000013403200000000002,[],22,[],2019-04-07 02:41:04,1148.0,1.474352e-16,7.48876457472e-21,7204054,2019-04-07 02:41:04,XMR,21.02425527,0.0,0.00000110,XMR,24942.398537272726,0.0,0.00087635,2
1,[],5,[],2019-04-07 02:41:05,0.0,0,0,7204055,2019-04-07 02:41:05,btc,0.0,0.06468297,0,btc,0.0,0.0,0.0,3
1,[],12,[],2019-04-07 02:41:07,2503014.91128377,0.00000019,0.000000000009650784,7204056,2019-04-07 02:41:07,btc,23498.978185023316,0.0,0.00000019,btc,2379945.48796179,0.03626995629561926,0.3157025547788163,3
0,[],28,[],2019-04-07 02:41:08,0.0,0,0,7204057,2019-04-07 02:41:08,,0.0,0.0,0,,0.0,0.0,0.0,3
0,[],2,[],2019-01-20 23:31:32,0.0,0,0,6477077,2019-01-20 23:31:32,,0.0,0.0,0,,0.0,0.0,0.0,4
1,[],4,[],2019-03-31 15:22:41,353217.65794564,0.00000029,0.000000000011904674,7122029,2019-03-31 15:22:41,btc,32.078041210795526,0.0,0.00000029,btc,733585.73137669,0.0,0.0341999475799974,4
1,[],12,[],2019-04-07 02:41:10,802028.0,0.00000001,0.000000000000507936,7204058,2019-04-07 02:41:10,btc,1111896.6064659702,0.0,0.00000001,btc,1521428.00798202,0.0,0.00802028,5
0,[],2,[],2019-01-20 23:31:51,0.0,0,0,6477087,2019-01-20 23:31:51,,0.0,0.0,0,,0.0,0.0,0.0,6
1,[],11,[],2019-04-07 02:41:11,5267153.66422,0.00000002,0.000000000001015872,7204059,2019-04-07 02:41:11,btc,9584.207934805281,283700.0,0.00000002,btc,42990533.14863166,0.0,0.0586245366422,6
1,[],3,[],2019-04-07 02:41:12,1123.70869019572,0.00015634000000000001086124246096886736268061213195323944091796875,0.000000007941071424,7204060,2019-04-07 02:41:12,btc,2.6918479770334294,0.0,0.00015634000000000001086124246096886736268061213195323944091796875,btc,298.919206426181,0.0,0.03455797001033985,7
1,[],4,[],2019-04-07 02:41:13,77031.79356962,0.00021311,0.000000010824624096,7204061,2019-04-07 02:41:13,btc,11.420159385460781,0.0,0.00021311,btc,39001.36954019,3.94341253,5.615718429448276,7
1,[],5,[],2019-04-07 02:41:14,0.0,0,0,7204062,2019-04-07 02:41:14,btc,0.0,0.11259878,0,btc,0.0,0.0,0.0,7
1,[],20,[],2019-04-04 05:40:47,4271533.0066,0.000000001,0.000000000000049976400000000003,7169322,2019-04-04 05:40:47,btc,30.6354288730721,0.0,0.000000001,btc,17991077.4875,0.0,0.0042715330066,8
0,[],2,[],2019-01-20 23:22:42,0.0,0,0,6476876,2019-01-20 23:22:42,,0.0,0.0,0,,0.0,0.0,0.0,9
0,[],23,[],2019-01-20 23:22:48,0.0,0,0,6476878,2019-01-20 23:22:48,,0.0,0.0,0,,0.0,0.0,0.0,9
1,[],1,[],2019-02-17 23:31:42,1822507.21,0.00000181000000000000003456111265232042484285557293333113193511962890625,0.000000000066086901,6701244,2019-02-17 23:31:42,btc,3.6990969245,17153386.5,0.00000181000000000000003456111265232042484285557293333113193511962890625,btc,1997391.71,31.11772986,3.2610482446,9
1,[],4,[],2019-04-07 02:41:15,1330709.28330208,0.00000119,0.000000000060444384,7204063,2019-04-07 02:41:15,btc,4.203242222083235,0.0,0.00000119,btc,2468649.20496613,1.35835937,0.970322350792071,9
1,[],28,[],2019-04-07 02:41:17,18305.0,0.0000005,0.0000000000253968,7204064,2019-04-07 02:41:17,btc,2708.782593555347,3616075.137,0.0000005,btc,25383.8518,0.0,0.00198655,9
1,[],4,[],2019-02-17 11:22:43,4341674.27126056,0.00000002,0.0000000000007272960000000001,6696112,2019-02-17 11:22:43,btc,0.1997230937751353,0.0,0.00000002,btc,4109766.79808031,0.00215132,0.0479381022052112,10
0,[],2,[],2019-01-20 23:23:08,0.0,0,0,6476890,2019-01-20 23:23:08,,0.0,0.0,0,,0.0,0.0,0.0,12
1,[],4,[],2019-04-07 02:41:18,3895125.94884324,0.00000130,0.00000000006603167999999999,7204065,2019-04-07 02:41:18,btc,6.755051033810254,0.0,0.00000130,btc,3674393.9605044,2.111436,2.284495563119904,12
1,[],5,[],2019-04-07 02:41:19,0.0,0,0,7204066,2019-04-07 02:41:19,btc,0.0,0.0364369,0,btc,0.0,0.0,0.0,12
0.0,[],25,[],2019-04-07 02:41:21,0.0,0,0,7204067,2019-04-07 02:41:21,,0.0,0.0,0.0,btc,0.0,0.0,0.0,12
1,[],4,[],2019-04-07 02:41:22,32109041.41527142,0.00000945,0.00000000047999952,7204068,2019-04-07 02:41:22,btc,3.4399281503039667,0.0,0.00000945,btc,256329.5434284,1.72985365,1.8939190803372306,13
1,[],10,[],2019-04-07 02:41:24,563398.40652114,0.00000901,0.000000000457650336,7204069,2019-04-07 02:41:24,btc,666790.15022641,8163.89907641,0.00000901,btc,611324.88164399,0.0,1.2361807634960114,13
1,[],21,[],2019-04-07 02:41:26,925160.51563956,0.000009340000000000000360852840664,0.000000000474412224,7204070,2019-04-07 02:41:26,btc,4.967954346019172,1979365.0537591,0.000009340000000000000360852840664005469761832500807940959930419921875,btc,470017.32203566,19.13991598,7.693779051734564,13
1,[],4,[],2019-04-07 02:41:27,1818431.38314634,0.00000113,0.000000000057396768,7204071,2019-04-07 02:41:27,btc,6.216003327871396,0.0,0.00000113,btc,948222.23029854,0.00306943,0.2365235478828141,14
1,[],12,[],2019-04-07 02:41:28,313643.68315807,0.000001,0.0000000000507936,7204072,2019-04-07 02:41:28,btc,0.157557305974,0.0,0.000001,btc,11104.003996,0.000605804195807,0.040948989999958704,14
0,[],17,[],2019-04-07 02:41:30,0.0,0,0,7204073,2019-04-07 02:41:30,btc,0.0,0.0,0,btc,0.0,0.0,0.0,14
1,[],26,[],2019-04-07 02:41:30,0.0,0.00000050,0.0000000000253968,7204074,2019-04-07 02:41:30,btc,0.0,0.0,0.00000050,btc,0.0,0.0,0.0,14
,[],12,[],2018-12-01 15:15:48,204241.84496,0.00000489,0.000000000202473384,5260204,2018-12-01 15:15:48,btc,49.5475654835,0.0,,btc,35763.2193806,0.0163153972027625,0.0203389899998,15
0,[],4,[],2019-04-07 02:41:31,0.0,0,0,7204075,2019-04-07 02:41:31,,0.0,0.0,0,,0.0,0.0,0.0,15
0,[],2,[],2019-01-20 23:23:38,0.0,0,0,6476906,2019-01-20 23:23:38,,0.0,0.0,0,,0.0,0.0,0.0,18
1,[],4,[],2019-04-07 02:41:33,26405.72804039,0.00001559,0.0000000007918722239999999,7204076,2019-04-07 02:41:33,btc,1.0329588703775288,0.0,0.00001559,btc,14849.51754483,0.02211574,0.0780040020087057,18
1,[],10,[],2019-04-07 02:41:35,480024.26096516,0.00001593,0.000000000809142048,7204077,2019-04-07 02:41:35,btc,15.393436430134724,13099.3239399,0.00001593,btc,13811.11811665,0.0,0.0689616113761407,18
1,[],12,[],2019-04-07 02:41:36,315380.82864511,0.00001554000000000000029204937079807535837971954606473445892333984375,0.000000000789332544,7204078,2019-04-07 02:41:36,btc,33874.336579790186,0.0,0.00001554000000000000029204937079807535837971954606473445892333984375,btc,966.76546281,0.0035702172115665,0.0334620261359491,18
0,[],17,[],2019-04-07 02:41:38,0.0,0,0,7204079,2019-04-07 02:41:38,btc,0.0,0.0,0,btc,0.0,0.0,0.0,18
0,[],2,[],2019-01-20 23:24:19,0.0,0,0,6476924,2019-01-20 23:24:19,,0.0,0.0,0,,0.0,0.0,0.0,19
1,[],3,[],2019-04-07 02:41:39,125020.4430240688,0.0000302199999999999986536637630596402459559612907469272613525390625,0.0000000015349825919999998,7204080,2019-04-07 02:41:39,btc,0.3780834688190529,3481.2873386,0.0000302199999999999986536637630596402459559612907469272613525390625,btc,6358.980752580733,0.0,0.22563327975500566,19
1,[],4,[],2019-04-07 02:41:40,284951.29543054,0.00003652,0.000000001854982272,7204081,2019-04-07 02:41:40,btc,9.18179547302786,0.0,0.00003652,btc,163310.26599914,2.85439608,4.39812731922786,19
1,[],5,[],2019-04-07 02:41:41,0.0,0,0,7204082,2019-04-07 02:41:41,btc,0.0,4.081e-05,0,btc,0.0,0.0,0.0,19
1,[],12,[],2019-04-07 02:41:42,184543.28260053,0.0000350300000000000017288427633932457183618680573999881744384765625,0.000000001779299808,7204083,2019-04-07 02:41:42,btc,0.0938421404755724,0.0,0.0000350300000000000017288427633932457183618680573999881744384765625,btc,480.33985297,0.00059381,0.0933292069847032,19
0,[],27,[],2019-04-07 02:42:16,0.0,0,0,7204084,2019-04-07 02:42:16,,0.0,0.0,0,,0.0,0.0,0.0,19
1,[],4,[],2019-04-07 02:42:17,1423114.09920322,0.00000011,0.000000000005587296,7204085,2019-04-07 02:42:17,btc,6.074298577343329,0.0,0.00000011,btc,2365861.04881084,0.0,0.0461847363435042,20
1,[],4,[],2019-04-07 02:42:19,88962632.71545188,0.00000001,0.000000000000507936,7204086,2019-04-07 02:42:19,btc,51.15012427083107,0.0,0.00000001,btc,63900683.55856905,0.0007338,0.8896263271545188,21
1,[],12,[],2019-04-07 02:42:20,10305683.0,0.00000001,0.000000000000507936,7204087,2019-04-07 02:42:20,btc,2904.544392588981,0.0,0.00000001,btc,5075011.70629371,0.00174333,0.10305683,21
0,[],17,[],2019-04-07 02:42:22,0.0,0,0,7204088,2019-04-07 02:42:22,btc,0.0,0.0,0,btc,0.0,0.0,0.0,21
1,[],12,[],2019-04-07 02:42:23,3690811050.0,0.0000000002,0.00000000000001015872,7204089,2019-04-07 02:42:23,btc,317475322038.38153,0.0,0.0000000002,btc,2208307040.8411593,0.024935965281118955,0.4700473773,23
0,[],27,[],2019-04-07 02:42:23,0.0,0,0,7204090,2019-04-07 02:42:23,,0.0,0.0,0,,0.0,0.0,0.0,23
1,[],4,[],2019-04-07 02:42:25,450274.64022905,0.00000042,0.000000000021333311999999998,7204091,2019-04-07 02:42:25,btc,13.483823739708225,0.0,0.00000042,btc,2093518.66720054,0.0175389,0.1288930526330734,24
1,[],22,[],2019-04-07 02:42:27,11.76,0.00000100,0.0000000000507936,7204092,2019-04-07 02:42:27,BTC,7.415e-05,0.0,0.00000100,BTC,23.919354838709676,0.0,1.176e-05,24
0.0,[],25,[],2019-04-07 02:42:29,0.0,0,0,7204093,2019-04-07 02:42:29,,0.0,0.0,0.0,btc,0.0,0.0,0.0,24
0,[],2,[],2019-01-20 23:25:56,0.0,0,0,6476976,2019-01-20 23:25:56,,0.0,0.0,0,,0.0,0.0,0.0,26
1,[],4,[],2019-04-07 02:42:30,26747505.60591701,0.00000780,0.00000000039619008,7204094,2019-04-07 02:42:30,btc,173.13690754711848,0.0,0.00000780,btc,267132.32348857,0.73989383,0.7755321156095974,26
1,[],10,[],2019-04-07 02:42:32,93397.15875447,0.00000685,0.00000000034793615999999994,7204095,2019-04-07 02:42:32,btc,25.56374977125211,3600.5867689,0.00000685,btc,21473.38545501,0.0,0.1211815320646743,26
1,[],3,[],2019-04-07 02:42:33,5331321.13394161,0.00000001,0.000000000000507936,7204096,2019-04-07 02:42:33,btc,1.8643703637883724,518833.221548,0.00000001,btc,14392388.52415373,0.0,0.053313211339416106,27
1,[],5,[],2019-04-07 02:42:35,0.0,0,0,7204097,2019-04-07 02:42:35,btc,0.0,0.01183749,0,btc,0.0,0.0,0.0,27
1,[],11,[],2019-04-07 02:42:36,7149165.91256781,0.00000006,0.0000000000030476159999999996,7204098,2019-04-07 02:42:36,btc,67502.97299864117,1198400.0,0.00000006,btc,6586383.7503637,0.0,0.38816616491802247,27
1,[],4,[],2019-04-07 02:42:38,1795137522.3328063,0.00000003,0.000000000001523808,7204099,2019-04-07 02:42:38,btc,5.088533976489507,0.0,0.00000003,"btc,ltc",398395440.23655087,0.72874166,17.96051291233343,29
1,[],7,[],2019-04-07 02:43:02,41868984.83091861,0.00000003,0.0000000000015238079999999998,7204100,2019-04-07 02:43:02,btc,44884768.16616504,214901.347729,0.00000003,btc,29642331.0892094,0.00861624,0.5578138736086018,29
1,[],4,[],2019-04-07 02:43:03,2395565.08831432,0.00000016,0.000000000008126976,7204101,2019-04-07 02:43:03,btc,3.281124649779396,0.0,0.00000016,btc,2709867.58131995,0.00791176,0.0927516524546331,30
0,[],17,[],2019-04-07 02:43:05,0.0,0,0,7204102,2019-04-07 02:43:05,btc,0.0,0.0,0,btc,0.0,0.0,0.0,30
1,[],4,[],2019-04-07 02:43:08,170961.86463976,0.00011201,0.000000005689391136,7204103,2019-04-07 02:43:08,btc,9.855001001862426,0.0,0.00011201,btc,51172.39821636,8.53798894,3.2175050237175893,31
1,[],21,[],2019-04-07 02:43:08,86469.45111072,0.0001132599999999999964206062741,0.000000005752883136,7204104,2019-04-07 02:43:08,btc,4.9873086715577415,3056906.95491084,0.000113259999999999996420606274138975777532323263585567474365234375,btc,40399.96368614,318.15367781,9.125411929649724,31
0,[],2,[],2019-01-20 23:28:43,0.0,0,0,6477009,2019-01-20 23:28:43,,0.0,0.0,0,,0.0,0.0,0.0,32
0,[],4,[],2019-04-07 02:43:10,0.0,0,0,7204105,2019-04-07 02:43:10,,0.0,0.0,0,,0.0,0.0,0.0,33
1,[],12,[],2019-03-30 07:55:10,40641173.964,0.00000003,0.000000000001228359,7108785,2019-03-30 07:55:10,btc,4233210.82356125,0.0,0.00000003,btc,28378394.68333462,0.0126927883965248,0.90752895892,33
1,[],4,[],2019-04-07 02:43:12,1853462.50872552,0.00000001,0.000000000000507936,7204106,2019-04-07 02:43:12,btc,4.309016327877457,0.0,0.00000001,btc,157766932.20679027,0.08597181,0.0185346250872552,34
1,[],5,[],2019-04-07 02:43:13,0.0,0,0,7204107,2019-04-07 02:43:13,btc,0.0,0.0011475,0,btc,0.0,0.0,0.0,34
0.0000000001818833,[],4,[],2019-04-07 02:43:14,3074216902.22278,1.818833e-18,9.238507586879999e-23,7204108,2019-04-07 02:43:14,ltc,6.00185943754965e-08,0.0,0.00000001,ltc,6526539205.278749,0.0,5.591487150920566e-09,36
1,[],5,[],2019-04-07 02:43:17,0.0,0,0,7204109,2019-04-07 02:43:17,btc,0.0,0.0,0,btc,0.0,0.0,0.0,36
0,[],17,[],2019-04-07 02:43:19,0.0,0,0,7204110,2019-04-07 02:43:19,btc,0.04377468782919499,0.0,0,btc,1018272.20243647,0.0,0.0,36
0,[],27,[],2019-04-07 02:29:53,0.0,0,0,7203923,2019-04-07 02:29:53,,0.0,0.0,0,,0.0,0.0,0.0,36
1,[],4,[],2019-04-07 02:29:53,938100.66031516,0.00000038,0.000000000019225568,7203924,2019-04-07 02:29:53,btc,19775.088232217524,0.0,0.00000038,btc,781821.2068959,0.02100473,0.0908786762103152,37
1,[],12,[],2019-04-07 02:29:55,673984.45557676,0.0000004,0.000000000020237439999999998,7203925,2019-04-07 02:29:55,btc,18.616474943090648,0.0,0.0000004,btc,453710.68276275997,0.0804317296582748,0.197664020913684,37
1,[],17,[],2019-04-07 02:29:57,1752.74075282,0.00000025,0.000000000012648399999999998,7203926,2019-04-07 02:29:57,btc,0.05548492397534721,0.0,0.00000025,btc,1387.19918473,0.0,0.00043818518820499993,37
0,[],27,[],2019-04-07 02:29:58,0.0,0,0,7203927,2019-04-07 02:29:58,,0.0,0.0,0,,0.0,0.0,0.0,37
1,[],5,[],2019-04-07 02:29:59,0.0,0,0,7203928,2019-04-07 02:29:59,btc,0.0,0.00375928,0,btc,0.0,0.0,0.0,42
1,[],12,[],2019-04-07 02:30:01,207286.68204873,0.00000081,0.000000000040980815999999996,7203929,2019-04-07 02:30:01,btc,10.205676386744834,0.0,0.00000081,btc,43160.90522738,0.006369758705197,0.016749187081332998,42
0,[],27,[],2019-04-07 02:30:01,0.0,0,0,7203930,2019-04-07 02:30:01,,0.0,0.0,0,,0.0,0.0,0.0,42
1,[],5,[],2019-04-03 07:21:02,0.0,0,0,7159930,2019-04-03 07:21:02,btc,0.0,0.00286478,0,btc,0.0,0.0,0.0,43
0,[],17,[],2019-04-03 07:21:05,0.0,0,0,7159931,2019-04-03 07:21:05,btc,0.0,0.0,0,btc,0.0,0.0,0.0,43
1,[],12,[],2019-03-13 09:13:29,1112112.0,0.00000001,0.000000000000386531,6919902,2019-03-13 09:13:29,btc,29058.00478931866,0.0,0.00000001,btc,5967681.93306694,9.99000999e-07,0.01112112,43
1,[],12,[],2019-03-05 01:54:08,639326.02,0.00000004,0.000000000001486676,6845775,2019-03-05 01:54:08,btc,11116042.728239931,0.0,0.00000004,btc,1103841.4595604,0.0003330765234764,0.014975410599999999,44
1,[],4,[],2019-04-07 02:30:02,123345539.57486273,0.00000001,0.000000000000505936,7203931,2019-04-07 02:30:02,btc,481.1373408483999,0.0,0.00000001,"btc,ltc",18140449.34363179,0.00245604,0.18886934034540534,49
0.00000000018180060000000002,[],4,[],2019-04-07 02:30:03,1580318987.638,1.818006e-18,9.197946836160001e-23,7203932,2019-04-07 02:30:03,ltc,24.562089007081084,0.0,0.00000001,ltc,7123257901.85841,0.0,2.87302940143981e-09,52
0,[],22,[],2019-04-07 02:30:05,0.0,0,0,7203933,2019-04-07 02:30:05,,10308.14341489,0.0,0,,314384460.4566013,0.0,0.0,57
0,[],27,[],2019-04-07 02:30:06,0.0,0,0,7203934,2019-04-07 02:30:06,,0.0,0.0,0,,0.0,0.0,0.0,57
0.00000000018180060000000002,[],4,[],2019-04-07 02:30:08,1195855164.3009994,1.818006e-18,9.197946836160001e-23,7203935,2019-04-07 02:30:08,ltc,18.62766998099913,0.0,0.00000001,ltc,4728297148.11432,0.0,2.174071863830203e-09,58
1,[],12,[],2019-04-07 02:30:10,797964341.0,0.0000000002,0.00000000000001011872,7203936,2019-04-07 02:30:10,btc,8621351.844169939,0.0,0.0000000002,btc,1888890902.3624735,0.004302380806793207,0.1420192948,58
0,[],17,[],2019-04-07 02:30:12,0.0,0,0,7203937,2019-04-07 02:30:12,btc,1e+24,0.0,0,btc,49306342.21952568,0.0,0.0,58
0.0000000001345918,[],22,[],2019-04-07 02:30:15,137438.0,1.345918e-18,6.809483692479999e-23,7203938,2019-04-07 02:30:15,XMR,69.1795942,0.0,0.00000001,XMR,9887963.0,0.0,0.00137438,58
1,[],5,[],2019-04-07 02:30:17,0.0,0,0,7203939,2019-04-07 02:30:17,btc,0.0,0.05512172,0,btc,0.0,0.0,0.0,61
1,[],22,[],2019-04-07 02:30:20,63542.833333333336,0.00000013,0.000000000006577168,7203940,2019-04-07 02:30:20,BTC,1002.29602762,0.0,0.00000013,BTC,15234.52361146909,9.23e-06,0.00802346,61
1,[],26,[],2019-04-07 02:30:20,0.0,0.00000800,0.0000000004047488,7203941,2019-04-07 02:30:20,btc,0.0,0.0,0.00000800,btc,0.0,0.0,0.0,61
0,[],27,[],2019-04-07 02:30:39,0.0,0,0,7203942,2019-04-07 02:30:39,,0.0,0.0,0,,0.0,0.0,0.0,61
1,[],28,[],2019-04-07 02:30:46,1880.304,0.00000022,0.000000000011130591999999999,7203943,2019-04-07 02:30:46,btc,2.071633822092105,656.0,0.00000022,btc,26999.49520005,0.0,0.00016391304,61
1,[],4,[],2019-04-07 02:30:47,1638723.34865355,0.00000195,0.00000000009865752,7203944,2019-04-07 02:30:47,btc,9.553982965095075,0.0,0.00000195,btc,909085.07702781,0.19562778,1.2951888209728688,67
0.0,[],25,[],2019-04-07 02:30:49,0.0,0,0,7203945,2019-04-07 02:30:49,,0.0,0.0,0.0,btc,0.0,0.0,0.0,67
1,[],12,[],2019-04-07 02:30:51,1046186.50183147,0.00000027,0.000000000013660272,7203946,2019-04-07 02:30:51,btc,56667922.008991316,0.0,0.00000027,btc,1222814.77986859,0.0011236980619373,0.06872626999999219,71
,[],5,[],2018-11-20 23:02:39,1.5e-07,0.00000005,0.000000000002128045,4862160,2018-11-20 23:02:39,btc,2.84511358,0.0,,btc,0.00036572,0.0,0.07381892,74
1,[],5,[],2019-04-07 02:30:52,0.0,0,0,7203947,2019-04-07 02:30:52,btc,0.0,0.03785342,0,btc,0.0,0.0,0.0,75
1,[],4,[],2019-04-07 02:30:53,3278481.00028221,0.00000001,0.000000000000505936,7203948,2019-04-07 02:30:53,btc,133686.16486862945,0.0,0.00000001,btc,35702004.26498174,0.04249948,0.0327848100028221,81
0,[],20,[],2019-01-25 09:30:31,0.0,0,0,6495923,2019-01-25 09:30:31,btc,0.0,0.0,0,btc,0.0,0.0,0.0,81
1,[],4,[],2019-04-07 02:30:55,19129.05287544,0.00007793,0.000000003942759248,7203949,2019-04-07 02:30:55,btc,17.785392081367004,0.0,0.00007793,btc,13046.14158662,0.27367274,0.3025431308077021,82
1,[],21,[],2019-04-07 02:30:55,755281.48973575,0.00007525999999999999432852976211,0.000000003807674335999999,7203950,2019-04-07 02:30:55,btc,3.920214003772333,21435.83013232,0.000075259999999999994328529762110946421671542339026927947998046875,btc,46263.68600177,1.63110847,2.889362890570256,82
0,[],17,[],2019-03-25 22:42:34,0.0,0,0,7038780,2019-03-25 22:42:34,btc,0.0445064681804024,0.0,0,btc,995513.18476001,0.0,0.0,84
0.00000000018180060000000002,[],4,[],2019-04-07 02:30:56,248128933.6102013,1.818006e-18,9.197946836160001e-23,7203951,2019-04-07 02:30:56,ltc,1.6830012049015013,0.0,0.00000001,ltc,449808063.2105059,0.0,4.5109989007694765e-10,85
,[],22,[],2018-11-20 23:09:34,3408.1,0.0000001,0.0000000000041895,4862324,2018-11-20 23:09:34,BTC,0.04624735,0.0,,BTC,4990.0,0.0,0.00033081,86
1,[],22,[],2019-04-07 02:31:00,107643.2,0.00000005,0.0000000000025296799999999998,7203952,2019-04-07 02:31:00,BTC,3.66195928,0.0,0.00000005,BTC,224414.04041017056,0.0,0.00154216,87
0,[],27,[],2019-04-07 02:31:30,0.0,0,0,7203953,2019-04-07 02:31:30,,0.0,0.0,0,,0.0,0.0,0.0,87
,[],2,[],2018-11-20 23:10:47,0.0,0,0,4862359,2018-11-20 23:10:47,,0.0,0.0,,,0.0,0.0,0.0,88
1,[],11,[],2019-04-07 02:31:32,89551.89259874,0.000140060000000000010877965195277283783070743083953857421875,0.000000007086139616,7203954,2019-04-07 02:31:32,btc,529.4452435940314,1899.65128715,0.000140060000000000010877965195277283783070743083953857421875,btc,102167.63994005,0.0,5.7961108844715845,89
0,[],2,[],2019-01-20 23:31:45,0.0,0,0,6477083,2019-01-20 23:31:45,,0.0,0.0,0,,0.0,0.0,0.0,91
1,[],12,[],2019-04-07 02:31:33,325045.25417021,0.00000076,0.000000000038451136,7203955,2019-04-07 02:31:33,btc,83.15948201355884,0.0,0.00000076,btc,101870.00525012,0.0008854140275576,0.0447020143631517,91
0,[],17,[],2019-04-07 02:31:35,0.0,0,0,7203956,2019-04-07 02:31:35,btc,0.0,0.0,0,btc,0.0,0.0,0.0,91
1,[],22,[],2019-04-07 02:31:38,65900.0,0.00000001,0.000000000000505936,7203957,2019-04-07 02:31:38,BTC,3e-06,0.0,0.00000001,BTC,1.0,0.0,0.000659,91
0,[],22,[],2019-03-21 12:10:46,0.0,0,0,6996572,2019-03-21 12:10:46,,4.56897116,0.0,0,,46768900.1,0.0,0.0,95
0.00000000018180060000000002,[],4,[],2019-04-07 02:31:39,543826553.6244758,2.9088096e-17,1.4716714937856001e-21,7203958,2019-04-07 02:31:39,ltc,11.963949910101833,0.0,0.00000016,ltc,142163153.7578207,0.0,1.4211113338258967e-09,96
0,[],12,[],2019-04-07 02:31:40,0.0,0,0,7203959,2019-04-07 02:31:40,btc,50.500400327372624,0.0,0,btc,5061011.7372627,0.0,0.0,96
0,[],17,[],2019-04-07 02:31:42,0.0,0,0,7203960,2019-04-07 02:31:42,btc,0.0,0.0,0,btc,0.0,0.0,0.0,96
1,[],4,[],2019-04-03 20:04:38,1523570.8786377,0.00000040,0.00000000002042612,7166515,2019-04-03 20:04:38,btc,4.6810255304234305,0.0,0.00000040,btc,3209413.55187158,0.19593752,0.1820333463725714,99
0,[],2,[],2019-01-20 23:23:55,0.0,0,0,6476914,2019-01-20 23:23:55,,0.0,0.0,0,,0.0,0.0,0.0,100
1,[],4,[],2019-04-07 02:31:43,348172.2039408,0.00004498,0.000000002275700128,7203961,2019-04-07 02:31:43,btc,11.261022241186952,0.0,0.00004498,btc,162995.39706444,0.96155922,3.754376382713523,100
1,[],22,[],2019-04-07 02:31:46,120000.0,0.00000002,0.000000000001011872,7203962,2019-04-07 02:31:46,BTC,24.82891609,0.0,0.00000002,BTC,11877.22,0.0,0.0014,101
1,[],4,[],2019-04-07 02:31:48,392439.19117973,0.00000087,0.000000000044016431999999996,7203963,2019-04-07 02:31:48,btc,285.90281309818323,0.0,0.00000087,btc,654322.82606274,0.0134792,0.215618745072635,103
1,[],12,[],2019-04-07 02:31:49,38190002.0,0.000000007,0.0000000000003541552,7203964,2019-04-07 02:31:49,btc,468419473.4585534,0.0,0.000000007,btc,90495926.65239029,0.00444413803846216,0.075190217,105
0,[],27,[],2019-04-07 02:31:53,0.0,0,0,7203965,2019-04-07 02:31:53,,0.0,0.0,0,,0.0,0.0,0.0,105
1,[],22,[],2019-04-01 17:44:48,9328.0,0.00000001,0.00000000000041453500000000006,7138290,2019-04-01 17:44:48,BTC,51.38182867,0.0,0.00000001,BTC,470435.0,0.00050637,9.328e-05,107
1,[],26,[],2019-04-01 17:44:48,0.0,0.00000000,0,7138291,2019-04-01 17:44:48,btc,0.0,0.0,0.00000000,btc,0.0,0.0,0.0,107
1,[],5,[],2019-04-07 02:31:54,0.0,0,0,7203966,2019-04-07 02:31:54,btc,0.0,0.00382181,0,btc,0.0,0.0,0.0,112
0,[],22,[],2019-04-07 02:31:57,0.0,0,0,7203967,2019-04-07 02:31:57,,2.78752585,0.0,0,,1029384.0833333334,0.0,0.0,112
0,[],27,[],2019-04-07 02:31:57,0.0,0,0,7203968,2019-04-07 02:31:57,,0.0,0.0,0,,0.0,0.0,0.0,112
1,[],4,[],2019-04-07 02:31:57,298977.48715094,0.00000169,0.00000000008550318399999999,7203969,2019-04-07 02:31:57,btc,3.960960912097108,0.0,0.00000169,btc,483942.39190462,0.03322014,0.3477527652415998,113
1,[],5,[],2019-04-07 02:31:59,0.0,0,0,7203970,2019-04-07 02:31:59,btc,0.0,2.86e-05,0,btc,0.0,0.0,0.0,113
1,[],17,[],2019-04-07 02:32:01,152738.278,0.00000004,0.000000000002023744,7203971,2019-04-07 02:32:01,btc,1.3368030274413591,0.0,0.00000004,btc,51896.221,0.0,0.0022095311199999998,116
0,[],27,[],2019-04-07 02:32:07,0.0,0,0,7203972,2019-04-07 02:32:07,,0.0,0.0,0,,0.0,0.0,0.0,116
1,[],4,[],2019-04-07 02:32:08,63189522.13700979,0.00001273,0.000000000644056528,7203973,2019-04-07 02:32:08,btc,117.95218601987888,0.0,0.00001273,btc,226876.49565492,0.01860491,7.200933851103719,120
1,[],7,[],2019-04-07 02:32:11,9460.95756244,0.000013010000000000000798289385983697030724215437658131122589111328125,0.0000000006582227360000001,7203974,2019-04-07 02:32:11,btc,231205.5473983806,52.20543897,0.000013010000000000000798289385983697030724215437658131122589111328125,btc,30503.76137549,0.0007003,0.0165088294498534,120
1,[],20,[],2019-04-07 02:32:14,1938976.28,0.000000035,0.000000000001770776,7203975,2019-04-07 02:32:14,btc,32.2497668025648,0.0,0.000000035,btc,1001975.4986,0.0,0.0161458672221,125
0,[],22,[],2019-04-07 02:32:16,0.0,0,0,7203976,2019-04-07 02:32:16,,0.01444887,0.0,0,,296263.5111111111,0.0,0.0,126
1,[],4,[],2019-04-07 02:32:17,3244527.97626284,0.00001020,0.00000000051605472,7203977,2019-04-07 02:32:17,btc,4.151591184387063,0.0,0.00001020,btc,168626.91132081,0.25574944,0.5751470793577576,131
0,[],17,[],2019-04-07 02:32:18,0.0,0,0,7203978,2019-04-07 02:32:18,btc,0.0953976503951408,0.0,0,btc,5037.62507334,0.0,0.0,131
0,[],2,[],2019-01-20 23:25:46,0.0,0,0,6476969,2019-01-20 23:25:46,,0.0,0.0,0,,0.0,0.0,0.0,131
1,[],4,[],2019-04-07 02:32:19,4737.37583712,0.00011168,0.000000005650293248,7203979,2019-04-07 02:32:19,btc,9.98370224847332,0.0,0.00011168,btc,242.95868326,0.0,0.0113709661887049,135
1,[],3,[],2019-03-07 00:20:44,877702.73244099,0.00000004,0.00000000000154846,6863392,2019-03-07 00:20:44,btc,0.119366241821405,0.0,0.00000004,btc,760637.99421222,0.0,0.023771231960604298,136
1,[],4,[],2019-04-07 02:32:20,2316686.01422244,0.00000100,0.0000000000505936,7203980,2019-04-07 02:32:20,btc,50.30756201542669,0.0,0.00000100,btc,595784.72730752,0.0301747,0.1351835250408483,137
1,[],12,[],2019-04-07 02:32:22,148820.47662139,0.000001039999999999999995289683661636725986454621306620538234710693359375,0.000000000052617344,7203981,2019-04-07 02:32:22,btc,10234.70602758858,0.0,0.000001039999999999999995289683661636725986454621306620538234710693359375,btc,10529.14273091,1.349784216e-05,0.0080389299999858,137
1,[],4,[],2019-04-07 02:32:22,40638.84257957,0.00002882,0.000000001458107552,7203982,2019-04-07 02:32:22,btc,4.682333170098058,0.0,0.00002882,btc,72662.55690942,1.11061149,0.3343375639812093,142
1,[],5,[],2019-04-07 02:32:23,0.0,0,0,7203983,2019-04-07 02:32:23,btc,0.0,0.07538534,0,btc,0.0,0.0,0.0,142
1,[],17,[],2019-04-07 02:32:25,22967.386363640002,0.00000088,0.000000000044522368,7203984,2019-04-07 02:32:25,btc,20.06976206738533,0.0,0.00000088,btc,2746.079105,0.0,0.0104613000000032,142
1,[],20,[],2019-04-07 02:32:27,60382.8371,0.00002855,0.00000000144444728,7203985,2019-04-07 02:32:27,btc,1.3841158758415,0.02,0.00002855,btc,3331.5358,5.71e-07,0.0449805940436,142
1,[],22,[],2019-04-07 02:32:30,1621.0,0.00001020,0.00000000051605472,7203986,2019-04-07 02:32:30,BTC,3.27948712,0.0,0.00001020,BTC,1169.5278181818182,0.0,0.0007584,142
0.0,[],25,[],2019-04-07 02:32:31,0.0,0,0,7203987,2019-04-07 02:32:31,,0.0,0.0,0.0,btc,0.0,0.0,0.0,142
1,[],28,[],2019-04-07 02:32:38,77757.207,0.00004735,0.00000000239560696,7203988,2019-04-07 02:32:38,btc,0.0477314554747,1989.0,0.00004735,btc,312.37303,0.0,0.01634985145,142
0,[],22,[],2019-04-07 02:32:41,0.0,0,0,7203989,2019-04-07 02:32:41,,62.98070713,0.0,0,,767832216.8,0.0,0.0,143
0,[],22,[],2019-02-25 15:42:22,0.0,0,0,6783783,2019-02-25 15:42:22,,4.2131946,0.0,0,,2322156.0,0.0,0.0,146
,[],22,[],2018-11-20 23:01:11,0.0,0,0,4862114,2018-11-20 23:01:11,,2.56807021,0.0,,,61828.4988236,0.0,0.0,147
1,[],12,[],2019-04-07 02:32:43,258235.04246558,0.0000020399999999999999500377954875229846720685600303113460540771484375,0.00000000010321094399999999,7203990,2019-04-07 02:32:43,btc,9.696021537369056,0.0,0.0000020399999999999999500377954875229846720685600303113460540771484375,btc,106386.49999209,0.0,0.0108857599999515,148
1,[],4,[],2019-03-19 21:31:25,255810.0415942,0.00000029,0.000000000011615747,6982695,2019-03-19 21:31:25,btc,218.94922712414143,0.0,0.00000029,btc,793529.37642722,0.00117,0.0608347789473395,152
0,[],22,[],2019-03-19 21:31:27,0.0,0,0,6982696,2019-03-19 21:31:27,,0.0,0.0,0,,0.0,0.0,0.0,152
1,[],5,[],2019-04-07 02:32:44,0.0,0,0,7203991,2019-04-07 02:32:44,btc,0.0,0.0,0,btc,0.0,0.0,0.0,153
,[],16,[],2019-01-11 15:38:59,0.0,0,0,6366141,2019-01-11 15:38:59,btc,0.0,0.0,,btc,0.0,0.0,0.0,155
0,[],23,[],2019-01-20 23:24:29,0.0,0,0,6476932,2019-01-20 23:24:29,,0.0,0.0,0,,0.0,0.0,0.0,156
0,[],22,[],2019-04-07 02:32:47,0.0,0,0,7203992,2019-04-07 02:32:47,,6.80640151,0.0,0,,4675792.242592593,0.0,0.0,156
1,[],22,[],2019-04-07 02:32:50,7066.0,0.00000800,0.0000000004047488,7203993,2019-04-07 02:32:50,BTC,1.79802465,0.0,0.00000800,BTC,802.6461988741639,0.0,0.00062996,157
0,[],22,[],2019-04-07 02:32:53,0.0,0,0,7203994,2019-04-07 02:32:53,,50234.63122879,0.0,0,,55030636.03179465,0.0,0.0,158
,[],17,[],2018-11-20 22:56:10,0.0,0,0,4861976,2018-11-20 22:56:10,btc,1.1265625,0.0,,btc,1000.0,0.0,0.0,159
,[],20,[],2018-11-20 22:56:12,0.0,0,0,4861977,2018-11-20 22:56:12,btc,11912.7940471,0.0,,btc,34413894.3617,0.0,0.0,159
1,[],12,[],2019-04-07 02:32:54,244226.43420403,0.0000061199999999999998501133864625689540162056800909340381622314453125,0.000000000309632832,7203995,2019-04-07 02:32:54,btc,17.95159985755729,0.0,0.0000061199999999999998501133864625689540162056800909340381622314453125,btc,10192.75667815,0.0031905681571167,0.1115893676999747,168
1,[],17,[],2019-04-07 02:32:56,22852.0,0.00000001,0.000000000000505936,7203996,2019-04-07 02:32:56,btc,0.04106974251542,0.0,0.00000001,btc,256.46171372,0.0,0.00022852000000000001,168
1,[],22,[],2019-04-07 02:32:59,993744.0,0.00000001,0.000000000000505936,7203997,2019-04-07 02:32:59,BTC,45.65738194,0.0,0.00000001,BTC,529106.1947107811,0.0,0.00993744,169
1,[],22,[],2019-04-07 02:33:03,640018.6666666666,0.00000005,0.0000000000025296799999999998,7203998,2019-04-07 02:33:03,BTC,11.28981243,0.0,0.00000005,BTC,121855.29625227844,0.0,0.01551998,171
1,[],22,[],2019-04-01 09:30:11,464224.0,0.00000029,0.000000000011989963000000002,7131874,2019-04-01 09:30:11,BTC,2.300003,0.0,0.00000029,"BTC,LTC",295879.07579844765,0.00203181,0.12689866,173
1,[],5,[],2019-04-07 02:33:04,0.0,0,0,7203999,2019-04-07 02:33:04,btc,0.0,0.0043301,0,btc,0.0,0.0,0.0,175
1,[],22,[],2019-04-07 02:33:07,634768.6666666666,0.00000003,0.000000000001517808,7204000,2019-04-07 02:33:07,BTC,0.52441472,0.0,0.00000003,BTC,129184.40469601455,2.78e-06,0.00704306,176
1,[],7,[],2019-04-07 02:33:08,0.0,0,0,7204001,2019-04-07 02:33:08,btc,410872.1961490695,0.0,0,btc,85467347.2367181,0.0,0.0,178
0,[],22,[],2019-04-07 02:33:10,0.0,0,0,7204002,2019-04-07 02:33:10,,1.00242438,0.0,0,,57522.0,0.0,0.0,178
0,[],2,[],2019-01-20 23:28:34,0.0,0,0,6477001,2019-01-20 23:28:34,,0.0,0.0,0,,0.0,0.0,0.0,178
0,[],23,[],2019-01-20 23:25:08,0.0,0,0,6476952,2019-01-20 23:25:08,,0.0,0.0,0,,0.0,0.0,0.0,179
1,[],5,[],2019-04-07 02:33:11,0.0,0,0,7204003,2019-04-07 02:33:11,btc,0.0,0.16118311,0,btc,0.0,0.0,0.0,179
1,[],22,[],2019-04-07 02:33:14,852521.0,0.00000001,0.000000000000505936,7204004,2019-04-07 02:33:14,BTC,5.52123924,0.0,0.00000001,BTC,17683112.192249708,0.00023395,0.00852521,179
1,[],17,[],2019-04-07 02:33:16,10504.725,0.0000001,0.0000000000050593599999999996,7204005,2019-04-07 02:33:16,btc,5.201069583842652,0.0,0.0000001,btc,5033.45945,0.0,0.0010504725,180
1,[],22,[],2019-04-07 02:33:20,671970.2973262032,0.00000055,0.00000000002782648,7204006,2019-04-07 02:33:20,BTC,38.03645013,0.0,0.00000055,"BTC,LTC",131471.8594236411,0.0,0.55995229,180
1,[],26,[],2019-04-07 02:33:20,0.0,0.00000125,0.000000000063242,7204007,2019-04-07 02:33:20,btc,0.0,0.0,0.00000125,btc,0.0,0.0,0.0,180
,[],7,[],2018-11-20 22:58:01,562227.975654,0.00000085,0.000000000036176765,4862015,2018-11-20 22:58:01,btc,21836.6059674,2491.87645172,,btc,749999.041456,0.00211021,0.127565380455,183
,[],5,[],2019-01-10 08:11:41,0.0,0,0,6347036,2019-01-10 08:11:41,btc,82.15055501,0.00261,,btc,1.19002445,0.0,0.0,187
,[],17,[],2018-11-16 20:58:10,4062536.27273,0.00000001,0.000000000000550501,4708775,2018-11-16 20:58:10,btc,3.36492563466,0.195460381006,,"btc,eth",110697919.549,0.0,0.0157628953496,187
1,[],24,[],2019-04-07 02:33:20,0.0,0.000000000014,7.083104e-16,7204008,2019-04-07 02:33:20,btc,0.0,0.0,0.000000000014,btc,0.0,0.0,0.0,187
1,[],22,[],2019-03-26 06:20:29,12315.0,0.00000001,0.00000000000039339800000000003,7044441,2019-03-26 06:20:29,BTC,7.56699454,0.0,0.00000001,BTC,79361.7243344055,0.0,0.00012315,191
0,[],22,[],2019-04-07 02:33:25,0.0,0,0,7204009,2019-04-07 02:33:25,,0.0,0.0,0,,0.0,0.0,0.0,197
0,[],23,[],2019-01-20 23:31:41,0.0,0,0,6477079,2019-01-20 23:31:41,,0.0,0.0,0,,0.0,0.0,0.0,199
0.00000000018180060000000002,[],22,[],2019-04-07 02:33:28,40000000.0,1.818006e-18,9.197946836160001e-23,7204010,2019-04-07 02:33:28,LTC,5.45812985,0.0,0.00000001,LTC,26942169.15,0.0,0.4,199
1,[],26,[],2019-04-07 02:33:28,0.0,0.00000000,0,7204011,2019-04-07 02:33:28,btc,0.0,132800.0,0.00000000,btc,0.0,0.0,0.0,199
0,[],2,[],2019-01-20 23:30:49,0.0,0,0,6477059,2019-01-20 23:30:49,,0.0,0.0,0,,0.0,0.0,0.0,201
1,[],4,[],2019-01-25 15:51:35,2084389.58565343,0.00000936,0.000000000333526752,6499557,2019-01-25 15:51:35,btc,2.0092503037378524,0.0,0.00000936,btc,160195.80207885,0.19272417,1.242687955921835,211
1,[],7,[],2019-04-07 02:33:31,3039690.63591548,0.00000110000000000000005610204141526242693771564518101513385772705078125,0.00000000005565296,7204012,2019-04-07 02:33:31,btc,15586195.663727222,561678.688871,0.00000110000000000000005610204141526242693771564518101513385772705078125,btc,13525234.31669846,0.0,2.414588110017015,212
1,[],12,[],2019-01-25 02:44:32,207462.42853209,0.000001080000000000000035831255497387193287295303889550268650054931640625,0.000000000038610756000000006,6493050,2019-01-25 02:44:32,btc,85023.03793723314,0.0,0.000001080000000000000035831255497387193287295303889550268650054931640625,btc,43675.73520027,0.000146250909087,0.0348620860622024,213
1,[],5,[],2019-04-07 02:33:33,0.0,0,0,7204013,2019-04-07 02:33:33,btc,0.0,0.1959047,0,btc,0.0,0.0,0.0,213
1,[],24,[],2019-04-07 02:33:33,0.0,0.000000220000,0.000000000011130591999999999,7204014,2019-04-07 02:33:33,btc,0.0,0.0,0.000000220000,btc,0.0,0.0,0.0,213
1,[],26,[],2019-04-07 02:33:33,0.0,0.00000040,0.000000000020237439999999998,7204015,2019-04-07 02:33:33,btc,0.0,0.0,0.00000040,btc,0.0,0.0,0.0,213
1,[],22,[],2019-04-07 02:33:37,35836.0,0.00000001,0.000000000000505936,7204016,2019-04-07 02:33:37,BTC,9.52190871,0.0,0.00000001,BTC,1112735.9818427025,0.00214164,0.00035836,216
0,[],27,[],2019-04-07 02:35:32,0.0,0,0,7204017,2019-04-07 02:35:32,,0.0,0.0,0,,0.0,0.0,0.0,216
1,[],22,[],2019-04-07 02:35:35,261167.4743614092,0.00000230,0.00000000011636528,7204018,2019-04-07 02:35:35,BTC,12043.58606244,0.0,0.00000230,BTC,298984.77934287285,0.35793244,0.26429145,217
0,[],27,[],2019-04-07 02:38:49,0.0,0,0,7204019,2019-04-07 02:38:49,,0.0,0.0,0,,0.0,0.0,0.0,219
0.000000000000006600000000000001,[],28,[],2019-04-07 02:38:58,260261592.061,2.97066e-18,1.50296383776e-22,7204020,2019-04-07 02:38:58,doge,126792.74115930266,1341620.619,0.00045010,"btc,doge",16040679.57846,0.0,1.1163324693432648e-11,219
1,[],7,[],2019-04-07 01:47:31,0.0,0,0,7203831,2019-04-07 01:47:31,btc,77969.70443924062,0.0,0,btc,136424979.15198368,0.0,0.0,219
1,[],22,[],2019-04-02 19:32:29,694653.0,0.00000007,0.00000000000330008,7153804,2019-04-02 19:32:29,BTC,2.83309452,0.0,0.00000007,BTC,94373.03430328587,0.00135954,0.03572421,221
1,[],24,[],2019-04-02 19:32:29,0.0,0.000000140000,0.00000000000660016,7153805,2019-04-02 19:32:29,btc,0.0,0.0,0.000000140000,btc,0.0,0.0,0.0,221
1,[],20,[],2019-03-31 04:10:59,44278413.4439,0.000000004,0.0000000000001637328,7116160,2019-03-31 04:10:59,btc,505.9313517634928,196869.539,0.000000004,btc,19332181.9792,0.000787478156,0.0533873483986,224
0,[],22,[],2019-03-31 04:11:02,0.0,0,0,7116161,2019-03-31 04:11:02,,0.0,0.0,0,,0.0,0.0,0.0,224
1,[],26,[],2019-04-07 02:38:58,0.0,0.00000022,0.000000000011130591999999999,7204021,2019-04-07 02:38:58,btc,0.0,0.0,0.00000022,btc,0.0,0.0,0.0,231
1,[],26,[],2019-04-07 02:38:59,0.0,0.00000005,0.0000000000025296799999999998,7204022,2019-04-07 02:38:59,btc,0.0,200.0,0.00000005,btc,0.0,0.0,0.0,234
0,[],27,[],2019-04-07 02:38:59,0.0,0,0,7204023,2019-04-07 02:38:59,,0.0,0.0,0,,0.0,0.0,0.0,234
1,[],4,[],2019-04-07 02:39:00,17255471.06832735,0.00000082,0.000000000041486751999999996,7204024,2019-04-07 02:39:00,btc,4.925470410513759,0.0,0.00000082,btc,1312042.41903323,0.03097102,0.3177717042664639,236
1,[],24,[],2019-04-07 02:39:01,0.0,0.000000500000,0.0000000000252968,7204025,2019-04-07 02:39:01,btc,0.0,0.0,0.000000500000,btc,0.0,0.0,0.0,236
1,[],20,[],2019-04-07 02:39:04,76708846.6844,0.000000034,0.0000000000017201824,7204026,2019-04-07 02:39:04,btc,481.8216686663685,11872507.1499,0.000000034,btc,29627583.4324,0.4255101929635,0.6527947041451,237
1,[],22,[],2019-04-07 02:39:08,795976.9,0.00000001,0.000000000000505936,7204027,2019-04-07 02:39:08,BTC,1.20377519,0.0,0.00000001,"BTC,LTC",18869.0,0.0,0.12586331,237
1,[],4,[],2019-04-07 02:39:09,5951870.55239816,0.00000035,0.00000000001770776,7204028,2019-04-07 02:39:09,btc,4.670345733107294,0.0,0.00000035,btc,8152765.56848426,0.36241362,1.4513088994141765,238
1,[],5,[],2019-04-07 02:39:10,0.0,0,0,7204029,2019-04-07 02:39:10,btc,0.0,0.27116703,0,btc,0.0,0.0,0.0,238
0,[],22,[],2019-03-12 16:49:32,0.0,0,0,6914458,2019-03-12 16:49:32,,0.40415746,0.0,0,,526736.5639027493,0.0,0.0,249
0.00000000018180060000000002,[],22,[],2019-04-07 02:39:14,20049849.0,1.818006e-18,9.197946836160001e-23,7204030,2019-04-07 02:39:14,LTC,2.40073678,0.0,0.00000001,LTC,30475477.66010582,5.3673994677312e-11,0.20049849,252
1,[],28,[],2019-04-07 02:39:20,1539856.299,0.0000008,0.000000000040474879999999996,7204031,2019-04-07 02:39:20,btc,164694.2829381021,262896.1479,0.0000008,btc,601318.1518,0.0,0.6960602971,256
1,[],22,[],2019-04-07 02:39:37,1243358.5,0.00000002,0.000000000001011872,7204032,2019-04-07 02:39:37,BTC,21.75700264,0.0,0.00000002,"BTC,LTC",545178.2454253442,9e-05,0.01333363,258
1,[],22,[],2019-03-13 00:07:30,47146.0,0.00000001,0.000000000000387233,6917028,2019-03-13 00:07:30,BTC,2.415167,0.0,0.00000001,BTC,157.0,0.0,0.00047146,259
1,[],5,[],2019-04-07 02:39:38,0.0,0,0,7204033,2019-04-07 02:39:38,btc,0.0,0.24478837,0,btc,0.0,0.0,0.0,264
1,[],20,[],2019-04-07 02:39:40,1262079.4067,0.00000139,0.000000000070325104,7204034,2019-04-07 02:39:40,btc,4.7261461037769,121357.2815,0.00000139,btc,95069.8142,0.248750939087,0.0250922090894,264
0,[],22,[],2019-04-07 02:39:42,0.0,0,0,7204035,2019-04-07 02:39:42,,66.41228252,0.0,0,,721235.4233983938,0.0,0.0,271
0,[],22,[],2019-04-07 02:39:45,0.0,0,0,7204036,2019-04-07 02:39:45,,111843.11266242,0.0,0,,14245627424.692,0.0,0.0,272
0.000000000000006600000000000001,[],28,[],2019-04-07 02:39:57,257616479557.083,2.9700000000000003e-21,1.50262992e-25,7204037,2019-04-07 02:39:57,doge,44525780.772659756,71969849853.7922,0.00000045,doge,251984028477.3362,0.0,6.284024965854011e-10,272
1,[],22,[],2019-04-07 02:40:01,225244.41176470587,0.00000017,0.000000000008600912,7204038,2019-04-07 02:40:01,BTC,79.78708232,0.0,0.00000017,BTC,47299.28614701752,0.0,0.01883593,281
1,[],22,[],2019-04-07 02:40:19,929615.6845238095,0.00000008,0.000000000004047488,7204039,2019-04-07 02:40:19,BTC,1.42093246,0.0,0.00000008,BTC,247482.26371927268,0.01371301,0.05839082,286
0,[],22,[],2019-04-07 02:40:21,0.0,0,0,7204040,2019-04-07 02:40:21,,1044974.57066254,0.0,0,,1132418521.4347825,0.0,0.0,294
