pairValue,buyBook,exchangeId,sellBook,updated,buyTotal,satoshiPrice,usdPrice,exchangeLogId,created,bestPair,sellTotalBtc,volume,pairPrice,activePairs,sellTotal,volumeBtc,buyTotalBtc,coinId
1,[],3,[],2019-03-13 18:29:59,30540.309433712762,0.01288549999999999938482542205520076095126569271087646484375,0.00000049836604075,6922898,2019-03-13 18:29:59,btc,61.12806135065701,1.60293197693,0.01288549999999999938482542205520076095126569271087646484375,btc,25.92014147488,0.0,0.24534038801195138,1
1,[],4,[],2019-03-13 18:30:01,207806.99814223,0.01287515,0.000000497965738975,6922899,2019-03-13 18:30:01,btc,13.194627932157323,0.0,0.01287515,btc,333.38575089,0.97805974,1.8075166548472932,1
1,[],5,[],2019-03-13 18:30:05,0.0,0,0,6922900,2019-03-13 18:30:05,btc,0.0,0.0234563,0,btc,0.0,0.0,0.0,1
1,[],10,[],2019-03-13 18:30:08,413778.90764455,0.01067001,0.00000041267864176500004,6922901,2019-03-13 18:30:08,btc,6522.065660714386,849.41738991,0.01067001,btc,1083.09062794,0.0,4.675135055191044,1
1,[],12,[],2019-03-13 18:30:10,102.68114001000001,0.01282999999999999939104267099310163757763803005218505859375,0.000000496219495,6922902,2019-03-13 18:30:10,btc,0.2961861497939,0.0,0.01282999999999999939104267099310163757763803005218505859375,btc,22.04384599,0.0578516775539,0.2809937419623,1
1,[],20,[],2019-03-13 18:30:12,1152.4727,0.01050023,0.000000406112145595,6922903,2019-03-13 18:30:12,btc,0.0552085068997,0.0,0.01050023,btc,2.4565,0.0,0.0959654646971,1
1,[],21,[],2019-03-13 18:30:13,2197.47380903,0.01286233999999999988439469689,0.00000049747029301,6922904,2019-03-13 18:30:13,btc,26.265231270203227,9347.545430029999,0.0128623399999999998843946968918316997587680816650390625,"btc,eth",3183.65709278,116.46310266366525,18.952450064295185,1
1,[],22,[],2019-03-13 18:30:39,0.0059712,0.01250000,0.00000048345625,6922905,2019-03-13 18:30:39,BTC,0.31439419,0.0,0.01250000,BTC,0.12751438772928525,0.0,7.464e-05,1
1,[],24,[],2019-03-13 18:30:40,0.0,0.000000000000,0,6922906,2019-03-13 18:30:40,btc,0.0,0.0,0.000000000000,btc,0.0,0.0,0.0,1
0.0,[],25,[],2019-03-13 18:30:41,0.0,0,0,6922907,2019-03-13 18:30:41,btc,33.54649999804939,1828.52354962,0.0,btc,2536.52503285,23.8,0.0,1
1,[],26,[],2019-03-13 18:30:42,0.0,0,0,6922908,2019-03-13 18:30:42,,0.0,0.0,0,,0.0,0.0,0.0,1
1,[],28,[],2019-03-13 18:30:47,992.9,0.01231000,0.000000476107715,6922909,2019-03-13 18:30:47,btc,0.147901439075,18216.9,0.01231000,btc,7.9421,0.0,0.086101096,1
0,[],2,[],2019-01-20 23:28:45,0.0,0,0,6477011,2019-01-20 23:28:45,,0.0,0.0,0,,0.0,0.0,0.0,1
1,[],5,[],2019-03-13 18:30:49,0.0,0,0,6922910,2019-03-13 18:30:49,btc,0.0,0.0036964,0,btc,0.0,0.0,0.0,2
0,[],22,[],2019-03-13 18:30:58,0.0,0,0,6922911,2019-03-13 18:30:58,,0.0,0.0,0,,0.0,0.0,0.0,2
1,[],5,[],2019-03-13 18:31:00,0.0,0,0,6922912,2019-03-13 18:31:00,btc,0.0,0.19673874,0,btc,0.0,0.0,0.0,3
1,[],12,[],2019-03-13 18:31:01,2745463.99,0.000000184,0.000000000007116476000000001,6922913,2019-03-13 18:31:01,btc,22811.432528268768,0.0,0.000000184,btc,955819.0592,0.08520123265826826,0.37557764816,3
0,[],28,[],2019-03-13 18:31:09,0.0,0,0,6922914,2019-03-13 18:31:09,,0.0,0.0,0,,0.0,0.0,0.0,3
0,[],2,[],2019-01-20 23:31:32,0.0,0,0,6477077,2019-01-20 23:31:32,,0.0,0.0,0,,0.0,0.0,0.0,4
1,[],4,[],2019-03-09 19:03:36,394362.28616607,0.00000032,0.000000000012569280000000001,6889097,2019-03-09 19:03:36,btc,32.15548375957025,0.0,0.00000032,btc,707361.31512647,0.00109114,0.0476374485302292,4
1,[],12,[],2019-03-13 18:31:09,475037.0,0.00000002,0.00000000000077353,6922915,2019-03-13 18:31:09,btc,1111742.15471895,0.0,0.00000002,btc,732814.33266733,0.0002742400199801,0.00545998,5
0,[],2,[],2019-01-20 23:31:51,0.0,0,0,6477087,2019-01-20 23:31:51,,0.0,0.0,0,,0.0,0.0,0.0,6
1,[],11,[],2019-03-13 18:31:11,4497079.39882,0.00000002,0.00000000000077353,6922916,2019-03-13 18:31:11,btc,9568.09638530293,49485.0,0.00000002,btc,42724125.970838,0.0,0.056880531334200006,6
1,[],3,[],2019-03-13 18:31:12,1087.833962084558,0.000154759999999999988719301402539940681890584528446197509765625,0.00000000598557514,6922917,2019-03-13 18:31:12,btc,29.634085403952064,0.0,0.000154759999999999988719301402539940681890584528446197509765625,btc,239.122414578101,0.0,0.03439493781756314,7
1,[],4,[],2019-03-13 18:31:13,88471.51327495,0.00022623,0.000000008749784595,6922918,2019-03-13 18:31:13,btc,10.20908316424884,0.0,0.00022623,btc,34513.03363951,4.8209083,7.347742626395573,7
1,[],5,[],2019-03-13 18:31:16,0.0,0,0,6922919,2019-03-13 18:31:16,btc,0.0,1.30902524,0,btc,0.0,0.0,0.0,7
1,[],20,[],2019-02-20 02:16:17,39399275.8418,0.000000001,0.0000000000000390183,6728586,2019-02-20 02:16:17,btc,116.9737569154545,525.0,0.000000001,btc,56932965.8895,5.25e-07,0.0393992758418,8
0,[],2,[],2019-01-20 23:22:42,0.0,0,0,6476876,2019-01-20 23:22:42,,0.0,0.0,0,,0.0,0.0,0.0,9
0,[],23,[],2019-01-20 23:22:48,0.0,0,0,6476878,2019-01-20 23:22:48,,0.0,0.0,0,,0.0,0.0,0.0,9
1,[],4,[],2019-03-13 18:31:20,1353273.0657769,0.00000170,0.00000000006575005000000001,6922920,2019-03-13 18:31:20,btc,5.462117431062642,0.0,0.00000170,btc,2574657.70448245,4.67170769,1.0961020718488592,9
1,[],28,[],2019-03-13 18:31:27,26353.0,0.00000159,0.000000000061495635,6922921,2019-03-13 18:31:27,btc,2708.760431370583,3697108.92,0.00000159,btc,11454.1497,0.0,0.0147295,9
1,[],1,[],2019-02-17 23:31:42,1822507.21,0.00000181000000000000003456111265232042484285557293333113193511962890625,0.000000000066086901,6701244,2019-02-17 23:31:42,btc,3.6990969245,17153386.5,0.00000181000000000000003456111265232042484285557293333113193511962890625,btc,1997391.71,31.11772986,3.2610482446,9
1,[],4,[],2019-02-17 11:22:43,4341674.27126056,0.00000002,0.0000000000007272960000000001,6696112,2019-02-17 11:22:43,btc,0.1997230937751353,0.0,0.00000002,btc,4109766.79808031,0.00215132,0.0479381022052112,10
0,[],2,[],2019-01-20 23:23:08,0.0,0,0,6476890,2019-01-20 23:23:08,,0.0,0.0,0,,0.0,0.0,0.0,12
1,[],4,[],2019-03-13 18:31:29,6040720.68565405,0.00000136,0.00000000005260004,6922922,2019-03-13 18:31:29,btc,11.069344983879194,0.0,0.00000136,btc,5595753.19343953,7.24019144,4.001088398360346,12
1,[],5,[],2019-03-13 18:31:31,0.0,0,0,6922923,2019-03-13 18:31:31,btc,0.0,0.35034092,0,btc,0.0,0.0,0.0,12
0.0,[],25,[],2019-03-13 18:31:32,0.0,0,0,6922924,2019-03-13 18:31:32,,0.0,0.0,0.0,btc,0.0,0.0,0.0,12
1,[],4,[],2019-03-13 18:31:33,32050777.57033759,0.00000686,0.00000000026532079,6922925,2019-03-13 18:31:33,btc,3.5258063300967035,0.0,0.00000686,btc,361514.0843016,2.20948558,1.539930010773908,13
1,[],10,[],2019-03-13 18:31:35,431127.76033316,0.0000065,0.00000000025139725,6922926,2019-03-13 18:31:35,btc,666802.2501882984,31068.1853006,0.0000065,btc,706098.82267211,0.0,0.156665092524698,13
1,[],21,[],2019-03-13 18:31:38,1142817.4440975501,0.000006939999999999999622424425028,0.00000000026841491,6922927,2019-03-13 18:31:38,btc,6.459607508965109,3605439.15735165,0.000006939999999999999622424425027578109848036547191441059112548828125,btc,822725.44348712,25.43003437,7.315925811831971,13
0,[],17,[],2019-03-13 17:33:34,0.0,0,0,6922545,2019-03-13 17:33:34,btc,0.0,0.0,0,btc,0.0,0.0,0.0,14
1,[],4,[],2019-03-13 18:31:40,894183.62573572,0.00000106,0.00000000004099709,6922928,2019-03-13 18:31:40,btc,5.882009751861097,0.0,0.00000106,btc,943402.63740808,0.09049612,0.2147719367535795,14
1,[],12,[],2019-03-13 18:31:40,270405.0,0.00000101999999999999997501889774376149233603428001515567302703857421875,0.00000000003945003,6922929,2019-03-13 18:31:40,btc,0.0568992228079008,0.0,0.00000101999999999999997501889774376149233603428001515567302703857421875,btc,9983.1985411,0.0012040415283194,0.01844981,14
1,[],26,[],2019-03-13 18:31:51,0.0,0.00000050,0.000000000019338250000000002,6922930,2019-03-13 18:31:51,btc,0.0,0.0,0.00000050,btc,0.0,0.0,0.0,14
,[],12,[],2018-12-01 15:15:48,204241.84496,0.00000489,0.000000000202473384,5260204,2018-12-01 15:15:48,btc,49.5475654835,0.0,,btc,35763.2193806,0.0163153972027625,0.0203389899998,15
0,[],4,[],2019-03-13 18:31:53,0.0,0,0,6922931,2019-03-13 18:31:53,,0.0,0.0,0,,0.0,0.0,0.0,15
0,[],2,[],2019-01-20 23:23:38,0.0,0,0,6476906,2019-01-20 23:23:38,,0.0,0.0,0,,0.0,0.0,0.0,18
1,[],4,[],2019-03-13 18:31:55,49854.70418553,0.00001564,0.00000000060490046,6922932,2019-03-13 18:31:55,btc,4.190445678175437,0.0,0.00001564,btc,18414.04873477,0.08660595,0.05688940236957,18
1,[],10,[],2019-03-13 18:31:57,781618.29520707,0.00001687,0.000000000652472555,6922933,2019-03-13 18:31:57,btc,15.407519975605558,727.94912058,0.00001687,btc,13324.36440746,0.0,0.111039002485783,18
1,[],12,[],2019-03-13 18:31:58,332410.21968701,0.00001599999999999999927596978921418013896982301957905292510986328125,0.000000000618824,6922934,2019-03-13 18:31:58,btc,33214.73262972958,0.0,0.00001599999999999999927596978921418013896982301957905292510986328125,btc,1144.16595808,0.013677361415318,0.0264859802517249,18
0,[],17,[],2019-03-13 18:32:00,0.0,0,0,6922935,2019-03-13 18:32:00,btc,0.0,0.0,0,btc,0.0,0.0,0.0,18
0,[],2,[],2019-01-20 23:24:19,0.0,0,0,6476924,2019-01-20 23:24:19,,0.0,0.0,0,,0.0,0.0,0.0,19
1,[],3,[],2019-03-13 18:32:01,120826.05635079462,0.0000174999999999999984669381281054967303134617395699024200439453125,0.0000000006768387499999999,6922936,2019-03-13 18:32:01,btc,0.641094298565694,256.5,0.0000174999999999999984669381281054967303134617395699024200439453125,btc,14655.982436769738,0.0,0.054455221771216526,19
1,[],4,[],2019-03-13 18:32:03,224093.04375249,0.00001958,0.00000000075728587,6922937,2019-03-13 18:32:03,btc,2.527761574698032,0.0,0.00001958,btc,92694.61389919,0.42696132,2.2990977126600196,19
1,[],5,[],2019-03-13 18:32:04,0.0,0,0,6922938,2019-03-13 18:32:04,btc,0.0,0.00013817,0,btc,0.0,0.0,0.0,19
1,[],12,[],2019-03-13 18:32:06,192260.7644234,0.0000167900000000000001825449513770394105449668131768703460693359375,0.000000000649378435,6922939,2019-03-13 18:32:06,btc,0.8015755666638259,0.0,0.0000167900000000000001825449513770394105449668131768703460693359375,btc,406.2143714,0.0010893990966584,0.0404628999998342,19
0,[],27,[],2019-03-13 18:32:08,0.0,0,0,6922940,2019-03-13 18:32:08,,0.0,0.0,0,btc,0.0,0.0,0.0,19
1,[],4,[],2019-03-13 18:32:09,3046958.87794824,0.00000012,0.00000000000464118,6922941,2019-03-13 18:32:09,btc,7.382907576317832,0.0,0.00000012,btc,2875865.97746042,0.00277056,0.1045512665049041,20
1,[],4,[],2019-03-13 18:32:11,102903446.2663036,0.00000002,0.00000000000077353,6922942,2019-03-13 18:32:11,btc,39103.55115659408,0.0,0.00000002,btc,53710825.31990362,0.009155,1.1438093684467123,21
1,[],12,[],2019-03-13 18:32:12,1424336.0,0.00000001,0.000000000000386765,6922943,2019-03-13 18:32:12,btc,1247.5321033693406,0.0,0.00000001,btc,2589644.96703296,1.003996004e-05,0.01424336,21
0,[],17,[],2019-03-13 18:32:14,0.0,0,0,6922944,2019-03-13 18:32:14,btc,0.0,0.0,0,btc,0.0,0.0,0.0,21
1,[],12,[],2019-03-13 18:32:15,2501496722.0,0.0000000001,0.0000000000000038676500000000004,6922945,2019-03-13 18:32:15,btc,1933734.3096014133,0.0,0.0000000001,btc,1754985145.417971,0.000641606501698302,0.2501496722,23
0,[],27,[],2019-03-13 18:32:17,0.0,0,0,6922946,2019-03-13 18:32:17,,13.836146978083411,0.0,0,eth,5931606.84014486,0.0,0.0,23
1,[],4,[],2019-03-13 18:32:19,638270.99424326,0.00000043,0.000000000016630895,6922947,2019-03-13 18:32:19,btc,9.450804266019828,0.0,0.00000043,btc,1607083.57494881,0.01114019,0.1547793956839521,24
1,[],22,[],2019-03-13 18:32:36,11.76,0.00000100,0.000000000038676500000000005,6922948,2019-03-13 18:32:36,BTC,7.415e-05,0.0,0.00000100,BTC,23.919354838709676,0.0,1.176e-05,24
0.0,[],25,[],2019-03-13 18:32:37,0.0,0,0,6922949,2019-03-13 18:32:37,,0.0,0.0,0.0,btc,0.0,0.0,0.0,24
0,[],2,[],2019-01-20 23:25:56,0.0,0,0,6476976,2019-01-20 23:25:56,,0.0,0.0,0,,0.0,0.0,0.0,26
1,[],4,[],2019-03-13 18:32:39,23513216.91247166,0.00000630,0.00000000024366195,6922950,2019-03-13 18:32:39,btc,57.06028408419796,0.0,0.00000630,btc,241273.15218046,0.13046896,0.6088828729756308,26
1,[],10,[],2019-03-13 18:32:41,601566.14408179,0.00000621,0.000000000240181065,6922951,2019-03-13 18:32:41,btc,26.082168239508217,3892.22492524,0.00000621,btc,14876.61810999,0.0,0.1792594911405596,26
1,[],3,[],2019-03-13 18:32:41,8336462.54084747,0.00000001,0.000000000000386765,6922952,2019-03-13 18:32:41,btc,2.0359818380103283,78979.0541667,0.00000001,btc,14605127.02521149,0.0,0.0833646254084747,27
1,[],5,[],2019-03-13 18:32:42,0.0,0,0,6922953,2019-03-13 18:32:42,btc,0.0,0.00029536,0,btc,0.0,0.0,0.0,27
1,[],11,[],2019-03-13 18:32:44,8489638.24590115,0.00000006,0.00000000000232059,6922954,2019-03-13 18:32:44,btc,67506.1992155516,5956.66666667,0.00000006,btc,7966196.08369704,0.0,0.4689379049180229,27
1,[],4,[],2019-03-13 18:32:46,2098309127.8063736,0.00000001,0.000000000000386765,6922955,2019-03-13 18:32:46,btc,5.180386862536703,0.0,0.00000001,"btc,ltc",370749941.9977804,0.00334827,9.498378128681091,29
1,[],7,[],2019-03-13 18:32:47,35612181.13518611,0.00000001,0.000000000000386765,6922956,2019-03-13 18:32:47,btc,44461604.28215368,545.0,0.00000001,btc,51925561.76088459,1.09e-05,0.35612181135186116,29
0,[],17,[],2019-03-13 17:58:51,0.0,0,0,6922768,2019-03-13 17:58:51,btc,0.0,0.0,0,btc,0.0,0.0,0.0,30
1,[],4,[],2019-03-13 18:32:48,1900005.3036481,0.00000018,0.00000000000696177,6922957,2019-03-13 18:32:48,btc,2.692282351870719,0.0,0.00000018,btc,2137634.65758584,0.02878984,0.1212163068600075,30
1,[],4,[],2019-03-13 18:33:00,188653.06678909,0.00005397,0.000000002087370705,6922958,2019-03-13 18:33:00,btc,10.410730361233925,0.0,0.00005397,btc,133895.22166756,0.42338856,2.15478857911696,31
1,[],21,[],2019-03-13 18:33:00,41827.16229817,0.00005411999999999999683098980685,0.00000000209317218,6922959,2019-03-13 18:33:00,btc,4.068214451883904,131400.2087672,0.0000541199999999999968309898068508090318573522381484508514404296875,btc,66260.07538181,7.33817459,2.099627223547728,31
0,[],2,[],2019-01-20 23:28:43,0.0,0,0,6477009,2019-01-20 23:28:43,,0.0,0.0,0,,0.0,0.0,0.0,32
1,[],4,[],2019-03-13 18:33:02,475392982.39831585,0.00000003,0.000000000001160295,6922960,2019-03-13 18:33:02,btc,9.231050501084601,0.0,0.00000003,"btc,ltc",182746549.34827375,0.97665597,8.822588914112556,33
1,[],12,[],2019-03-13 18:33:03,26493461.964,0.00000004,0.00000000000154706,6922961,2019-03-13 18:33:03,btc,2918612.559601248,0.0,0.00000004,btc,18482739.35364629,0.0015294069930075,0.62301414892,33
1,[],4,[],2019-03-13 18:33:04,97847583.57641807,0.00000001,0.000000000000386765,6922962,2019-03-13 18:33:04,btc,3.4045439808602556,0.0,0.00000001,btc,98841730.91273047,0.00506468,0.9784758357641807,34
1,[],5,[],2019-03-13 18:33:06,0.0,0,0,6922963,2019-03-13 18:33:06,btc,0.0,0.0,0,btc,0.0,0.0,0.0,34
0.0000000001430152,[],4,[],2019-03-13 18:33:08,3907070722.2670126,1.430152e-18,5.5313273828e-23,6922964,2019-03-13 18:33:08,ltc,4.6806514413191924e-08,0.0,0.00000001,ltc,6773425233.849956,0.0,5.587705007591613e-09,36
1,[],5,[],2019-03-13 18:33:09,0.0,0,0,6922965,2019-03-13 18:33:09,btc,0.0,0.0,0,btc,0.0,0.0,0.0,36
0.0000000003405641,[],27,[],2019-03-13 18:33:13,1088163.16325,3.4056410000000002e-18,1.3171827413650001e-22,6922966,2019-03-13 18:33:13,eth,222.5593908357632,0.0,0.00000001,"ltc,eth",11165406.63658689,0.0,1.6852747314538932e-12,36
0,[],17,[],2019-03-13 17:21:17,0.0,0,0,6922464,2019-03-13 17:21:17,btc,0.0746458232965017,0.0,0,btc,4103573.70243647,0.0,0.0,36
1,[],17,[],2019-03-13 15:48:04,1752.74075282,0.00000025,0.000000000009651975,6921742,2019-03-13 15:48:04,btc,0.055484923983909626,0.0,0.00000025,btc,1387.19918473,0.0,0.00043818518820499993,37
1,[],4,[],2019-03-13 18:33:14,223335.97074375,0.00000058,0.000000000022432370000000002,6922967,2019-03-13 18:33:14,btc,19772.48034442408,0.0,0.00000058,btc,560106.95519195,0.00496401,0.0935209363282303,37
1,[],12,[],2019-03-13 18:33:16,451980.44702816,0.0000006,0.0000000000232059,6922968,2019-03-13 18:33:16,btc,22.241756041417503,0.0,0.0000006,btc,428396.60057354,0.0785003817285976,0.1271842370748155,37
1,[],27,[],2019-03-13 18:33:19,14685.567,0.00000045,0.000000000017404425,6922969,2019-03-13 18:33:19,btc,24.25536383611233,0.0,0.00000045,btc,6518.38138508,0.0,0.00480032515,37
1,[],5,[],2019-03-13 18:33:21,0.0,0,0,6922970,2019-03-13 18:33:21,btc,0.0,0.08704423,0,btc,0.0,0.0,0.0,42
1,[],12,[],2019-03-13 18:33:21,252470.88956583,0.00000101000000000000007076262319161141789436442195437848567962646484375,0.000000000039063265,6922971,2019-03-13 18:33:21,btc,5.581509438887694,0.0,0.00000101000000000000007076262319161141789436442195437848567962646484375,btc,30408.90226852,0.0267593031078115,0.0183873198224811,42
0.0000000003405641,[],27,[],2019-03-13 18:33:25,2000.0,3.4056410000000002e-18,1.3171827413650001e-22,6922972,2019-03-13 18:33:25,eth,0.00315028,0.0,0.00000001,"btc,eth",11.007,0.0,6.811282000000001e-15,42
0,[],17,[],2019-03-13 18:01:37,0.0,0,0,6922785,2019-03-13 18:01:37,btc,0.0,0.0,0,btc,0.0,0.0,0.0,43
1,[],5,[],2019-03-13 18:33:26,0.0,0,0,6922973,2019-03-13 18:33:26,btc,0.0,0.0,0,btc,0.0,0.0,0.0,43
1,[],12,[],2019-03-13 09:13:29,1112112.0,0.00000001,0.000000000000386531,6919902,2019-03-13 09:13:29,btc,29058.00478931866,0.0,0.00000001,btc,5967681.93306694,9.99000999e-07,0.01112112,43
1,[],12,[],2019-03-05 01:54:08,639326.02,0.00000004,0.000000000001486676,6845775,2019-03-05 01:54:08,btc,11116042.728239931,0.0,0.00000004,btc,1103841.4595604,0.0003330765234764,0.014975410599999999,44
1,[],4,[],2019-03-13 18:33:29,298544901.846916,0.00000003,0.000000000001160295,6922974,2019-03-13 18:33:29,btc,960.9456539599613,0.0,0.00000003,"btc,ltc",16859682.79329191,0.00304263,0.27929254009813226,49
0.0000000001430152,[],4,[],2019-03-13 18:33:33,658806835.7250588,1.430152e-18,5.5313273828e-23,6922975,2019-03-13 18:33:33,ltc,25.866299612603843,0.0,0.00000001,ltc,10077245998.565317,0.0,9.421939137258643e-10,52
0.0000000001284052,[],22,[],2019-03-13 18:33:45,80645562.0,1.284052e-18,4.9662637178e-23,6922976,2019-03-13 18:33:45,XMR,4468.74117283,0.0,0.00000001,XMR,282462473.5359664,0.0,0.80645562,57
0.0000000003405641,[],27,[],2019-03-13 18:33:47,2000.0,3.4056410000000002e-18,1.3171827413650001e-22,6922977,2019-03-13 18:33:47,eth,0.0,0.0,0.00000001,"btc,eth",0.0,0.0,6.811282000000001e-15,57
0.0000000001430152,[],4,[],2019-03-13 18:33:48,406282403.02995366,2.860304e-18,1.10626547656e-22,6922978,2019-03-13 18:33:48,ltc,18.65741643700538,0.0,0.00000002,ltc,4760072395.523396,0.0,6.367432710827834e-10,58
1,[],12,[],2019-03-13 18:33:49,1294820560.0,0.0000000003,0.00000000000001160295,6922979,2019-03-13 18:33:49,btc,4023100.061670008,0.0,0.0000000003,btc,1580861603.181818,0.07084325948621378,0.3076610521,58
0,[],17,[],2019-03-13 18:33:51,0.0,0,0,6922980,2019-03-13 18:33:51,btc,1e+24,0.0,0,btc,49306342.21952568,0.0,0.0,58
0.0000000001284052,[],22,[],2019-03-13 18:34:03,137438.0,1.284052e-18,4.9662637178e-23,6922981,2019-03-13 18:34:03,XMR,69.1795942,0.0,0.00000001,XMR,9887963.0,0.0,0.00137438,58
1,[],5,[],2019-03-13 18:34:05,0.0,0,0,6922982,2019-03-13 18:34:05,btc,0.0,0.00086085,0,btc,0.0,0.0,0.0,61
1,[],22,[],2019-03-13 18:35:41,13757.0,0.00000012,0.00000000000464118,6922983,2019-03-13 18:35:41,BTC,1002.2960049,0.0,0.00000012,BTC,14976.68361146909,0.0,0.00154987,61
1,[],26,[],2019-03-13 18:35:41,0.0,0.00000800,0.00000000030941200000000004,6922984,2019-03-13 18:35:41,btc,0.0,0.0,0.00000800,btc,0.0,0.0,0.0,61
1,[],27,[],2019-03-13 18:35:43,4411.22008,0.00000047,0.000000000018177955,6922985,2019-03-13 18:35:43,btc,2.8990263703141324,0.0,0.00000047,"btc,eth",19485.01257617,0.0,0.001243759959464547,61
1,[],28,[],2019-03-13 18:35:50,13880.304,0.0000005,0.000000000019338250000000002,6922986,2019-03-13 18:35:50,btc,2.056312978300105,750.0,0.0000005,btc,9730.59500005,0.0,0.00566391304,61
1,[],4,[],2019-03-13 18:35:52,1501392.59839957,0.00000206,0.00000000007967359,6922987,2019-03-13 18:35:52,btc,9.618818332634044,0.0,0.00000206,btc,819940.10616239,0.09486541,1.4146279317995314,67
0.0,[],25,[],2019-03-13 18:35:54,0.0,0,0,6922988,2019-03-13 18:35:54,,0.0,0.0,0.0,btc,0.0,0.0,0.0,67
1,[],12,[],2019-03-13 18:35:59,2247998.23080707,0.00000012,0.00000000000464118,6922989,2019-03-13 18:35:59,btc,1111115.010475423,0.0,0.00000012,btc,933724.34100749,0.0032015863144645,0.0877181341918182,71
,[],5,[],2018-11-20 23:02:39,1.5e-07,0.00000005,0.000000000002128045,4862160,2018-11-20 23:02:39,btc,2.84511358,0.0,,btc,0.00036572,0.0,0.07381892,74
1,[],5,[],2019-03-13 18:36:02,0.0,0,0,6922990,2019-03-13 18:36:02,btc,0.0,0.0,0,btc,0.0,0.0,0.0,75
0,[],20,[],2019-01-25 09:30:31,0.0,0,0,6495923,2019-01-25 09:30:31,btc,0.0,0.0,0,btc,0.0,0.0,0.0,81
1,[],4,[],2019-03-13 18:36:04,13417767.33224166,0.00000001,0.000000000000386765,6922991,2019-03-13 18:36:04,btc,11370.021433532545,0.0,0.00000001,btc,39917749.40832191,0.00201987,0.1341776733224166,81
1,[],4,[],2019-03-13 18:36:06,24870.49537799,0.00007575,0.000000002929744875,6922992,2019-03-13 18:36:06,btc,18.14642523551592,0.0,0.00007575,btc,12654.19090566,0.02254936,0.1636354426612393,82
1,[],21,[],2019-03-13 18:36:07,954814.66138014,0.00007401000000000000460242954858,0.0000000028624477650000005,6922993,2019-03-13 18:36:07,btc,2.912222180359957,16441.15859209,0.00007401000000000000460242954858358643832616508007049560546875,btc,33513.40233589,1.24828638,6.129643340261494,82
0,[],17,[],2019-03-13 17:37:04,0.0,0,0,6922610,2019-03-13 17:37:04,btc,0.0447233088476774,0.0,0,btc,999127.19588126,0.0,0.0,84
0.0000000001430152,[],4,[],2019-03-13 18:36:08,169104293.7815472,4.290456e-18,1.6593982148400001e-22,6922994,2019-03-13 18:36:08,ltc,1.676732239525121,0.0,0.00000003,ltc,386960258.5372892,0.0,3.686534191266776e-10,85
,[],22,[],2018-11-20 23:09:34,3408.1,0.0000001,0.0000000000041895,4862324,2018-11-20 23:09:34,BTC,0.04624735,0.0,,BTC,4990.0,0.0,0.00033081,86
1,[],22,[],2019-03-13 18:36:19,110870.0,0.00000005,0.000000000001933825,6922995,2019-03-13 18:36:19,BTC,2.07858175,0.0,0.00000005,BTC,170145.94736842104,0.0,0.0017035,87
1,[],27,[],2019-03-13 18:36:22,55.0,0.00000001,0.000000000000386765,6922996,2019-03-13 18:36:22,btc,5.175622757476,5.388,0.00000001,btc,7360.28541,0.00046132,5.5e-07,87
,[],2,[],2018-11-20 23:10:47,0.0,0,0,4862359,2018-11-20 23:10:47,,0.0,0.0,,,0.0,0.0,0.0,88
1,[],11,[],2019-03-13 18:36:24,93026.21333668,0.00014589999999999999562121100193934353228542022407054901123046875,0.0000000056429013500000005,6922997,2019-03-13 18:36:24,btc,611.7286393256176,715.92869357,0.00014589999999999999562121100193934353228542022407054901123046875,btc,99121.30590081,0.0,6.274685214073421,89
0,[],2,[],2019-01-20 23:31:45,0.0,0,0,6477083,2019-01-20 23:31:45,,0.0,0.0,0,,0.0,0.0,0.0,91
0,[],17,[],2019-03-13 17:00:14,0.0,0,0,6922311,2019-03-13 17:00:14,btc,0.0,0.0,0,btc,0.0,0.0,0.0,91
1,[],12,[],2019-03-13 18:36:26,267161.8751339,0.00000099,0.000000000038289735000000006,6922998,2019-03-13 18:36:26,btc,60.99752695601939,0.0,0.00000099,btc,114657.52577313,0.0040874591683386,0.0487543923993801,91
1,[],22,[],2019-03-13 18:36:48,65900.0,0.00000001,0.000000000000386765,6922999,2019-03-13 18:36:48,BTC,3e-06,0.0,0.00000001,BTC,1.0,0.0,0.000659,91
0.0000000001430152,[],22,[],2019-03-13 18:37:04,52834053.0,1.430152e-18,5.5313273828e-23,6923000,2019-03-13 18:37:04,LTC,3.31498785,0.0,0.00000001,LTC,37200566.889473684,1.1335051526584e-11,0.52834053,95
0.0000000001430152,[],4,[],2019-03-13 18:37:05,633541663.5926622,7.4367904e-17,2.876290239056e-21,6923001,2019-03-13 18:37:05,ltc,11.889479457624535,0.0,0.00000052,ltc,136292654.44003963,0.0,1.5470799237513915e-09,96
0,[],12,[],2019-03-13 18:37:06,0.0,0,0,6923002,2019-03-13 18:37:06,btc,10.189847556513486,0.0,0,btc,3077067.65134864,6.33366633367e-05,0.0,96
0,[],17,[],2019-03-13 18:37:08,0.0,0,0,6923003,2019-03-13 18:37:08,btc,0.0,0.0,0,btc,0.0,0.0,0.0,96
1,[],4,[],2019-03-12 10:13:14,2544101.88493427,0.00000025,0.0000000000097174,6911574,2019-03-12 10:13:14,btc,2.5031007307816195,0.0,0.00000025,btc,2555984.39269018,0.04718357,0.3381776086135513,99
0,[],2,[],2019-01-20 23:23:55,0.0,0,0,6476914,2019-01-20 23:23:55,,0.0,0.0,0,,0.0,0.0,0.0,100
1,[],4,[],2019-03-13 18:37:09,323533.94650192,0.00003539,0.000000001368761335,6923004,2019-03-13 18:37:09,btc,12.21854459990641,0.0,0.00003539,btc,190219.52465371,2.22401243,2.808122541858505,100
1,[],22,[],2019-03-13 18:37:33,50000.0,0.00000001,0.000000000000386765,6923005,2019-03-13 18:37:33,BTC,23.49896609,0.0,0.00000001,BTC,10277.22,0.0,0.0005,101
1,[],4,[],2019-03-13 18:37:35,449289.25623574,0.00000076,0.00000000002939414,6923006,2019-03-13 18:37:35,btc,308.08804124741954,0.0,0.00000076,btc,512774.05699812,0.00395143,0.2222844566817078,103
0,[],27,[],2019-03-13 18:37:39,0.0,0,0,6923008,2019-03-13 18:37:39,,36.60963340207041,223920.39,0,btc,1428552.54761724,0.0022392,0.0,105
1,[],12,[],2019-03-13 18:37:37,31657130.93780044,0.000000008,0.00000000000030941200000000004,6923007,2019-03-13 18:37:37,btc,3219150.374910031,0.0,0.000000008,btc,77647533.14889397,0.00493569747852164,0.052878525502403524,105
1,[],22,[],2019-03-13 18:04:56,9328.0,0.00000001,0.000000000000386831,6922819,2019-03-13 18:04:56,BTC,51.10837004,0.0,0.00000001,BTC,470435.0,0.0,9.328e-05,107
1,[],26,[],2019-03-13 18:04:56,0.0,0.00000000,0,6922820,2019-03-13 18:04:56,btc,0.0,0.0,0.00000000,btc,0.0,0.0,0.0,107
1,[],5,[],2019-03-13 18:04:57,0.0,0,0,6922821,2019-03-13 18:04:57,btc,0.0,0.00096116,0,btc,0.0,0.0,0.0,112
1,[],22,[],2019-03-13 18:05:20,47455.0,0.00000002,0.000000000000773662,6922822,2019-03-13 18:05:20,BTC,2.7975128,0.0,0.00000002,BTC,826524.0833333334,0.0,0.00092944,112
0.0000000003403879,[],27,[],2019-03-13 18:05:22,2000.0,3.403879e-18,1.316725917449e-22,6922823,2019-03-13 18:05:22,eth,1.24996908,0.0,0.00000001,"btc,eth",1289.0,0.0,6.807758e-15,112
1,[],4,[],2019-03-13 18:05:23,1306594.66504256,0.00000190,0.00000000007349789,6922824,2019-03-13 18:05:23,btc,5.006906138084741,0.0,0.00000190,btc,377840.8968194,0.06652167,1.0089464516110993,113
1,[],5,[],2019-03-13 18:05:25,0.0,0,0,6922825,2019-03-13 18:05:25,btc,0.0,2.54e-06,0,btc,0.0,0.0,0.0,113
0,[],27,[],2019-03-13 18:05:38,0.0,0,0,6922826,2019-03-13 18:05:38,,0.0,0.0,0,btc,0.0,0.0,0.0,116
1,[],17,[],2019-03-13 17:40:22,152738.278,0.00000004,0.0000000000015466280000000001,6922633,2019-03-13 17:40:22,btc,1.336803027469334,0.0,0.00000004,btc,51896.221,0.0,0.0022095311199999998,116
1,[],4,[],2019-03-13 18:05:40,95913.60935965,0.00003613,0.000000001397620403,6922827,2019-03-13 18:05:40,btc,84.94593117520735,0.0,0.00003613,btc,33765.59293172,3.33781932,1.9793981880502258,120
1,[],7,[],2019-03-13 18:05:42,20806.01120595,0.0000288300000000000001035803387505751516073360107839107513427734375,0.000000001115233773,6922828,2019-03-13 18:05:42,btc,115652.50423252767,354.2142837,0.0000288300000000000001035803387505751516073360107839107513427734375,btc,26280.08424784,0.01386988,0.052323691583460806,120
1,[],20,[],2019-03-13 18:05:45,1617562.1245,0.000000034,0.0000000000013152254,6922829,2019-03-13 18:05:45,btc,33.5719235046648,132799.8438,0.000000034,btc,1028083.5986,0.0045151946892,0.0136835894756,125
1,[],22,[],2019-03-13 18:05:57,3053.0,0.00000001,0.000000000000386831,6922830,2019-03-13 18:05:57,BTC,0.01444887,0.0,0.00000001,BTC,296263.5111111111,0.0,3.053e-05,126
1,[],4,[],2019-03-13 18:05:58,139420.8541003,0.00001193,0.000000000461489383,6922831,2019-03-13 18:05:58,btc,3.577422069053477,0.0,0.00001193,btc,122214.38232934,0.1318053,0.5529315362493402,131
0,[],17,[],2019-03-13 18:06:00,0.0,0,0,6922832,2019-03-13 18:06:00,btc,0.0009561751951600001,0.0,0,btc,35.42829368,0.0,0.0,131
0,[],2,[],2019-01-20 23:25:46,0.0,0,0,6476969,2019-01-20 23:25:46,,0.0,0.0,0,,0.0,0.0,0.0,131
1,[],4,[],2019-03-13 18:06:01,4614.3577112,0.00017087,0.000000006609781297,6922833,2019-03-13 18:06:01,btc,1.608919825127998,0.0,0.00017087,btc,203.58765242,0.0041121,0.0182246909725381,135
1,[],3,[],2019-03-07 00:20:44,877702.73244099,0.00000004,0.00000000000154846,6863392,2019-03-07 00:20:44,btc,0.119366241821405,0.0,0.00000004,btc,760637.99421222,0.0,0.023771231960604298,136
1,[],4,[],2019-03-13 18:06:03,429592.48268669,0.00000143,0.000000000055316833,6922834,2019-03-13 18:06:03,btc,38.61894658332836,0.0,0.00000143,btc,538213.53180138,0.01007053,0.0211293772620945,137
1,[],12,[],2019-03-13 18:06:04,175936.07960198,0.000001349999999999999991849510168340220417348973569460213184356689453125,0.000000000052222185,6922835,2019-03-13 18:06:04,btc,5.0478401969020394,0.0,0.000001349999999999999991849510168340220417348973569460213184356689453125,btc,4664.56537105,0.0040112416265225,0.0064751725373001,137
1,[],4,[],2019-03-13 18:06:05,11442.77539459,0.00003152,0.000000001219291312,6922836,2019-03-13 18:06:05,btc,28.430649633120982,0.0,0.00003152,btc,47775.48583104,0.18697299,0.2168423372182923,142
1,[],5,[],2019-03-13 18:06:06,0.0,0,0,6922837,2019-03-13 18:06:06,btc,0.0,0.10035955,0,btc,0.0,0.0,0.0,142
1,[],20,[],2019-03-13 18:06:19,153129.256,0.000030005,0.0000000011606864155,6922838,2019-03-13 18:06:19,btc,0.3367868013272,8.9301,0.000030005,btc,2264.2765,0.0002946933,0.3105556919951,142
1,[],22,[],2019-03-13 18:06:39,1470.2803921568627,0.00001020,0.00000000039456762,6922839,2019-03-13 18:06:39,BTC,3.0054103,0.0,0.00001020,BTC,910.5995,2.474e-05,0.00121106,142
0.0,[],25,[],2019-03-13 18:06:40,0.0,0,0,6922840,2019-03-13 18:06:40,,0.0,0.0,0.0,btc,0.0,0.0,0.0,142
1,[],28,[],2019-03-13 18:06:43,76600.0,0.00002270,0.00000000087810637,6922841,2019-03-13 18:06:43,btc,0.067100461059305,1492.0,0.00002270,btc,552.61077999,0.0,0.0154572,142
1,[],17,[],2019-03-13 17:40:56,22967.386363640002,0.00000088,0.000000000034025816000000006,6922646,2019-03-13 17:40:56,btc,20.069913352652925,0.0,0.00000088,btc,2746.079105,0.0,0.0104613000000032,142
0,[],22,[],2019-03-13 15:33:20,0.0,0,0,6921615,2019-03-13 15:33:20,,65.83990167,0.0,0,,1043231670.8,0.0,0.0,143
0,[],22,[],2019-02-25 15:42:22,0.0,0,0,6783783,2019-02-25 15:42:22,,4.2131946,0.0,0,,2322156.0,0.0,0.0,146
,[],22,[],2018-11-20 23:01:11,0.0,0,0,4862114,2018-11-20 23:01:11,,2.56807021,0.0,,,61828.4988236,0.0,0.0,147
1,[],12,[],2019-03-13 18:06:44,343473.03331429,0.00000172000000000000004922169442866941579950434970669448375701904296875,0.000000000066534932,6922842,2019-03-13 18:06:44,btc,7.932746998381845,0.0,0.00000172000000000000004922169442866941579950434970669448375701904296875,btc,101645.33942272,0.0005151,0.07652821999986979,148
1,[],4,[],2019-03-13 18:06:46,248982.58331821,0.00000029,0.000000000011218099,6922843,2019-03-13 18:06:46,btc,219.99420193354877,0.0,0.00000029,btc,832875.78510436,0.00118436,0.0590158698241709,152
0,[],22,[],2019-03-13 18:07:07,0.0,0,0,6922844,2019-03-13 18:07:07,,0.0,0.0,0,,0.0,0.0,0.0,152
1,[],5,[],2019-03-13 18:07:10,0.0,0,0,6922845,2019-03-13 18:07:10,btc,0.0,0.0,0,btc,0.0,0.0,0.0,153
,[],16,[],2019-01-11 15:38:59,0.0,0,0,6366141,2019-01-11 15:38:59,btc,0.0,0.0,,btc,0.0,0.0,0.0,155
0,[],22,[],2019-03-13 18:07:23,0.0,0,0,6922846,2019-03-13 18:07:23,,6.7463775,0.0,0,,4673391.242592593,0.0,0.0,156
0,[],23,[],2019-01-20 23:24:29,0.0,0,0,6476932,2019-01-20 23:24:29,,0.0,0.0,0,,0.0,0.0,0.0,156
1,[],22,[],2019-03-13 18:09:01,7073.8,0.00005300,0.0000000020502043,6922847,2019-03-13 18:09:01,BTC,1.79802465,0.0,0.00005300,BTC,802.6461988741639,0.0,0.00104336,157
0,[],22,[],2019-03-13 18:09:18,0.0,0,0,6922848,2019-03-13 18:09:18,,50175.67608608,0.0,0,,54079135.04179466,0.0,0.0,158
,[],17,[],2018-11-20 22:56:10,0.0,0,0,4861976,2018-11-20 22:56:10,btc,1.1265625,0.0,,btc,1000.0,0.0,0.0,159
,[],20,[],2018-11-20 22:56:12,0.0,0,0,4861977,2018-11-20 22:56:12,btc,11912.7940471,0.0,,btc,34413894.3617,0.0,0.0,159
1,[],12,[],2019-03-13 18:09:19,231936.1778352,0.000007580000000000000271089574399585586661487468518316745758056640625,0.000000000293217898,6922849,2019-03-13 18:09:19,btc,1.7064223663969555,0.0,0.000007580000000000000271089574399585586661487468518316745758056640625,btc,9859.860582020001,0.0014593831,0.09636964249986389,168
1,[],17,[],2019-03-13 18:09:30,29784.95,0.000001,0.000000000038683099999999995,6922850,2019-03-13 18:09:30,btc,0.03026736251542,0.0,0.000001,btc,144.46171372,0.0,0.00716147,168
0,[],22,[],2019-03-13 18:09:41,0.0,0,0,6922851,2019-03-13 18:09:41,,1.1340533,0.0,0,,524928.174707144,0.0,0.0,169
1,[],22,[],2019-03-13 18:09:55,208811.0,0.00000013,0.000000000005028803,6922852,2019-03-13 18:09:55,BTC,14.34996927,0.0,0.00000013,BTC,154121.7107441047,0.0001102,0.00303802,171
1,[],22,[],2019-03-13 18:10:13,716172.3333333334,0.00000012,0.000000000004641972,6922853,2019-03-13 18:10:13,BTC,2.60035776,0.0,0.00000012,"BTC,LTC",337558.34656477964,0.00019622,0.02576624,173
1,[],5,[],2019-03-05 01:59:40,0.0,0,0,6845846,2019-03-05 01:59:40,btc,0.0,0.00384852,0,btc,0.0,0.0,0.0,175
1,[],22,[],2019-03-13 18:10:26,35500.0,0.00000012,0.000000000004641972,6922854,2019-03-13 18:10:26,BTC,0.54559973,0.0,0.00000012,BTC,137776.41444619838,0.0,0.00206,176
1,[],7,[],2019-03-13 18:10:29,0.0,0,0,6922855,2019-03-13 18:10:29,btc,408082.64447418746,0.0,0,btc,111357382.24961711,0.0,0.0,178
0,[],22,[],2019-03-13 18:10:39,0.0,0,0,6922856,2019-03-13 18:10:39,,1.00242438,0.0,0,,57522.0,0.0,0.0,178
0,[],2,[],2019-01-20 23:28:34,0.0,0,0,6477001,2019-01-20 23:28:34,,0.0,0.0,0,,0.0,0.0,0.0,178
1,[],5,[],2019-03-13 18:10:41,0.0,0,0,6922857,2019-03-13 18:10:41,btc,0.0,0.06025065,0,btc,0.0,0.0,0.0,179
1,[],22,[],2019-03-13 18:12:42,6867106.0,0.00000002,0.000000000000773662,6922858,2019-03-13 18:12:42,BTC,5.63100652,0.0,0.00000002,BTC,17355770.756535422,0.0,0.37228284,179
0,[],23,[],2019-01-20 23:25:08,0.0,0,0,6476952,2019-01-20 23:25:08,,0.0,0.0,0,,0.0,0.0,0.0,179
1,[],22,[],2019-03-13 18:13:21,665186.7090909091,0.00000177,0.00000000006846908700000001,6922859,2019-03-13 18:13:21,BTC,0.21217112,0.0,0.00000177,"BTC,LTC",60541.817620546586,0.00760576,0.57025338,180
1,[],26,[],2019-03-13 18:13:21,0.0,0.00000125,0.000000000048353875,6922860,2019-03-13 18:13:21,btc,0.0,0.0,0.00000125,btc,0.0,0.0,0.0,180
1,[],17,[],2019-03-13 17:46:26,10504.725,0.0000001,0.00000000000386657,6922668,2019-03-13 17:46:26,btc,5.2010695838170005,0.0,0.0000001,btc,4994.45945,0.0,0.0010504725,180
,[],7,[],2018-11-20 22:58:01,562227.975654,0.00000085,0.000000000036176765,4862015,2018-11-20 22:58:01,btc,21836.6059674,2491.87645172,,btc,749999.041456,0.00211021,0.127565380455,183
,[],5,[],2019-01-10 08:11:41,0.0,0,0,6347036,2019-01-10 08:11:41,btc,82.15055501,0.00261,,btc,1.19002445,0.0,0.0,187
1,[],24,[],2019-03-13 18:13:22,0.0,0.000000000001,3.8683100000000003e-17,6922861,2019-03-13 18:13:22,btc,0.0,0.0,0.000000000001,btc,0.0,0.0,0.0,187
,[],17,[],2018-11-16 20:58:10,4062536.27273,0.00000001,0.000000000000550501,4708775,2018-11-16 20:58:10,btc,3.36492563466,0.195460381006,,"btc,eth",110697919.549,0.0,0.0157628953496,187
0,[],22,[],2019-03-13 18:13:33,0.0,0,0,6922862,2019-03-13 18:13:33,,7.54797454,0.0,0,,79361.7243344055,0.0,0.0,191
0,[],22,[],2019-03-13 18:13:58,0.0,0,0,6922863,2019-03-13 18:13:58,,0.0,0.0,0,,0.0,0.0,0.0,197
0,[],23,[],2019-01-20 23:31:41,0.0,0,0,6477079,2019-01-20 23:31:41,,0.0,0.0,0,,0.0,0.0,0.0,199
0,[],22,[],2019-03-13 18:14:16,0.0,0,0,6922864,2019-03-13 18:14:16,,5.19581047,0.0,0,,21561978.0,0.0,0.0,199
1,[],26,[],2019-03-13 18:14:17,0.0,0.00000000,0,6922865,2019-03-13 18:14:17,btc,0.0,130274.0,0.00000000,btc,0.0,0.0,0.0,199
0,[],17,[],2019-01-30 16:32:01,0.0,0,0,6540827,2019-01-30 16:32:01,btc,6.802544163788159,0.0,0,btc,105897.55575295,0.0,0.0,200
0,[],2,[],2019-01-20 23:30:49,0.0,0,0,6477059,2019-01-20 23:30:49,,0.0,0.0,0,,0.0,0.0,0.0,201
1,[],4,[],2019-01-25 15:51:35,2084389.58565343,0.00000936,0.000000000333526752,6499557,2019-01-25 15:51:35,btc,2.0092503037378524,0.0,0.00000936,btc,160195.80207885,0.19272417,1.242687955921835,211
1,[],7,[],2019-03-13 18:14:20,5041963.02653847,0.00000101999999999999997501889774376149233603428001515567302703857421875,0.000000000039456762,6922866,2019-03-13 18:14:20,btc,15476654.65683771,1877544.47614,0.00000101999999999999997501889774376149233603428001515567302703857421875,btc,13322182.57261713,0.0,2.4819724101703984,212
1,[],12,[],2019-01-25 02:44:32,207462.42853209,0.000001080000000000000035831255497387193287295303889550268650054931640625,0.000000000038610756000000006,6493050,2019-01-25 02:44:32,btc,85023.03793723314,0.0,0.000001080000000000000035831255497387193287295303889550268650054931640625,btc,43675.73520027,0.000146250909087,0.0348620860622024,213
1,[],5,[],2019-03-13 17:50:13,0.0,0,0,6922677,2019-03-13 17:50:13,btc,0.0,0.0652411,0,btc,0.0,0.0,0.0,213
1,[],24,[],2019-03-13 17:50:13,0.0,0.000000150000,0.000000000005799855000000001,6922678,2019-03-13 17:50:13,btc,0.0,0.0,0.000000150000,btc,0.0,0.0,0.0,213
1,[],26,[],2019-03-13 17:50:13,0.0,0.00000010,0.00000000000386657,6922679,2019-03-13 17:50:13,btc,0.0,0.0,0.00000010,btc,0.0,0.0,0.0,213
1,[],22,[],2019-03-13 18:14:45,49000.0,0.00000002,0.000000000000773662,6922867,2019-03-13 18:14:45,BTC,2.27972134,0.0,0.00000002,BTC,650798.3963726171,0.0,0.00073,216
1,[],27,[],2019-03-13 18:14:47,1298122.0,0.00000003,0.000000000001160493,6922868,2019-03-13 18:14:47,btc,317.9840526547724,0.0,0.00000003,"btc,ltc",240753.990324,0.0,0.03375764000025799,216
1,[],22,[],2019-03-13 18:15:15,219512.11184210525,0.00000153,0.000000000059185143,6922869,2019-03-13 18:15:15,BTC,12543.57587459,0.0,0.00000153,BTC,418851.78358447854,0.05177572,0.25455729,217
1,[],7,[],2019-03-13 18:15:16,0.0,0,0,6922870,2019-03-13 18:15:16,btc,77971.81411323446,0.0,0,btc,135963412.7426053,0.0,0.0,219
0,[],27,[],2019-03-13 18:15:18,0.0,0,0,6922871,2019-03-13 18:15:18,,0.0404796,0.0,0,btc,2057905.0,0.0,0.0,219
0.0000000000000052,[],28,[],2019-03-13 18:15:20,171578396.705,9.1026e-18,3.5211678606e-22,6922872,2019-03-13 18:15:20,doge,86217.0756560575,14549.0,0.00175050,"btc,doge",3933098.30521,0.0,2.493544688178804e-11,219
1,[],22,[],2019-03-13 18:15:34,406759.0,0.00000008,0.000000000003094648,6922873,2019-03-13 18:15:34,BTC,18.0683074,0.0,0.00000008,BTC,93423.54541875875,0.0,0.01939217,221
1,[],24,[],2019-03-13 18:15:34,0.0,0.000000200000,0.00000000000773662,6922874,2019-03-13 18:15:34,btc,0.0,0.0,0.000000200000,btc,0.0,0.0,0.0,221
1,[],20,[],2019-03-13 18:15:37,42495605.3129,0.000000002,0.0000000000000773662,6922875,2019-03-13 18:15:37,btc,49.3196041351525,331138.4986,0.000000002,btc,15396205.7128,0.0014333358558,0.0458858811005,224
0,[],22,[],2019-03-13 18:15:46,0.0,0,0,6922876,2019-03-13 18:15:46,,0.0,0.0,0,,0.0,0.0,0.0,224
1,[],26,[],2019-03-13 18:15:47,0.0,0.00000035,0.000000000013539085,6922877,2019-03-13 18:15:47,btc,0.0,0.0,0.00000035,btc,0.0,0.0,0.0,231
1,[],26,[],2019-03-13 17:51:32,0.0,0.00000005,0.000000000001933285,6922691,2019-03-13 17:51:32,btc,0.0,200.0,0.00000005,btc,0.0,0.0,0.0,234
0.00000000034059359999999997,[],27,[],2019-03-13 17:51:34,2000.0,3.405936e-18,1.316928995952e-22,6922692,2019-03-13 17:51:34,eth,0.01134836604,0.0,0.00000001,"btc,eth",11462.996,0.0,6.811872e-15,234
1,[],4,[],2019-03-13 17:51:36,793138.91427166,0.00000068,0.000000000026292676,6922693,2019-03-13 17:51:36,btc,4.230148191685682,0.0,0.00000068,btc,1274473.80156643,0.04332933,0.1978869236152508,236
1,[],24,[],2019-03-13 17:51:36,0.0,0.000000500000,0.00000000001933285,6922694,2019-03-13 17:51:36,btc,0.0,0.0,0.000000500000,btc,0.0,0.0,0.0,236
1,[],20,[],2019-03-13 18:15:48,226347426.3716,0.000000047,0.0000000000018181057,6922878,2019-03-13 18:15:48,btc,10.6440929797039,13535013.526,0.000000047,btc,33808812.755,0.6952998989867,0.3284401639438,237
0.0000000001433274,[],22,[],2019-03-13 18:16:06,751594.9,2.4365658000000002e-17,9.425391849798e-22,6922879,2019-03-13 18:16:06,LTC,0.0405823,0.0,0.00000017,LTC,3164.0,0.0,0.12541949,237
1,[],4,[],2019-03-13 18:16:08,7100900.31583682,0.00000033,0.000000000012765423000000001,6922880,2019-03-13 18:16:08,btc,6.392353981667654,0.0,0.00000033,btc,10555557.83144297,0.48868064,1.6741938792602016,238
1,[],5,[],2019-03-13 18:16:09,0.0,0,0,6922881,2019-03-13 18:16:09,btc,0.0,0.01869273,0,btc,0.0,0.0,0.0,238
0,[],22,[],2019-03-12 16:49:32,0.0,0,0,6914458,2019-03-12 16:49:32,,0.40415746,0.0,0,,526736.5639027493,0.0,0.0,249
0.00000000014344579999999999,[],22,[],2019-03-13 17:52:28,48657067.666666664,5.7378319999999994e-18,2.218572907624e-22,6922699,2019-03-13 17:52:28,LTC,0.95047601,0.0,0.00000004,LTC,18518358.353636365,2.468030891656e-12,1.16441881,252
1,[],28,[],2019-03-13 18:16:11,2320959.06,0.00000059,0.000000000022823029,6922882,2019-03-13 18:16:11,btc,164780.3488974059,60621.58,0.00000059,btc,308705.809,0.0,0.64282837101,256
1,[],22,[],2019-03-13 17:52:54,1342317.3333333333,0.00000003,0.0000000000011599710000000001,6922701,2019-03-13 17:52:54,BTC,31.44450139,0.0,0.00000003,BTC,562532.8568978057,0.00084087,0.01920244,258
1,[],22,[],2019-03-13 00:07:30,47146.0,0.00000001,0.000000000000387233,6917028,2019-03-13 00:07:30,BTC,2.415167,0.0,0.00000001,BTC,157.0,0.0,0.00047146,259
1,[],5,[],2019-03-13 18:16:13,0.0,0,0,6922883,2019-03-13 18:16:13,btc,0.0,0.08226373,0,btc,0.0,0.0,0.0,264
1,[],20,[],2019-03-13 18:16:15,1215993.0432,0.00000216,0.000000000083555496,6922884,2019-03-13 18:16:15,btc,7.1551170154619,24689.9991,0.00000216,btc,101012.2359,0.0746317067456,0.0184312335371,264
0,[],22,[],2019-03-13 18:16:27,0.0,0,0,6922885,2019-03-13 18:16:27,,8.75660439,0.0,0,,474745.2241309945,0.0,0.0,271
0,[],22,[],2019-03-13 17:53:23,0.0,0,0,6922705,2019-03-13 17:53:23,,111821.04152134,0.0,0,,13992847597.692,0.0,0.0,272
0.0000000000000053,[],28,[],2019-03-13 17:53:29,209179556712.905,4.77e-21,1.8443538900000002e-25,6922706,2019-03-13 17:53:29,doge,147694315.95927963,5904475543.538,0.0000009,doge,242540820485.6149,0.0,5.69271712042138e-10,272
1,[],22,[],2019-03-13 17:53:49,271562.0811764706,0.00000200,0.0000000000773314,6922707,2019-03-13 17:53:49,BTC,383.68520373,0.0,0.00000200,"BTC,LTC",74910.38178576677,0.00237542,0.12065437,281
1,[],22,[],2019-03-13 17:54:22,476882.625,0.00000012,0.0000000000046398840000000005,6922708,2019-03-13 17:54:22,BTC,1.36384007,0.0,0.00000012,BTC,235916.43484881354,0.02469886,0.03469192,286
0,[],22,[],2019-03-13 05:14:01,0.0,0,0,6918528,2019-03-13 05:14:01,,1044638.85409864,0.0,0,,705144707.0,0.0,0.0,294
