pairValue,buyBook,exchangeId,sellBook,updated,buyTotal,satoshiPrice,usdPrice,exchangeLogId,created,bestPair,sellTotalBtc,volume,pairPrice,activePairs,sellTotal,volumeBtc,buyTotalBtc,coinId
1,[],3,[],2019-07-01 23:14:54,31392.37666292967,0.00835909999999999951680873522263937047682702541351318359375,0.0000008872933877,7785866,2019-07-01 23:14:54,btc,10.933580254748643,79.8397511044,0.00835909999999999951680873522263937047682702541351318359375,btc,37.43012062602,0.0,0.2473269686860676,1
1,[],4,[],2019-07-01 23:14:55,208590.40944604,0.00839136,0.0000008907176899200001,7785867,2019-07-01 23:14:55,btc,9.690006504552489,0.0,0.00839136,btc,490.27004299,3.94535782,3.4896751815123457,1
1,[],5,[],2019-07-01 23:14:58,0.0,0,0,7785868,2019-07-01 23:14:58,btc,0.0,0.00358506,0,btc,0.0,0.0,0.0,1
1,[],10,[],2019-07-01 23:15:01,246573.07900141,0.0029409,0.00000031216771230000005,7785869,2019-07-01 23:15:01,btc,6525.665649098393,1212.61419632,0.0029409,btc,1942.38328804,0.0,1.4059948470461048,1
1,[],12,[],2019-07-01 23:15:04,100.91743085,0.0084100000000000008082423619271139614284038543701171875,0.0000008926962700000002,7785870,2019-07-01 23:15:04,btc,0.6341039805906,0.0,0.0084100000000000008082423619271139614284038543701171875,btc,26.03240565,1.473171788211,0.17966349400099998,1
1,[],20,[],2019-07-01 23:15:06,928.7074,0.008100031,0.0000008597939905570001,7785871,2019-07-01 23:15:06,btc,0.1464052194621,0.7172,0.008100031,btc,10.8279,0.006721799047,0.1302166916007,1
1,[],21,[],2019-07-01 23:15:08,2331.23483455,0.008418129999999999363291536270,0.00000089355924511,7785872,2019-07-01 23:15:08,btc,10.61786534762777,3083.24871014,0.0084181299999999993632915362695712246932089328765869140625,"btc,eth",1768.89718823,24.571306072170092,13.481066110660555,1
1,[],22,[],2019-07-01 23:15:13,1.5199,0.00850000,0.0000009022495000000001,7785873,2019-07-01 23:15:13,BTC,0.01667896,0.0,0.00850000,BTC,0.2541810146658512,0.0,0.00927189,1
1,[],24,[],2019-07-01 23:15:14,0.0,0.000000000000,0,7785874,2019-07-01 23:15:14,btc,0.0,0.0,0.000000000000,btc,0.0,0.0,0.0,1
0.0,[],25,[],2019-07-01 23:15:15,0.0,0,0,7785875,2019-07-01 23:15:15,btc,5.6770999995974405,3528.98202982,0.0,btc,624.76425485,29.492,0.0,1
1,[],26,[],2019-07-01 23:15:18,0.0,0,0,7785876,2019-07-01 23:15:18,,0.0,0.0,0,,0.0,0.0,0.0,1
1,[],28,[],2019-07-01 23:15:35,1039.924,0.00730000,0.0000007748731,7785877,2019-07-01 23:15:35,btc,0.374000830075,121485.0,0.00730000,btc,23.7132,0.0,0.268011296,1
0,[],2,[],2019-01-20 23:28:45,0.0,0,0,6477011,2019-01-20 23:28:45,,0.0,0.0,0,,0.0,0.0,0.0,1
1,[],5,[],2019-06-17 14:29:02,0.0,0,0,7740076,2019-06-17 14:29:02,btc,0.0,2.72e-05,0,btc,0.0,0.0,0.0,2
1,[],22,[],2019-06-17 14:29:06,11550.3,0.0000002,0.0000000000185828,7740077,2019-06-17 14:29:06,BTC,21.00897301,0.0,0.0000002,"BTC,XMR",20678.87287795317,1.754e-05,0.00143681,2
1,[],5,[],2019-06-03 14:48:58,0.0,0,0,7731126,2019-06-03 14:48:58,btc,0.0,0.05905545,0,btc,0.0,0.0,0.0,3
1,[],12,[],2019-06-03 14:48:59,3468623.70302,0.000000116,0.000000000009823402000000002,7731127,2019-06-03 14:48:59,btc,169531.0336573751,0.0,0.000000116,btc,2361209.62379607,0.041350953071,0.33764769154428,3
0,[],28,[],2019-06-03 14:49:00,0.0,0,0,7731128,2019-06-03 14:49:00,,0.0,0.0,0,,0.0,0.0,0.0,3
0,[],2,[],2019-01-20 23:31:32,0.0,0,0,6477077,2019-01-20 23:31:32,,0.0,0.0,0,,0.0,0.0,0.0,4
1,[],4,[],2019-05-18 21:29:50,562734.9206932,0.00000010,0.000000000007298720000000001,7650946,2019-05-18 21:29:50,btc,41.9347137769675,0.0,0.00000010,btc,1123702.32192634,0.00052462,0.029254593370966,4
0,[],12,[],2019-06-02 05:03:43,0.0,0,0,7724919,2019-06-02 05:03:43,btc,625.901992874995,0.0,0,btc,1211362.4995005,0.0,0.0,5
0,[],2,[],2019-01-20 23:31:51,0.0,0,0,6477087,2019-01-20 23:31:51,,0.0,0.0,0,,0.0,0.0,0.0,6
1,[],11,[],2019-07-01 23:15:37,4305910.27673599,0.00000001,0.0000000000010614700000000001,7785878,2019-07-01 23:15:37,btc,9583.606959622211,3293000.0,0.00000001,btc,77903670.53970686,0.0,0.0430591027673599,6
1,[],3,[],2019-07-01 23:15:37,12622.807026780318,0.0000600500000000000027353987130940282668234431184828281402587890625,0.000000006374127350000001,7785879,2019-07-01 23:15:37,btc,1026.3051067055114,627.29874475,0.0000600500000000000027353987130940282668234431184828281402587890625,btc,413.767671504402,0.0,0.02071215916510605,7
1,[],4,[],2019-07-01 23:15:38,316365.03030705,0.00007907,0.00000000839304329,7785880,2019-07-01 23:15:38,btc,7.9817922210523875,0.0,0.00007907,btc,54987.24495737,1.91100085,2.090885186933971,7
1,[],5,[],2019-07-01 23:15:39,0.0,0,0,7785881,2019-07-01 23:15:39,btc,0.0,0.10621891,0,btc,0.0,0.0,0.0,7
1,[],20,[],2019-04-07 22:06:50,3201475.0482,0.000000001,0.000000000000051590000000000004,7213932,2019-04-07 22:06:50,btc,30.8005781811902,0.0,0.000000001,btc,23077405.3926,0.0,0.0032014750482,8
0,[],2,[],2019-01-20 23:22:42,0.0,0,0,6476876,2019-01-20 23:22:42,,0.0,0.0,0,,0.0,0.0,0.0,9
0,[],23,[],2019-01-20 23:22:48,0.0,0,0,6476878,2019-01-20 23:22:48,,0.0,0.0,0,,0.0,0.0,0.0,9
1,[],4,[],2019-07-01 23:15:42,2079714.85763885,0.00000041,0.00000000004352027,7785882,2019-07-01 23:15:42,btc,2.862439995203441,0.0,0.00000041,btc,3088706.51889711,0.45511659,0.401125826057047,9
1,[],28,[],2019-07-01 23:15:50,20043.809,0.00000042,0.000000000044581740000000005,7785883,2019-07-01 23:15:50,btc,2708.78161732885,134495.0,0.00000042,btc,35184.584,0.0,0.00270157978,9
1,[],1,[],2019-02-17 23:31:42,1822507.21,0.00000181000000000000003456111265232042484285557293333113193511962890625,0.000000000066086901,6701244,2019-02-17 23:31:42,btc,3.6990969245,17153386.5,0.00000181000000000000003456111265232042484285557293333113193511962890625,btc,1997391.71,31.11772986,3.2610482446,9
1,[],4,[],2019-02-17 11:22:43,4341674.27126056,0.00000002,0.0000000000007272960000000001,6696112,2019-02-17 11:22:43,btc,0.1997230937751353,0.0,0.00000002,btc,4109766.79808031,0.00215132,0.0479381022052112,10
0,[],2,[],2019-01-20 23:23:08,0.0,0,0,6476890,2019-01-20 23:23:08,,0.0,0.0,0,,0.0,0.0,0.0,12
1,[],4,[],2019-07-01 23:15:51,6840693.41308671,0.00000028,0.000000000029721160000000006,7785884,2019-07-01 23:15:51,btc,7.44193496905382,0.0,0.00000028,btc,8355356.04600976,0.30018424,0.7762821432233663,12
1,[],5,[],2019-07-01 23:15:52,0.0,0,0,7785885,2019-07-01 23:15:52,btc,0.0,0.0001778,0,btc,0.0,0.0,0.0,12
0.0,[],25,[],2019-07-01 23:15:54,0.0,0,0,7785886,2019-07-01 23:15:54,,0.0,0.0,0.0,btc,0.0,0.0,0.0,12
1,[],4,[],2019-07-01 23:15:55,573188.09623236,0.00000260,0.00000000027598220000000004,7785887,2019-07-01 23:15:55,btc,2.1295180122985977,0.0,0.00000260,btc,380292.99072633,0.25969157,0.3402394840254758,13
1,[],10,[],2019-07-01 23:15:57,611780.15828181,0.00000241,0.00000000025581427,7785888,2019-07-01 23:15:57,btc,666797.6523212944,8819.42510874,0.00000241,btc,871309.18011688,0.0,0.2650458010030259,13
1,[],21,[],2019-07-01 23:15:59,7488502.7458982095,0.000002579999999999999862074304829,0.00000000027385926,7785889,2019-07-01 23:15:59,btc,2.290331241358475,1592118.91325377,0.0000025799999999999998620743048294290389321758993901312351226806640625,btc,676715.30376808,3.94534839,3.7350207381405425,13
1,[],4,[],2019-07-01 23:16:00,1048002.3626749,0.00000039,0.000000000041397330000000004,7785890,2019-07-01 23:16:00,btc,2.7243675816349753,0.0,0.00000039,btc,758484.27262491,0.00262399,0.1109218659508711,14
1,[],12,[],2019-07-01 23:16:01,202717.78260869,0.00000032,0.000000000033967040000000004,7785891,2019-07-01 23:16:01,btc,191.49007669415784,0.0,0.00000032,btc,41602.06442848,6.533e-05,0.0087529299999987,14
1,[],26,[],2019-07-01 23:18:01,0.0,0.00000050,0.0000000000530735,7785892,2019-07-01 23:18:01,btc,0.0,0.0,0.00000050,btc,0.0,0.0,0.0,14
0,[],17,[],2019-05-03 00:53:32,0.0,0,0,7558876,2019-05-03 00:53:32,btc,0.0,0.0,0,btc,0.0,0.0,0.0,14
0,[],4,[],2019-07-01 23:18:02,0.0,0,0,7785893,2019-07-01 23:18:02,,0.0,0.0,0,,0.0,0.0,0.0,15
,[],12,[],2018-12-01 15:15:48,204241.84496,0.00000489,0.000000000202473384,5260204,2018-12-01 15:15:48,btc,49.5475654835,0.0,,btc,35763.2193806,0.0163153972027625,0.0203389899998,15
0,[],2,[],2019-01-20 23:23:38,0.0,0,0,6476906,2019-01-20 23:23:38,,0.0,0.0,0,,0.0,0.0,0.0,18
1,[],4,[],2019-07-01 23:18:04,33162.2734827,0.00000808,0.00000000085766776,7785894,2019-07-01 23:18:04,btc,2.365905414952611,0.0,0.00000808,btc,16998.51638308,0.0399783,0.0557926085799016,18
1,[],10,[],2019-07-01 23:18:07,436875.82591697,0.00000785,0.00000000083325395,7785895,2019-07-01 23:18:07,btc,15.054617494575544,9965.48982258,0.00000785,btc,18151.52420472,0.0,0.4585317553951736,18
1,[],12,[],2019-07-01 23:18:08,2155.22876332,0.00000800999999999999954224116915924014392658136785030364990234375,0.0000000008502374700000001,7785896,2019-07-01 23:18:08,btc,0.529409199696353,0.0,0.00000800999999999999954224116915924014392658136785030364990234375,btc,1922.05839621,4e-07,0.0043841547539432,18
0,[],17,[],2019-05-03 00:53:39,0.0,0,0,7558882,2019-05-03 00:53:39,btc,0.0,0.0,0,btc,0.0,0.0,0.0,18
0,[],2,[],2019-01-20 23:24:19,0.0,0,0,6476924,2019-01-20 23:24:19,,0.0,0.0,0,,0.0,0.0,0.0,19
1,[],3,[],2019-07-01 23:20:09,162217.66973663,0.00000798999999999999973372862005493999504324165172874927520751953125,0.00000000084811453,7785897,2019-07-01 23:20:09,btc,190.33652141489623,15936.0573282,0.00000798999999999999973372862005493999504324165172874927520751953125,btc,18745.900526850633,0.0,0.11067430101709791,19
1,[],4,[],2019-07-01 23:20:10,322725.54381908,0.00000672,0.0000000007133078400000001,7785898,2019-07-01 23:20:10,btc,2.7985982944652354,0.0,0.00000672,btc,193085.30581836,0.58641075,1.3588680850019925,19
1,[],5,[],2019-07-01 23:20:12,0.0,0,0,7785899,2019-07-01 23:20:12,btc,0.0,5.376e-05,0,btc,0.0,0.0,0.0,19
1,[],12,[],2019-07-01 23:20:13,107399.38350758,0.000005800000000000000372813759030865554677802720107138156890869140625,0.0000000006156526000000001,7785900,2019-07-01 23:20:13,btc,0.3710717508266661,0.0,0.000005800000000000000372813759030865554677802720107138156890869140625,btc,2991.38421058,0.001959266353,0.0100868599998188,19
0,[],27,[],2019-07-01 23:20:19,0.0,0,0,7785901,2019-07-01 23:20:19,,0.0,0.0,0,btc,0.0,0.0,0.0,19
1,[],4,[],2019-07-01 23:20:20,9925191.09278478,0.00000005,0.000000000005307350000000001,7785902,2019-07-01 23:20:20,btc,5.162858526649613,0.0,0.00000005,btc,2244806.83713707,0.0,0.1102994166205056,20
0,[],4,[],2019-07-01 23:20:21,0.0,0,0,7785903,2019-07-01 23:20:21,,13630.873913937572,0.0,0,,166213653.47370672,0.0,0.0,21
0,[],12,[],2019-07-01 23:20:22,0.0,0,0,7785904,2019-07-01 23:20:22,btc,2602.9646388174624,0.0,0,btc,10399489.54445551,0.0,0.0,21
0,[],17,[],2019-05-03 00:53:51,0.0,0,0,7558891,2019-05-03 00:53:51,btc,0.0,0.0,0,btc,0.0,0.0,0.0,21
1,[],12,[],2019-07-01 23:22:24,6210179347.864567,0.0000000006,0.0000000000000636882,7785905,2019-07-01 23:22:24,btc,1426620312880.0488,0.0,0.0000000006,btc,2892694451.439693,0.199034793911,1.9526814469454834,23
0.0000000002786213,[],27,[],2019-07-01 23:22:30,37652727.01298692,1.0866230699999999e-16,1.1534177901129001e-20,7785906,2019-07-01 23:22:30,eth,1275.839138786,13163325.55844156,0.00000039,eth,4033422.466,1.100274864512371e-09,8.488816062762261e-10,23
1,[],4,[],2019-06-22 05:45:29,6100414.07522138,0.00000017,0.00000000001823352,7751732,2019-06-22 05:45:29,btc,10.22685272773715,0.0,0.00000017,btc,1790815.48208265,0.0,0.1345450262400025,24
0,[],22,[],2019-06-22 05:45:31,0.0,0,0,7751733,2019-06-22 05:45:31,,6.22e-05,0.0,0,,517.4264705882352,0.0,0.0,24
0.0,[],25,[],2019-06-22 05:45:32,0.0,0,0,7751734,2019-06-22 05:45:32,,0.0,0.0,0.0,btc,0.0,0.0,0.0,24
0,[],2,[],2019-01-20 23:25:56,0.0,0,0,6476976,2019-01-20 23:25:56,,0.0,0.0,0,,0.0,0.0,0.0,26
1,[],4,[],2019-07-01 23:22:31,26942807.31040271,0.00000357,0.00000000037894479,7785907,2019-07-01 23:22:31,btc,7.544644928688437,0.0,0.00000357,btc,202804.89319926,0.073392,0.3918633450858464,26
1,[],10,[],2019-07-01 23:22:33,128702.54042305,0.00000485,0.00000000051481295,7785908,2019-07-01 23:22:33,btc,26.15785550111192,6366.12971093,0.00000485,btc,19876.51847206,0.0,0.047573022806489,26
1,[],5,[],2019-04-26 09:47:06,0.0,0,0,7465326,2019-04-26 09:47:06,btc,0.0,0.0,0,btc,0.0,0.0,0.0,27
1,[],3,[],2019-06-17 14:30:26,13571825.64059417,0.00000001,0.00000000000092914,7740112,2019-06-17 14:30:26,btc,3.485049956644059,4264730.43754,0.00000001,btc,23500048.28518193,0.0,0.1357182564059417,27
1,[],11,[],2019-06-17 14:30:28,2031833.58157834,0.00000001,0.00000000000092914,7740113,2019-06-17 14:30:28,btc,67502.92060589766,32677.9652116,0.00000001,btc,6487362.95640949,0.0,0.0203183358157834,27
0.0000000001164734,[],4,[],2019-07-01 23:22:34,473836951.18974334,8.968451800000001e-17,9.519742532146002e-21,7785909,2019-07-01 23:22:34,ltc,10.538529986051492,0.0,0.00000077,ltc,670735426.4158604,0.05512594,7.692670176629177e-09,29
1,[],7,[],2019-07-01 23:22:35,0.0,0,0,7785910,2019-07-01 23:22:35,btc,46548272.69376791,252410.0,0,btc,54736922.12386811,0.0,0.0,29
0,[],17,[],2019-05-03 01:11:25,0.0,0,0,7559066,2019-05-03 01:11:25,btc,0.0,0.0,0,btc,0.0,0.0,0.0,30
1,[],4,[],2019-07-01 23:22:36,15247247.18640204,0.00000004,0.0000000000042458800000000005,7785911,2019-07-01 23:22:36,btc,2.574271176878842,0.0,0.00000004,btc,2263873.01112021,0.0,0.1669783403867238,30
1,[],4,[],2019-07-01 23:24:37,234964.01869472,0.00003143,0.0000000033362002100000004,7785912,2019-07-01 23:24:37,btc,4.30151818198921,0.0,0.00003143,btc,67323.49681626,0.29187499,0.6622264286796725,31
1,[],21,[],2019-07-01 23:24:37,279077.73833708,0.00003203999999999999816896467664,0.0000000034009498800000002,7785913,2019-07-01 23:24:37,btc,5.189069198433561,311191.15055066,0.000032039999999999998168964676636960575706325471401214599609375,btc,129158.93224751,9.8276182,4.046538117292253,31
0,[],2,[],2019-01-20 23:28:43,0.0,0,0,6477009,2019-01-20 23:28:43,,0.0,0.0,0,,0.0,0.0,0.0,32
1,[],12,[],2019-03-30 07:55:10,40641173.964,0.00000003,0.000000000001228359,7108785,2019-03-30 07:55:10,btc,4233210.82356125,0.0,0.00000003,btc,28378394.68333462,0.0126927883965248,0.90752895892,33
0,[],4,[],2019-07-01 23:24:38,0.0,0,0,7785914,2019-07-01 23:24:38,,0.0,0.0,0,,0.0,0.0,0.0,33
0.0000000001164734,[],4,[],2019-07-01 23:24:40,148094043.0716857,5.707196600000001e-17,6.0580179750020015e-21,7785915,2019-07-01 23:24:40,ltc,4.568795858802396,0.0,0.00000049,ltc,167667272.88653186,0.0,6.656572139106801e-10,34
1,[],5,[],2019-07-01 23:24:41,0.0,0,0,7785916,2019-07-01 23:24:41,btc,0.0,0.0,0,btc,0.0,0.0,0.0,34
0.0000000002926451,[],17,[],2019-05-02 18:17:47,200000.0,2.9264510000000002e-18,1.596703856561e-22,7556430,2019-05-02 18:17:47,eth,0.20942468735267253,0.0,0.00000001,"btc,eth",1018272.20243647,0.0,5.852902e-13,36
0.0000000001311821,[],4,[],2019-05-31 13:28:19,2417517744.0607657,1.311821e-18,1.105058333085e-22,7717483,2019-05-31 13:28:19,ltc,5.019900492391546e-08,0.0,0.00000001,ltc,7102398142.262129,0.0,3.171350544531538e-09,36
1,[],5,[],2019-05-31 13:28:21,0.0,0,0,7717484,2019-05-31 13:28:21,btc,0.0,0.0,0,btc,0.0,0.0,0.0,36
0.0000000003108179,[],27,[],2019-05-31 13:30:34,10388811.226876,6.216358000000001e-18,5.236566733830001e-22,7717485,2019-05-31 13:30:34,eth,1569.8708019850988,761866.634299,0.00000002,"ltc,eth",5084024.2511555,4.736034912207001e-12,3.3251980286483705e-11,36
1,[],4,[],2019-06-25 10:05:55,10747826.61931615,0.00000014,0.000000000015920562,7762320,2019-06-25 10:05:55,btc,19773.05513423956,0.0,0.00000014,btc,682946.14349671,0.0006293,0.1362851255028938,37
1,[],12,[],2019-06-25 10:05:57,4167862.54235103,0.00000013,0.000000000014783379,7762321,2019-06-25 10:05:57,btc,7.381091518261743,0.0,0.00000013,btc,1713444.53926904,0.016313049979,0.1478110147956336,37
1,[],27,[],2019-06-25 10:08:02,10970.0,0.00000019,0.000000000021606477,7762322,2019-06-25 10:08:02,btc,22.62970013895233,0.0,0.00000019,btc,4298.824295,0.0,0.00167419,37
1,[],17,[],2019-05-03 01:11:36,211752.74075282,0.00000025,0.000000000013700074999999998,7559074,2019-05-03 01:11:36,btc,0.055484923955058496,0.0,0.00000025,"btc,eth",1387.19918473,0.0,0.0005381851887916605,37
1,[],5,[],2019-07-01 23:24:43,0.0,0,0,7785917,2019-07-01 23:24:43,btc,0.0,0.1805503,0,btc,0.0,0.0,0.0,42
1,[],12,[],2019-07-01 23:24:44,189624.90461042,0.000001300000000000000047051663780439678674838432925753295421600341796875,0.00000000013799110000000002,7785918,2019-07-01 23:24:44,btc,525.280036793976,0.0,0.000001300000000000000047051663780439678674838432925753295421600341796875,btc,142282.26588071,0.015683504273,0.042944690062459996,42
1,[],27,[],2019-07-01 23:24:51,10300.0,0.00000003,0.00000000000318441,7785919,2019-07-01 23:24:51,btc,0.07600425,0.0,0.00000003,"btc,eth",18.0,0.0,0.000306,42
1,[],12,[],2019-03-13 09:13:29,1112112.0,0.00000001,0.000000000000386531,6919902,2019-03-13 09:13:29,btc,29058.00478931866,0.0,0.00000001,btc,5967681.93306694,9.99000999e-07,0.01112112,43
1,[],5,[],2019-04-26 22:38:52,0.0,0,0,7474154,2019-04-26 22:38:52,btc,0.0,0.02638891,0,btc,0.0,0.0,0.0,43
0,[],17,[],2019-04-26 22:38:53,0.0,0,0,7474155,2019-04-26 22:38:53,btc,0.0,0.0,0,btc,0.0,0.0,0.0,43
1,[],12,[],2019-03-05 01:54:08,639326.02,0.00000004,0.000000000001486676,6845775,2019-03-05 01:54:08,btc,11116042.728239931,0.0,0.00000004,btc,1103841.4595604,0.0003330765234764,0.014975410599999999,44
0.0000000001164734,[],4,[],2019-07-01 23:24:52,109619962.71248811,5.0083562000000007e-17,5.316219855614001e-21,7785920,2019-07-01 23:24:52,ltc,2762.219809367278,0.0,0.00000043,ltc,27037844.98981234,0.0,5.282995932114287e-10,49
0.0000000001164734,[],4,[],2019-07-01 23:24:53,316869375.54104334,2.6788882000000003e-17,2.8435594576540005e-21,7785921,2019-07-01 23:24:53,ltc,28254.24641859259,0.0,0.00000023,ltc,195837626.82862467,0.0,2.1274279268297116e-09,52
0,[],22,[],2019-07-01 23:24:56,0.0,0,0,7785922,2019-07-01 23:24:56,,10289.80784133,0.0,0,,287058287.4566013,0.0,0.0,57
0,[],27,[],2019-07-01 23:25:03,0.0,0,0,7785923,2019-07-01 23:25:03,,0.0,0.0,0,"btc,eth",0.0,0.0,0.0,57
1,[],17,[],2019-05-03 01:12:09,1200000.0,0.0000000001,0.00000000000000548003,7559085,2019-05-03 01:12:09,btc,1e+24,0.0,0.0000000001,"btc,eth",39516342.31952568,0.0,0.00010000000058666061,58
0,[],4,[],2019-07-01 23:25:04,0.0,0,0,7785924,2019-07-01 23:25:04,,19.718866975969597,0.0,0,,6082720451.982692,0.000499,0.0,58
0,[],12,[],2019-07-01 23:25:05,0.0,0,0,7785925,2019-07-01 23:25:05,btc,654721345.4627153,0.0,0,btc,3483015768.074882,0.000971330269,0.0,58
0.00000000008410980000000001,[],22,[],2019-07-01 23:27:08,126877.0,8.41098e-19,8.928002940600001e-23,7785926,2019-07-01 23:27:08,XMR,68.17454206,0.0,0.00000001,XMR,9626402.6,0.0,0.00126877,58
1,[],5,[],2019-06-17 14:31:27,0.0,0,0,7740135,2019-06-17 14:31:27,btc,0.0,0.00079154,0,btc,0.0,0.0,0.0,61
1,[],22,[],2019-06-17 14:31:30,13612.833333333334,0.00000012,0.00000000001114968,7740136,2019-06-17 14:31:30,BTC,1002.29123003,0.0,0.00000012,BTC,15014.200177125656,0.0,0.00153257,61
1,[],26,[],2019-06-17 14:31:30,0.0,0.00000050,0.000000000046457,7740137,2019-06-17 14:31:30,btc,0.0,0.0,0.00000050,btc,0.0,0.0,0.0,61
1,[],27,[],2019-06-17 14:31:36,8400.0,0.00000018,0.00000000001672452,7740138,2019-06-17 14:31:36,btc,1.9742539297246655,0.0,0.00000018,"btc,eth",10953.51663696,0.0,0.001512,61
0,[],28,[],2019-06-17 14:31:38,0.0,0,0,7740139,2019-06-17 14:31:38,,0.0,0.0,0,,0.0,0.0,0.0,61
1,[],4,[],2019-07-01 23:27:10,1635920.28498513,0.00000048,0.00000000005095056,7785927,2019-07-01 23:27:10,btc,3.3133393712741643,0.0,0.00000048,btc,1167257.06112798,0.0404754,0.1488938984303457,67
0.0,[],25,[],2019-07-01 23:27:12,0.0,0,0,7785928,2019-07-01 23:27:12,,0.0,0.0,0.0,btc,0.0,0.0,0.0,67
1,[],12,[],2019-06-02 06:23:14,910048.355,0.00000006,0.000000000005154929999999999,7725270,2019-06-02 06:23:14,btc,5.167005424215783,0.0,0.00000006,btc,738530.60239759,0.003159757462,0.0187188113,71
,[],5,[],2018-11-20 23:02:39,1.5e-07,0.00000005,0.000000000002128045,4862160,2018-11-20 23:02:39,btc,2.84511358,0.0,,btc,0.00036572,0.0,0.07381892,74
1,[],5,[],2019-07-01 23:27:14,0.0,0,0,7785929,2019-07-01 23:27:14,btc,0.0,0.00305104,0,btc,0.0,0.0,0.0,75
1,[],4,[],2019-06-04 03:25:15,715281.46076168,0.00000001,0.000000000000803619,7734085,2019-06-04 03:25:15,btc,581089.6218469425,0.0,0.00000001,btc,37692563.61091116,0.0,0.0071528146076168,81
0,[],20,[],2019-01-25 09:30:31,0.0,0,0,6495923,2019-01-25 09:30:31,btc,0.0,0.0,0,btc,0.0,0.0,0.0,81
1,[],4,[],2019-07-01 23:27:15,185476.44469574,0.00006027,0.00000000639747969,7785930,2019-07-01 23:27:15,btc,59.36972918410364,0.0,0.00006027,btc,130721.80200298,0.2959902,0.2381074296071555,82
1,[],21,[],2019-07-01 23:27:16,326673.05547818,0.00006982000000000000575553493753,0.000000007411183540000001,7785931,2019-07-01 23:27:16,btc,4.544490778015013,2205.88148015,0.0000698200000000000057555349375348896501236595213413238525390625,btc,48959.55635511,0.15408564,3.5832336610944786,82
0,[],17,[],2019-03-25 22:42:34,0.0,0,0,7038780,2019-03-25 22:42:34,btc,0.0445064681804024,0.0,0,btc,995513.18476001,0.0,0.0,84
0.0000000001161485,[],4,[],2019-05-20 13:09:39,216715621.0206096,1.161485e-18,9.0533806701e-23,7657228,2019-05-20 13:09:39,ltc,1.6511566870244727,0.0,0.00000001,ltc,471032407.9048656,0.0,2.5171194308112273e-10,85
,[],22,[],2018-11-20 23:09:34,3408.1,0.0000001,0.0000000000041895,4862324,2018-11-20 23:09:34,BTC,0.04624735,0.0,,BTC,4990.0,0.0,0.00033081,86
1,[],22,[],2019-06-26 09:07:19,62694.0,0.00000005,0.0000000000063518149999999994,7766682,2019-06-26 09:07:19,BTC,1.85249053,0.0,0.00000005,BTC,287024.94736842107,0.0003,0.00062846,87
1,[],27,[],2019-06-26 09:07:25,361781.0,0.0000002,0.000000000025407259999999998,7766683,2019-06-26 09:07:25,btc,19.86923154858,99950.0,0.0000002,btc,548343.482,0.01999,0.01237888,87
,[],2,[],2018-11-20 23:10:47,0.0,0,0,4862359,2018-11-20 23:10:47,,0.0,0.0,,,0.0,0.0,0.0,88
1,[],11,[],2019-06-17 14:31:59,193715.3529613,0.000073310000000000001140094962881477158589405007660388946533203125,0.00000000681152534,7740147,2019-06-17 14:31:59,btc,168.35454702024953,5791.70569014,0.000073310000000000001140094962881477158589405007660388946533203125,btc,196971.41170107,0.0,1.1996165759440112,89
0,[],2,[],2019-01-20 23:31:45,0.0,0,0,6477083,2019-01-20 23:31:45,,0.0,0.0,0,,0.0,0.0,0.0,91
0,[],17,[],2019-05-03 01:12:26,0.0,0,0,7559096,2019-05-03 01:12:26,btc,0.0,0.0,0,btc,0.0,0.0,0.0,91
1,[],12,[],2019-07-01 23:27:17,399062.08555553,0.00000028,0.000000000029721160000000006,7785932,2019-07-01 23:27:17,btc,122.14799200310969,0.0,0.00000028,btc,294056.97528392,1.29627e-05,0.0262848129538394,91
1,[],22,[],2019-07-01 23:29:22,75900.0,0.00000001,0.0000000000010614700000000001,7785933,2019-07-01 23:29:22,BTC,0.495,0.0,0.00000001,"BTC,LTC",4.95,0.0,0.001659,91
1,[],22,[],2019-07-01 23:29:26,94060.0,0.00000002,0.0000000000021229400000000002,7785934,2019-07-01 23:29:26,BTC,11.46037324,0.0,0.00000002,"BTC,LTC",339169.4683191416,0.0,0.0662712,95
0,[],17,[],2019-05-03 01:12:32,0.0,0,0,7559100,2019-05-03 01:12:32,btc,0.0,0.0,0,btc,0.0,0.0,0.0,96
0.0000000001164734,[],4,[],2019-07-01 23:29:27,537835460.8799856,2.911835e-17,3.0908254974500007e-21,7785935,2019-07-01 23:29:27,ltc,10.916282497622788,0.0,0.00000025,ltc,154119370.60553408,0.0,7.741489136392569e-10,96
0,[],12,[],2019-07-01 23:29:28,0.0,0,0,7785936,2019-07-01 23:29:28,btc,36.53971723649351,0.0,0,btc,9958981.649350641,0.0,0.0,96
1,[],4,[],2019-04-14 03:32:46,1039404.33283278,0.00000038,0.000000000019245518,7293458,2019-04-14 03:32:46,btc,4.170086055365747,0.0,0.00000038,btc,3097704.34561074,0.06260606,0.1859928211030784,99
0,[],2,[],2019-01-20 23:23:55,0.0,0,0,6476914,2019-01-20 23:23:55,,0.0,0.0,0,,0.0,0.0,0.0,100
1,[],4,[],2019-07-01 23:31:29,191164.29570129,0.00001365,0.00000000144890655,7785937,2019-07-01 23:31:29,btc,8.24026393840796,0.0,0.00001365,btc,167716.12708464,0.1757085,0.5578342800930873,100
1,[],22,[],2019-06-05 06:30:35,150000.0,0.00000002,0.000000000001558192,7740007,2019-06-05 06:30:35,BTC,28.56386409,0.0,0.00000002,BTC,12787.719,0.0,0.0017,101
1,[],4,[],2019-07-01 23:31:31,528802.43224727,0.00000151,0.00000000016028197000000003,7785938,2019-07-01 23:31:31,btc,882.6383978823484,0.0,0.00000151,btc,749830.49617075,0.01257139,0.0742559713691711,103
1,[],12,[],2019-06-17 14:32:14,179201505.10870332,0.000000005,0.00000000000046457,7740154,2019-06-17 14:32:14,btc,113577.79366343976,0.0,0.000000005,btc,79148141.67831126,0.019059029059,0.27280986350611003,105
1,[],27,[],2019-06-17 14:32:19,18306828.03496503,0.00000002,0.00000000000185828,7740155,2019-06-17 14:32:19,btc,180.7198218385489,1083.96503497,0.00000002,btc,276513.60142659,7.588e-05,0.3661365606993006,105
1,[],22,[],2019-04-21 00:17:26,21333.0,0.00000001,0.000000000000532493,7385819,2019-04-21 00:17:26,BTC,51.38182867,0.0,0.00000001,BTC,470435.0,0.0,0.00021333,107
1,[],26,[],2019-04-21 00:17:26,0.0,0.00000000,0,7385820,2019-04-21 00:17:26,btc,0.0,0.0,0.00000000,btc,0.0,0.0,0.0,107
1,[],5,[],2019-07-01 23:31:36,0.0,0,0,7785939,2019-07-01 23:31:36,btc,0.0,0.0,0,btc,0.0,0.0,0.0,112
0,[],22,[],2019-07-01 23:31:39,0.0,0,0,7785940,2019-07-01 23:31:39,,6.79500102,0.0,0,,3375892.0833333335,0.0,0.0,112
1,[],27,[],2019-07-01 23:31:46,1.0,0.00000001,0.0000000000010614700000000001,7785941,2019-07-01 23:31:46,btc,0.0,0.0,0.00000001,"btc,eth",0.0,0.0,1e-08,112
1,[],4,[],2019-07-01 23:31:47,1010834.19327275,0.00000038,0.00000000004033586,7785942,2019-07-01 23:31:47,btc,6.546126600714546,0.0,0.00000038,btc,995856.09189439,0.00315606,0.1243923704560107,113
1,[],5,[],2019-07-01 23:31:49,0.0,0,0,7785943,2019-07-01 23:31:49,btc,0.0,0.00252136,0,btc,0.0,0.0,0.0,113
1,[],17,[],2019-04-26 02:17:47,162738.278,0.00000004,0.0000000000021069000000000002,7461287,2019-04-26 02:17:47,btc,1.3331140273775473,0.0,0.00000004,btc,51796.221,0.0,0.00230953112,116
1,[],27,[],2019-05-22 05:13:01,210000.0,0.00000001,0.00000000000079145,7666372,2019-05-22 05:13:01,btc,3919.0005001478,0.0,0.00000001,btc,128660.871,0.0,0.0021,116
1,[],4,[],2019-05-21 22:31:11,138169.03963019,0.00000701,0.000000000558364025,7664793,2019-05-21 22:31:11,btc,150.95388250938234,0.0,0.00000701,btc,344631.17141974,0.07552974,0.4288357684941946,120
1,[],7,[],2019-05-21 22:31:12,3901.07750076,0.000010679999999999999389654892212320191902108490467071533203125,0.0000000008506887,7664794,2019-05-21 22:31:12,btc,231188.94669936574,0.0,0.000010679999999999999389654892212320191902108490467071533203125,btc,4133.83151364,0.0,0.0113888422364489,120
1,[],20,[],2019-04-07 18:42:29,1914137.0852,0.000000035,0.0000000000017871910000000002,7211992,2019-04-07 18:42:29,btc,32.2497668025648,25528.85,0.000000035,btc,1001975.4986,0.00089350975,0.0152723574729,125
1,[],22,[],2019-06-17 14:32:38,10000.0,0.00000001,0.00000000000092914,7740161,2019-06-17 14:32:38,BTC,0.032061,0.0,0.00000001,BTC,299316.7611111111,0.0,0.0001,126
0,[],2,[],2019-01-20 23:25:46,0.0,0,0,6476969,2019-01-20 23:25:46,,0.0,0.0,0,,0.0,0.0,0.0,131
1,[],17,[],2019-05-03 01:13:10,10000.0,0.00000001,0.000000000000548003,7559115,2019-05-03 01:13:10,btc,0.0953976503951408,0.0,0.00000001,btc,5037.62507334,0.0,0.0001,131
1,[],4,[],2019-07-01 04:28:32,590754.62293327,0.00000338,0.000000000376936248,7782890,2019-07-01 04:28:32,btc,2.8525130367360445,0.0,0.00000338,btc,192252.70961539,0.09127328,0.5629290691005338,131
1,[],4,[],2019-06-17 14:32:42,4848.49465417,0.00007919,0.00000000735785966,7740163,2019-06-17 14:32:42,btc,0.9905723729472744,0.0,0.00007919,btc,202.13055914,0.0,0.0061509344290166,135
1,[],3,[],2019-06-05 06:33:11,40600.27748212,0.00000001,0.000000000000779096,7740019,2019-06-05 06:33:11,btc,0.2308097808993716,2146378.52189,0.00000001,btc,2477992.76904676,0.0,0.0004060027748212,136
1,[],4,[],2019-07-01 23:31:50,427589.6821759,0.00000136,0.00000000014435992,7785944,2019-07-01 23:31:50,btc,112.55151302564127,0.0,0.00000136,btc,525814.82660812,0.00748631,0.3974440346217925,137
1,[],12,[],2019-07-01 23:31:51,67755.98151249,0.00000141999999999999995691814247411599581027985550463199615478515625,0.00000000015072874,7785945,2019-07-01 23:31:51,btc,57.902646667812164,0.0,0.00000141999999999999995691814247411599581027985550463199615478515625,btc,82371.41598678,1.552e-05,0.0148775399999522,137
1,[],17,[],2019-05-03 01:13:16,32967.38636364,0.00000088,0.000000000048224264,7559122,2019-05-03 01:13:16,btc,20.06976206696776,0.0,0.00000088,btc,2746.079105,0.0,0.0105613000000032,142
1,[],4,[],2019-07-01 23:31:52,436996.52744936,0.00000876,0.0000000009298477200000001,7785946,2019-07-01 23:31:52,btc,3.4488586772090097,0.0,0.00000876,btc,134928.19781355,0.07430313,0.3447656007052231,142
1,[],5,[],2019-07-01 23:31:53,0.0,0,0,7785947,2019-07-01 23:31:53,btc,0.0,0.00237036,0,btc,0.0,0.0,0.0,142
1,[],20,[],2019-07-01 23:33:55,112983.5412,0.000005948,0.0000000006313623560000001,7785948,2019-07-01 23:33:55,btc,1.5721536263701,66.3656,0.000005948,btc,10390.9333,0.0006724651498,0.0063836825993,142
1,[],22,[],2019-07-01 23:33:58,10820.0,0.00000600,0.0000000006368820000000001,7785949,2019-07-01 23:33:58,BTC,2.99759384,0.0,0.00000600,BTC,835.7198755539798,0.0,0.0053672,142
0.0,[],25,[],2019-07-01 23:34:03,0.0,0,0,7785950,2019-07-01 23:34:03,,0.0,0.0,0.0,btc,0.0,0.0,0.0,142
1,[],28,[],2019-07-01 23:34:11,76110.0,0.00001110,0.0000000011782317,7785951,2019-07-01 23:34:11,btc,0.438587390411,2185.0,0.00001110,btc,1381.1951,0.0,0.0042182,142
0,[],22,[],2019-07-01 23:34:14,0.0,0,0,7785952,2019-07-01 23:34:14,,67.34180998,0.0,0,,707007055.7744589,0.0,0.0,143
0,[],22,[],2019-02-25 15:42:22,0.0,0,0,6783783,2019-02-25 15:42:22,,4.2131946,0.0,0,,2322156.0,0.0,0.0,146
,[],22,[],2018-11-20 23:01:11,0.0,0,0,4862114,2018-11-20 23:01:11,,2.56807021,0.0,,,61828.4988236,0.0,0.0,147
1,[],12,[],2019-04-21 06:38:04,193091.5971266,0.00000071,0.000000000037635183,7388679,2019-04-21 06:38:04,btc,2.301232411611175,0.0,0.00000071,btc,9957.48302385,0.00023528,0.0313308199999888,148
1,[],4,[],2019-03-19 21:31:25,255810.0415942,0.00000029,0.000000000011615747,6982695,2019-03-19 21:31:25,btc,218.94922712414143,0.0,0.00000029,btc,793529.37642722,0.00117,0.0608347789473395,152
0,[],22,[],2019-03-19 21:31:27,0.0,0,0,6982696,2019-03-19 21:31:27,,0.0,0.0,0,,0.0,0.0,0.0,152
1,[],5,[],2019-04-26 09:36:59,0.0,0,0,7465040,2019-04-26 09:36:59,btc,0.0,0.0,0,btc,0.0,0.0,0.0,153
,[],16,[],2019-01-11 15:38:59,0.0,0,0,6366141,2019-01-11 15:38:59,btc,0.0,0.0,,btc,0.0,0.0,0.0,155
0,[],23,[],2019-01-20 23:24:29,0.0,0,0,6476932,2019-01-20 23:24:29,,0.0,0.0,0,,0.0,0.0,0.0,156
0,[],22,[],2019-06-04 06:02:09,0.0,0,0,7734688,2019-06-04 06:02:09,,7.43375324,0.0,0,,5955762.942592593,0.0,0.0,156
1,[],22,[],2019-07-01 23:34:19,6996.0,0.00000001,0.0000000000010614700000000001,7785953,2019-07-01 23:34:19,BTC,1.7543039,0.0,0.00000001,BTC,57.0,0.0,6.996e-05,157
0,[],22,[],2019-05-21 23:40:32,0.0,0,0,7665049,2019-05-21 23:40:32,,50234.60468402,0.0,0,,54786159.03179465,0.0,0.0,158
,[],17,[],2018-11-20 22:56:10,0.0,0,0,4861976,2018-11-20 22:56:10,btc,1.1265625,0.0,,btc,1000.0,0.0,0.0,159
,[],20,[],2018-11-20 22:56:12,0.0,0,0,4861977,2018-11-20 22:56:12,btc,11912.7940471,0.0,,btc,34413894.3617,0.0,0.0,159
1,[],12,[],2019-05-24 02:51:20,9178.522006449999,0.00000191999999999999982841307998027158276954651228152215480804443359375,0.000000000151222656,7676256,2019-05-24 02:51:20,btc,149.80414728631675,0.0,0.00000191999999999999982841307998027158276954651228152215480804443359375,btc,1115.7451448499999,0.01783167678326,0.0120075778999181,168
1,[],17,[],2019-05-03 01:13:36,42852.0,0.00000002,0.000000000001096006,7559132,2019-05-03 01:13:36,btc,0.04279856251542,0.0,0.00000002,btc,274.46171372,0.0,0.00052852,168
1,[],22,[],2019-05-17 03:01:52,10.0,0.00000001,0.000000000000778341,7642059,2019-05-17 03:01:52,BTC,41.95893009,0.0,0.00000001,BTC,1753972.7737547632,0.0,1e-07,169
1,[],22,[],2019-05-30 08:38:18,202834.0,0.00000002,0.0000000000017416160000000001,7711049,2019-05-30 08:38:18,BTC,27.87002826,0.0,0.00000002,BTC,462189.5410507793,0.0,0.00211768,171
1,[],22,[],2019-05-29 08:05:18,349870.0,0.00000002,0.000000000001705894,7705265,2019-05-29 08:05:18,BTC,24.05907723,0.0,0.00000002,"BTC,LTC",1224285.4355616204,0.0,0.0039847,173
1,[],5,[],2019-07-01 23:34:21,0.0,0,0,7785954,2019-07-01 23:34:21,btc,0.0,0.00189502,0,btc,0.0,0.0,0.0,175
1,[],22,[],2019-06-17 14:33:12,90671.0,0.00000001,0.00000000000092914,7740175,2019-06-17 14:33:12,BTC,394.35459412,0.0,0.00000001,BTC,136275.61833431243,0.0,0.00090671,176
1,[],7,[],2019-07-01 10:15:32,0.0,0,0,7783526,2019-07-01 10:15:32,btc,521516.2326888725,0.0,0,btc,26809253.73522063,0.0,0.0,178
0,[],2,[],2019-01-20 23:28:34,0.0,0,0,6477001,2019-01-20 23:28:34,,0.0,0.0,0,,0.0,0.0,0.0,178
1,[],22,[],2019-07-01 23:34:25,30.0,0.00000001,0.0000000000010614700000000001,7785955,2019-07-01 23:34:25,BTC,1.00242428,0.0,0.00000001,BTC,57512.0,0.0,3e-07,178
0,[],23,[],2019-01-20 23:25:08,0.0,0,0,6476952,2019-01-20 23:25:08,,0.0,0.0,0,,0.0,0.0,0.0,179
1,[],5,[],2019-07-01 23:34:26,0.0,0,0,7785956,2019-07-01 23:34:26,btc,0.0,0.0,0,btc,0.0,0.0,0.0,179
0,[],22,[],2019-07-01 23:34:29,0.0,0,0,7785957,2019-07-01 23:34:29,,9.36109742,0.0,0,,14660694.311946675,0.0,0.0,179
1,[],17,[],2019-05-03 01:13:56,20504.725000000002,0.0000001,0.00000000000548003,7559141,2019-05-03 01:13:56,btc,5.2010695838400265,0.0,0.0000001,btc,5033.45945,0.0,0.0011504725,180
1,[],22,[],2019-07-01 23:36:35,706393.0769041769,0.00000037,0.000000000039274390000000005,7785958,2019-07-01 23:36:35,BTC,40.64467817,0.0,0.00000037,"BTC,LTC",197650.411571008,0.00147946,0.57673358,180
1,[],26,[],2019-07-01 23:36:35,0.0,0.00000010,0.000000000010614700000000002,7785959,2019-07-01 23:36:35,btc,0.0,0.0,0.00000010,btc,0.0,0.0,0.0,180
,[],7,[],2018-11-20 22:58:01,562227.975654,0.00000085,0.000000000036176765,4862015,2018-11-20 22:58:01,btc,21836.6059674,2491.87645172,,btc,749999.041456,0.00211021,0.127565380455,183
,[],5,[],2019-01-10 08:11:41,0.0,0,0,6347036,2019-01-10 08:11:41,btc,82.15055501,0.00261,,btc,1.19002445,0.0,0.0,187
,[],17,[],2018-11-16 20:58:10,4062536.27273,0.00000001,0.000000000000550501,4708775,2018-11-16 20:58:10,btc,3.36492563466,0.195460381006,,"btc,eth",110697919.549,0.0,0.0157628953496,187
1,[],24,[],2019-05-22 21:04:52,0.0,0.000000000014,0.0000000000000010960978,7670219,2019-05-22 21:04:52,btc,0.0,0.0,0.000000000014,btc,0.0,0.0,0.0,187
0,[],22,[],2019-04-25 02:54:07,0.0,0,0,7447896,2019-04-25 02:54:07,,7.54794454,0.0,0,,76361.7243344055,0.0,0.0,191
0,[],22,[],2019-06-17 14:33:34,0.0,0,0,7740182,2019-06-17 14:33:34,,0.0,0.0,0,,0.0,0.0,0.0,197
0,[],23,[],2019-01-20 23:31:41,0.0,0,0,6477079,2019-01-20 23:31:41,,0.0,0.0,0,,0.0,0.0,0.0,199
0,[],22,[],2019-07-01 23:36:38,0.0,0,0,7785960,2019-07-01 23:36:38,,10.58263174,0.0,0,,84280969.0,0.0,0.0,199
1,[],26,[],2019-07-01 23:36:38,0.0,0.00000000,0,7785961,2019-07-01 23:36:38,btc,0.0,0.0,0.00000000,btc,0.0,0.0,0.0,199
0,[],2,[],2019-01-20 23:30:49,0.0,0,0,6477059,2019-01-20 23:30:49,,0.0,0.0,0,,0.0,0.0,0.0,201
1,[],4,[],2019-01-25 15:51:35,2084389.58565343,0.00000936,0.000000000333526752,6499557,2019-01-25 15:51:35,btc,2.0092503037378524,0.0,0.00000936,btc,160195.80207885,0.19272417,1.242687955921835,211
1,[],7,[],2019-07-01 02:21:28,1170054124.6898527,0.00000018,0.000000000019815389999999997,7782694,2019-07-01 02:21:28,btc,1346735.6331920293,0.0,0.00000018,btc,5516233.71348162,0.0,11.954344045954047,212
1,[],12,[],2019-01-25 02:44:32,207462.42853209,0.000001080000000000000035831255497387193287295303889550268650054931640625,0.000000000038610756000000006,6493050,2019-01-25 02:44:32,btc,85023.03793723314,0.0,0.000001080000000000000035831255497387193287295303889550268650054931640625,btc,43675.73520027,0.000146250909087,0.0348620860622024,213
1,[],5,[],2019-05-30 00:07:46,0.0,0,0,7709357,2019-05-30 00:07:46,btc,0.0,0.06425239,0,btc,0.0,0.0,0.0,213
1,[],24,[],2019-05-30 00:07:46,0.0,0.000000399202,0.0000000000344859829346,7709358,2019-05-30 00:07:46,btc,0.0,0.0,0.000000399202,btc,0.0,0.0,0.0,213
1,[],26,[],2019-05-30 00:07:47,0.0,0.00000040,0.000000000034554919999999996,7709359,2019-05-30 00:07:47,btc,0.0,0.0,0.00000040,btc,0.0,0.0,0.0,213
0,[],22,[],2019-07-01 23:36:43,0.0,0,0,7785962,2019-07-01 23:36:43,,9.54523049,0.0,0,,3658586.2040649247,0.0,0.0,216
0,[],27,[],2019-07-01 23:36:51,0.0,0,0,7785963,2019-07-01 23:36:51,,1998.8186641893976,0.0,0,"btc,ltc",546928.29534794,0.0,0.0,216
1,[],22,[],2019-07-01 23:36:55,1028047.1904761905,0.00000021,0.000000000022290870000000003,7785964,2019-07-01 23:36:55,BTC,12055.86582239,0.0,0.00000021,BTC,593206.099660349,7.462e-05,0.04746528,217
1,[],7,[],2019-06-27 19:02:35,0.0,0,0,7772298,2019-06-27 19:02:35,btc,2123800.2774640615,0.0,0,btc,82333746.4752352,0.0,0.0,219
0,[],27,[],2019-07-01 23:37:00,0.0,0,0,7785965,2019-07-01 23:37:00,,250.20642758069673,0.0,0,btc,46772.535837,0.0,0.0,219
0.000000000000003031,[],28,[],2019-07-01 23:37:09,3312820234.054,6.843998e-19,7.264698557060001e-23,7785966,2019-07-01 23:37:09,doge,125846.04510800431,6855.0,0.00022580,"btc,doge",120666781.230909,0.0,2.655424426886554e-11,219
0,[],22,[],2019-06-26 23:36:41,0.0,0,0,7769178,2019-06-26 23:36:41,,56.75439223,0.0,0,,184664.6482738741,0.0,0.0,221
1,[],24,[],2019-06-26 23:36:41,0.0,0.000000030000,0.000000000003835668,7769179,2019-06-26 23:36:41,btc,0.0,0.0,0.000000030000,btc,0.0,0.0,0.0,221
1,[],20,[],2019-06-17 14:34:11,26882155.8301,0.000000003,0.000000000000278742,7740192,2019-06-17 14:34:11,btc,100050.81956632523,233521.3529,0.000000003,btc,38769742.8604,0.0007925640587,0.0306863532672,224
0,[],22,[],2019-06-17 14:34:13,0.0,0,0,7740193,2019-06-17 14:34:13,,0.0,0.0,0,,0.0,0.0,0.0,224
1,[],26,[],2019-07-01 23:37:10,0.0,0.00000022,0.000000000023352340000000002,7785967,2019-07-01 23:37:10,btc,0.0,0.0,0.00000022,btc,0.0,0.0,0.0,231
1,[],26,[],2019-07-01 23:37:11,0.0,0.00000005,0.000000000005307350000000001,7785968,2019-07-01 23:37:11,btc,0.0,0.0,0.00000005,btc,0.0,0.0,0.0,234
0.0000000002786213,[],27,[],2019-07-01 23:37:17,100.0,2.786213e-18,2.9574815131100004e-22,7785969,2019-07-01 23:37:17,eth,0.0,0.0,0.00000001,"btc,eth",0.0,0.0,2.786213e-16,234
1,[],4,[],2019-05-22 17:06:12,91780.56053785,0.00000078,0.000000000061977552,7669277,2019-05-22 17:06:12,btc,5.573372450018177,0.0,0.00000078,btc,729173.93529783,0.0,0.0307060663355679,236
1,[],24,[],2019-05-22 17:06:12,0.0,0.000000010000,0.000000000000794584,7669278,2019-05-22 17:06:12,btc,0.0,0.0,0.000000010000,btc,0.0,0.0,0.0,236
1,[],5,[],2019-07-01 23:37:19,0.0,0,0,7785970,2019-07-01 23:37:19,btc,0.0,0.35439611,0,btc,0.0,0.0,0.0,237
1,[],20,[],2019-07-01 23:37:20,127526669.0749,0.000000053,0.000000000005625791,7785971,2019-07-01 23:37:20,btc,548.9255429327274,7589258.5916,0.000000053,btc,43615350.1433,0.4546506829033,0.7924716407167,237
1,[],22,[],2019-07-01 23:37:25,2151312.0,0.00000005,0.000000000005307350000000001,7785972,2019-07-01 23:37:25,BTC,1.20112178,0.0,0.00000005,"BTC,LTC",14506.148717948718,0.0,0.02994441,237
1,[],4,[],2019-07-01 23:37:26,27011293.25651592,0.00000005,0.000000000005307350000000001,7785973,2019-07-01 23:37:26,btc,2.8410650674669817,0.0,0.00000005,btc,14147770.39319584,0.12023541,0.4545152052257954,238
1,[],5,[],2019-07-01 23:37:27,0.0,0,0,7785974,2019-07-01 23:37:27,btc,0.0,0.01931789,0,btc,0.0,0.0,0.0,238
0,[],22,[],2019-03-12 16:49:32,0.0,0,0,6914458,2019-03-12 16:49:32,,0.40415746,0.0,0,,526736.5639027493,0.0,0.0,249
0,[],22,[],2019-05-28 23:53:45,0.0,0,0,7703643,2019-05-28 23:53:45,,13.44714864,0.0,0,,43777534.3426455,0.0,0.0,252
1,[],28,[],2019-07-01 23:37:37,1008604.859,0.00000005,0.000000000005307350000000001,7785975,2019-07-01 23:37:37,btc,3.69282021808,116800.12,0.00000005,btc,5076303.4534,0.0,0.03224743795,256
1,[],22,[],2019-07-01 23:37:41,496444.0,0.00000001,0.0000000000010614700000000001,7785976,2019-07-01 23:37:41,BTC,31471.48537874,0.0,0.00000001,"BTC,LTC",1164536.0289488921,5.1e-05,0.00736444,258
1,[],22,[],2019-05-19 18:12:02,400.0,0.00000001,0.0000000000007957800000000001,7653905,2019-05-19 18:12:02,BTC,2.415167,0.0,0.00000001,BTC,157.0,0.0,4e-06,259
1,[],5,[],2019-07-01 23:37:43,0.0,0,0,7785977,2019-07-01 23:37:43,btc,0.0,0.02256662,0,btc,0.0,0.0,0.0,264
1,[],20,[],2019-07-01 23:37:45,953394.7264,0.000000178,0.000000000018894166000000003,7785978,2019-07-01 23:37:45,btc,1.1508992366826,21745.0762,0.000000178,btc,65721.866,0.0069951285516,0.0049563259202,264
0,[],22,[],2019-04-12 17:57:27,0.0,0,0,7278186,2019-04-12 17:57:27,,66.37522201,0.0,0,,677842.4169881374,0.0,0.0,271
0,[],22,[],2019-07-01 23:37:47,0.0,0,0,7785979,2019-07-01 23:37:47,,33050469.74148113,0.0,0,,14261527780.7,0.0,0.0,272
0.000000000000003031,[],28,[],2019-07-01 23:37:56,382107684394.712,5.4558e-22,5.791168026e-26,7785980,2019-07-01 23:37:56,doge,282950414.91493136,14608650173.4749,0.00000018,doge,326028114653.3654,0.0,8.881121559223617e-11,272
1,[],22,[],2019-05-23 07:12:29,219930.0,0.00000004,0.000000000003048688,7671985,2019-05-23 07:12:29,BTC,426.77835217,0.0,0.00000004,BTC,248664.3325962929,0.0,0.00739728,281
1,[],22,[],2019-07-01 23:38:01,1274237.9,0.00000002,0.0000000000021229400000000002,7785981,2019-07-01 23:38:01,BTC,7.87602515,0.0,0.00000002,"BTC,LTC",1132321.797623037,0.0066131300001169395,0.02304859,286
0,[],22,[],2019-06-17 14:34:53,0.0,0,0,7740207,2019-06-17 14:34:53,,7337915.80475575,0.0,0,,2078527309.6797826,0.0,0.0,294
