pairValue,buyBook,exchangeId,sellBook,updated,buyTotal,satoshiPrice,usdPrice,exchangeLogId,created,bestPair,sellTotalBtc,volume,pairPrice,activePairs,sellTotal,volumeBtc,buyTotalBtc,coinId
1,[],3,[],2019-02-05 12:14:56,122.129483509491,0.01240572000000000028874236335241221240721642971038818359375,0.00000043015841642400003,6589564,2019-02-05 12:14:56,btc,107.06488196858285,0.31692584,0.01240572000000000028874236335241221240721642971038818359375,btc,21.855972876682,0.0,0.2876167316023617,1
1,[],4,[],2019-02-05 12:14:57,120231.12573416,0.01252479,0.00000043428707341800004,6589565,2019-02-05 12:14:57,btc,0.8700406524599812,0.0,0.01252479,btc,66.45696702,1.55165203,2.57249907424933,1
1,[],10,[],2019-02-05 12:15:00,414944.09720865,0.0122103,0.00000042338238426000003,6589566,2019-02-05 12:15:00,btc,6532.113971169804,1413.08382391,0.0122103,btc,951.02390265,0.0,4.087942013479156,1
1,[],12,[],2019-02-05 12:15:02,10423.90403053,0.0124300000000000000766053886991358012892305850982666015625,0.00000043100030600000003,6589567,2019-02-05 12:15:02,btc,0.5270260262217,0.0,0.0124300000000000000766053886991358012892305850982666015625,btc,35.86301084,1.0291323925453,0.1982927715792,1
1,[],20,[],2019-02-05 12:15:03,1149.1772,0.01200001,0.00000041609074674200004,6589568,2019-02-05 12:15:03,btc,0.0580330504203,0.0,0.01200001,btc,2.5989,0.0,0.0843085388377,1
1,[],21,[],2019-02-05 12:15:04,2402.0386316999998,0.01242654999999999974880093845,0.00000043088068001,6589569,2019-02-05 12:15:04,btc,19.810117903002972,2551.8415606699996,0.01242654999999999974880093844831208116374909877777099609375,"btc,eth",2161.74633524,29.56249280979664,22.281304651530643,1
1,[],22,[],2019-02-05 12:15:08,0.0263776,0.01350000,0.00000046810170000000004,6589570,2019-02-05 12:15:08,BTC,0.31397231,0.0,0.01350000,BTC,0.10124366666666666,0.0,0.00034472,1
1,[],24,[],2019-02-05 12:15:08,0.0,0.000000000000,0,6589571,2019-02-05 12:15:08,btc,0.0,0.0,0.000000000000,btc,0.0,0.0,0.0,1
0.0,[],25,[],2019-02-05 12:15:09,0.0,0,0,6589572,2019-02-05 12:15:09,btc,11.253399998255304,1062.14992654,0.0,btc,851.82686776,13.2003,0.0,1
1,[],26,[],2019-02-05 12:15:18,0.0,0,0,6589573,2019-02-05 12:15:18,,0.0,0.0,0,,0.0,0.0,0.0,1
1,[],28,[],2019-02-05 12:15:20,987.9,0.01131000,0.000000392165202,6589574,2019-02-05 12:15:20,btc,0.162839806,9074.35,0.01131000,btc,8.9,0.0,0.024551096,1
0,[],2,[],2019-01-20 23:28:45,0.0,0,0,6477011,2019-01-20 23:28:45,,0.0,0.0,0,,0.0,0.0,0.0,1
1,[],5,[],2019-02-05 11:06:16,0.2260522,0.01220015,0.00000042352454720499997,6589173,2019-02-05 11:06:16,btc,14578.05877451,0.95952823,0.01220015,btc,35555556.12148402,0.0,1.44520795,1
1,[],22,[],2019-02-05 12:15:25,1648.0,0.0000004,0.00000000001386968,6589575,2019-02-05 12:15:25,BTC,4.2213561,0.0,0.0000004,"BTC,XMR",14604.70581,0.0,0.00107635,2
1,[],5,[],2019-02-05 11:09:27,2.073e-05,0.00000072,0.000000000024994584,6589182,2019-02-05 11:09:27,btc,0.16002744,0.00631093,0.00000072,btc,7.025e-05,0.0,0.45796896,2
1,[],5,[],2019-02-05 11:09:31,1.25e-06,0.00000016,0.0000000000055543519999999996,6589184,2019-02-05 11:09:31,btc,3.59074555,1.1404847,0.00000016,btc,2.204e-05,0.0,3.03620479,3
1,[],12,[],2019-02-05 12:15:27,12354821.08741415,0.000000168,0.0000000000058252656,6589576,2019-02-05 12:15:27,btc,921361.5241577823,0.0,0.000000168,btc,8123723.89833388,0.07802130924054287,0.525138419810481,3
0,[],28,[],2019-02-05 12:15:30,0.0,0,0,6589577,2019-02-05 12:15:30,,0.0,0.0,0,,0.0,0.0,0.0,3
0,[],2,[],2019-01-20 23:31:32,0.0,0,0,6477077,2019-01-20 23:31:32,,0.0,0.0,0,,0.0,0.0,0.0,4
1,[],4,[],2019-02-05 12:15:32,359751.31010758,0.00000031,0.000000000010749002,6589578,2019-02-05 12:15:32,btc,0.3275961604327516,0.0,0.00000031,btc,333566.61586634,0.00022455,0.0400242231999018,4
1,[],12,[],2019-02-05 12:15:33,1387852.5219999999,0.00000005,0.00000000000173371,6589579,2019-02-05 12:15:33,btc,11013878.263129916,0.0,0.00000005,btc,932226.39031991,0.0018816659240752,0.02693419044,5
0,[],2,[],2019-01-20 23:31:51,0.0,0,0,6477087,2019-01-20 23:31:51,,0.0,0.0,0,,0.0,0.0,0.0,6
1,[],11,[],2019-02-05 12:15:34,11214209.4999525,0.00000002,0.0000000000006934840000000001,6589580,2019-02-05 12:15:34,btc,9433.347720784097,37900.0,0.00000002,btc,41558268.85169307,0.0,0.18784467499905,6
1,[],5,[],2019-02-05 11:10:09,0.00683886,0.00019213,0.0000000066697353109999995,6589191,2019-02-05 11:10:09,btc,1.19445141,0.3137212,0.00019213,btc,0.01231539,0.0,1.43870073,7
1,[],3,[],2019-02-05 12:15:34,1069.652384675756,0.000150559999999999995050348200464895853656344115734100341796875,0.000000005220547552,6589581,2019-02-05 12:15:34,btc,28.510202753279106,0.0,0.000150559999999999995050348200464895853656344115734100341796875,btc,234.145665820227,0.0,0.030997767816609203,7
1,[],4,[],2019-02-05 12:15:35,22288.83117647,0.00020114,0.000000006974368588,6589582,2019-02-05 12:15:35,btc,3.2793515863212526,0.0,0.00020114,btc,14478.85933917,2.47079129,3.8249684250815816,7
1,[],20,[],2019-02-05 12:15:39,66461509.91,0.000000001,0.0000000000000346742,6589583,2019-02-05 12:15:39,btc,116.1315013062774,0.0,0.000000001,btc,28812144.5195,0.0,0.06646150991,8
0,[],2,[],2019-01-20 23:22:42,0.0,0,0,6476876,2019-01-20 23:22:42,,0.0,0.0,0,,0.0,0.0,0.0,9
0,[],23,[],2019-01-20 23:22:48,0.0,0,0,6476878,2019-01-20 23:22:48,,0.0,0.0,0,,0.0,0.0,0.0,9
1,[],1,[],2019-02-05 12:15:39,2211862.2399999998,0.00000190999999999999992415680542812150832787665422074496746063232421875,0.000000000066227722,6589584,2019-02-05 12:15:39,btc,1.8569041581999999,15761335.61,0.00000190999999999999992415680542812150832787665422074496746063232421875,btc,953192.49,30.53127219,4.147363092,9
1,[],4,[],2019-02-05 12:15:40,358029.91981264,0.00000190,0.00000000006588098,6589585,2019-02-05 12:15:40,btc,0.9270239467773203,0.0,0.00000190,btc,458736.85870153,1.59739247,0.6448514130298275,9
1,[],28,[],2019-02-05 12:15:42,34500.0,0.00000165,0.00000000005721243,6589586,2019-02-05 12:15:42,btc,2708.7727197804,1813174.0,0.00000165,btc,15427.14,0.0,0.02854,9
1,[],4,[],2019-02-04 22:10:59,7341799.37826053,0.00000002,0.000000000000693444,6584299,2019-02-04 22:10:59,btc,0.1999615409270056,0.0,0.00000002,btc,4135980.29534268,0.00062922,0.0786653918652106,10
0,[],2,[],2019-01-20 23:23:08,0.0,0,0,6476890,2019-01-20 23:23:08,,0.0,0.0,0,,0.0,0.0,0.0,12
1,[],4,[],2019-02-05 12:15:43,2842907.71624528,0.00000151,0.000000000052358042,6589587,2019-02-05 12:15:43,btc,0.8879736185733353,0.0,0.00000151,btc,551275.12921588,3.77580152,3.9185699460159884,12
1,[],5,[],2019-02-05 12:15:49,2.228e-05,0.00000145,0.000000000050277590000000004,6589588,2019-02-05 12:15:49,btc,0.5077725,1.34460481,0.00000145,btc,0.00012399,0.0,0.15577603,12
0.0,[],25,[],2019-02-05 12:15:50,0.0,0,0,6589589,2019-02-05 12:15:50,,0.0,0.0,0.0,btc,0.0,0.0,0.0,12
1,[],4,[],2019-02-05 12:15:51,1244081.29060764,0.00000606,0.000000000210125652,6589590,2019-02-05 12:15:51,btc,0.2887987473353023,0.0,0.00000606,btc,44291.76312923,0.46235797,0.9725066454131077,13
1,[],21,[],2019-02-05 12:15:55,1166752.44684589,0.000006100000000000000041600837358,0.00000000021151262000000001,6589591,2019-02-05 12:15:55,btc,4.173427224404488,714871.56524447,0.0000061000000000000000416008373582688051328659639693796634674072265625,btc,609224.38510856,4.39143627,6.0746665199609025,13
1,[],10,[],2019-02-05 12:07:28,589650.6108955,0.00000613,0.00000000021267728499999999,6589402,2019-02-05 12:07:28,btc,666809.6245309834,8194.73197518,0.00000613,btc,735190.07870296,0.0,0.83684050582211,13
1,[],4,[],2019-02-05 12:15:57,1135594.50621925,0.00000152,0.000000000052704784000000005,6589592,2019-02-05 12:15:57,btc,0.18825668064403,0.0,0.00000152,btc,75244.71106455,0.13265661,0.4328622660539541,14
1,[],12,[],2019-02-05 12:15:58,89434.77777778001,0.0000011500000000000000008998878031629686802261858247220516204833984375,0.00000000003987533,6589593,2019-02-05 12:15:58,btc,1.7666286476099813,0.0,0.0000011500000000000000008998878031629686802261858247220516204833984375,btc,30155.56233445,0.0130261618559099,0.0080200600000004,14
0,[],17,[],2019-02-05 12:16:00,0.0,0,0,6589594,2019-02-05 12:16:00,btc,0.0,0.0,0,btc,0.0,0.0,0.0,14
1,[],26,[],2019-02-05 12:16:00,0.0,0.00000049,0.000000000016990358,6589595,2019-02-05 12:16:00,btc,0.0,0.0,0.00000049,btc,0.0,0.0,0.0,14
0,[],4,[],2019-02-05 12:16:01,0.0,0,0,6589596,2019-02-05 12:16:01,,0.0,0.0,0,,0.0,0.0,0.0,15
,[],12,[],2018-12-01 15:15:48,204241.84496,0.00000489,0.000000000202473384,5260204,2018-12-01 15:15:48,btc,49.5475654835,0.0,,btc,35763.2193806,0.0163153972027625,0.0203389899998,15
0,[],2,[],2019-01-20 23:23:38,0.0,0,0,6476906,2019-01-20 23:23:38,,0.0,0.0,0,,0.0,0.0,0.0,18
1,[],4,[],2019-02-05 12:16:03,26915.7959337,0.00001869,0.000000000648060798,6589597,2019-02-05 12:16:03,btc,2.221206736973249,0.0,0.00001869,btc,7718.52701052,0.01472853,0.1144951927734062,18
1,[],10,[],2019-02-05 12:16:06,788015.33173015,0.00001702,0.000000000590154884,6589598,2019-02-05 12:16:06,btc,15.5990792168083,3116.47944085,0.00001702,btc,13089.39062594,0.0,0.2868583797599423,18
1,[],12,[],2019-02-05 12:16:07,201125.74563458998,0.00001620999999999999895941744931793238038153504021465778350830078125,0.000000000562068782,6589599,2019-02-05 12:16:07,btc,0.18569353204663192,0.0,0.00001620999999999999895941744931793238038153504021465778350830078125,btc,1708.32700711,0.0005030595725961,0.0218174924274919,18
0,[],17,[],2019-02-05 12:16:09,0.0,0,0,6589600,2019-02-05 12:16:09,btc,0.0,0.0,0,btc,0.0,0.0,0.0,18
0,[],2,[],2019-01-20 23:24:19,0.0,0,0,6476924,2019-01-20 23:24:19,,0.0,0.0,0,,0.0,0.0,0.0,19
1,[],3,[],2019-02-05 12:16:10,108940.0980672952,0.000028500000000000001569057384021022016895585693418979644775390625,0.0000000009882147,6589601,2019-02-05 12:16:10,btc,0.5025593102081524,5457.65554568,0.000028500000000000001569057384021022016895585693418979644775390625,btc,5464.127474885226,0.0,0.09507350199322114,19
1,[],4,[],2019-02-05 12:16:11,264659.47048914,0.00002800,0.0000000009708776000000001,6589602,2019-02-05 12:16:11,btc,0.3397342879965247,0.0,0.00002800,btc,10254.30974765,2.47678376,2.735558739127029,19
1,[],5,[],2019-02-05 12:17:13,0.0,0,0,6589603,2019-02-05 12:17:13,btc,0.0,0.01517019,0,btc,0.0,0.0,0.0,19
1,[],12,[],2019-02-05 12:17:14,135095.74295581,0.00002379999999999999913476329826966804148469236679375171661376953125,0.00000000082524596,6589604,2019-02-05 12:17:14,btc,1.996213392580245,0.0,0.00002379999999999999913476329826966804148469236679375171661376953125,btc,522.40106483,0.00028897,0.033545402348278,19
0,[],27,[],2019-02-05 12:17:16,0.0,0,0,6589605,2019-02-05 12:17:16,,0.0,0.0,0,btc,0.0,0.0,0.0,19
1,[],4,[],2019-02-05 12:17:17,8006180.3054235,0.00000013,0.000000000004507646,6589606,2019-02-05 12:17:17,btc,0.8115715970728697,0.0,0.00000013,btc,1594753.31171721,0.00011984,0.2554230874915714,20
1,[],4,[],2019-02-05 12:17:18,122562117.80022223,0.00000002,0.0000000000006934840000000001,6589607,2019-02-05 12:17:18,btc,0.6356172807258483,0.0,0.00000002,btc,15848246.40329118,0.00729487,1.4608199402142852,21
1,[],12,[],2019-02-05 12:17:19,19029287.0,0.00000002,0.0000000000006934840000000001,6589608,2019-02-05 12:17:19,btc,669.5303074747565,0.0,0.00000002,btc,8580551.70429836,0.0,0.25352031,21
0,[],17,[],2019-02-05 12:17:20,0.0,0,0,6589609,2019-02-05 12:17:20,btc,0.0,0.0,0,btc,0.0,0.0,0.0,21
1,[],12,[],2019-02-05 12:17:22,2126997438.5458817,0.0000000002,0.0000000000000069348400000000005,6589610,2019-02-05 12:17:22,btc,1729404717684.5298,0.0,0.0000000002,btc,4131138187.37484,0.010693998138062044,0.21472202095598683,23
0,[],27,[],2019-02-05 12:17:24,0.0,0,0,6589611,2019-02-05 12:17:24,,0.735147,0.0,0,eth,812759.0,0.0,0.0,23
1,[],4,[],2019-02-05 12:17:25,436129.85498446,0.00000080,0.00000000002773936,6589612,2019-02-05 12:17:25,btc,0.079280820470194,0.0,0.00000080,btc,72593.67220237,0.0098821,0.2390563031684783,24
1,[],22,[],2019-02-05 12:17:29,11.76,0.00000100,0.0000000000346742,6589613,2019-02-05 12:17:29,BTC,7.415e-05,0.0,0.00000100,BTC,23.919354838709676,0.0,1.176e-05,24
0.0,[],25,[],2019-02-05 12:17:30,0.0,0,0,6589614,2019-02-05 12:17:30,,0.0,0.0,0.0,btc,0.0,0.0,0.0,24
1,[],4,[],2019-02-05 12:17:31,27843516.91382776,0.00000687,0.000000000238211754,6589615,2019-02-05 12:17:31,btc,0.4689144131259112,0.0,0.00000687,btc,39487.34452394,0.05591806,0.4792861778686799,26
1,[],10,[],2019-02-05 12:17:33,731063.84399312,0.00000589,0.00000000020423103800000002,6589616,2019-02-05 12:17:33,btc,25.976247881259603,13.78445605,0.00000589,btc,13184.776304,0.0,0.2083750833237135,26
0,[],2,[],2019-01-20 23:25:56,0.0,0,0,6476976,2019-01-20 23:25:56,,0.0,0.0,0,,0.0,0.0,0.0,26
1,[],3,[],2019-02-05 12:17:34,6740528.65301474,0.00000002,0.0000000000006934840000000001,6589617,2019-02-05 12:17:34,btc,2.5129598956170263,236123.992684,0.00000002,btc,16144663.1649197,0.0,0.0793470926717805,27
1,[],5,[],2019-02-05 12:17:35,0.0,0,0,6589618,2019-02-05 12:17:35,btc,0.0,0.00064404,0,btc,0.0,0.0,0.0,27
1,[],11,[],2019-02-05 12:17:36,10065216.691211501,0.00000005,0.00000000000173371,6589619,2019-02-05 12:17:36,btc,370.63310344475406,550157.720616,0.00000005,btc,8170877.7193934005,0.0,0.4661316134459823,27
1,[],4,[],2019-02-05 12:17:37,559245791.5952383,0.00000003,0.000000000001040226,6589620,2019-02-05 12:17:37,btc,3.9029548332068185,0.0,0.00000003,"btc,ltc",114193997.80264467,1.28589963,6.31890931382634,29
1,[],7,[],2019-02-05 12:17:38,39719077.159493834,0.00000003,0.000000000001040226,6589621,2019-02-05 12:17:38,btc,44465206.20568725,45971.4501498,0.00000003,btc,40680943.63295754,0.0,0.7239339086346178,29
1,[],4,[],2019-02-05 12:17:39,1386223.18132726,0.00000029,0.000000000010055518000000001,6589622,2019-02-05 12:17:39,btc,0.2543206856711463,0.0,0.00000029,btc,542528.49309604,0.00923794,0.0853805093702465,30
0,[],17,[],2019-02-05 12:17:41,0.0,0,0,6589623,2019-02-05 12:17:41,btc,0.0,0.0,0,btc,0.0,0.0,0.0,30
1,[],4,[],2019-02-05 12:17:42,2138717.37768989,0.00006880,0.00000000238558496,6589624,2019-02-05 12:17:42,btc,1.509383271681746,0.0,0.00006880,btc,18073.85168375,0.99432457,2.210166770743601,31
1,[],21,[],2019-02-05 12:17:42,61323.42263902,0.00006970000000000000012819606487,0.00000000241679174,6589625,2019-02-05 12:17:42,btc,5.949941874648688,209991.77634425,0.000069700000000000000128196064874686044277041219174861907958984375,btc,75927.6619214,14.41991291,3.9755689996648846,31
0,[],2,[],2019-01-20 23:28:43,0.0,0,0,6477009,2019-01-20 23:28:43,,0.0,0.0,0,,0.0,0.0,0.0,32
1,[],4,[],2019-02-05 12:17:44,164329441.52057204,0.00000005,0.00000000000173371,6589626,2019-02-05 12:17:44,btc,0.9015360877819307,0.0,0.00000005,"btc,ltc",20699818.49474348,0.89053449,3.4203087573247917,33
1,[],12,[],2019-02-05 12:17:45,18180626.0,0.00000005,0.00000000000173371,6589627,2019-02-05 12:17:45,btc,17261782.28629293,0.0,0.00000005,btc,89746018.76823159,0.01223574,0.6705388,33
1,[],5,[],2019-02-05 11:15:09,3e-08,0.00000002,0.0000000000006942939999999999,6589237,2019-02-05 11:15:09,btc,3.79433419,0.76736848,0.00000002,btc,1.394e-05,0.0,0.80683956,34
1,[],4,[],2019-02-05 12:17:46,113988075.54315794,0.00000001,0.00000000000034674200000000004,6589628,2019-02-05 12:17:46,btc,0.7817953217724846,0.0,0.00000001,btc,26059844.05908282,2.43808102,1.1398807554315793,34
0,[],17,[],2019-02-05 12:08:29,0.0,0,0,6589440,2019-02-05 12:08:29,btc,0.07494043759942325,0.0,0,btc,4134847.20243647,0.0,0.0,36
0.00000000009859359999999999,[],27,[],2019-02-05 12:08:32,1000000.0,1.971872e-18,6.841311310399999e-23,6589441,2019-02-05 12:08:32,ltc,447.7307979714,0.0,0.00000002,"ltc,eth",3711879.16,0.0,1.971872e-12,36
1,[],5,[],2019-02-05 11:15:11,0.0,0,0,6589239,2019-02-05 11:15:11,btc,204.66919748,0.0,0,btc,1.295e-05,0.0,0.0,36
0.00000000009859359999999999,[],4,[],2019-02-05 12:08:27,1161341009.3483331,2.9578079999999997e-18,1.0261966965599999e-22,6589439,2019-02-05 12:08:27,ltc,7.987450124053044e-09,0.0,0.00000003,ltc,1590377371.533352,0.0,2.3428365381982414e-09,36
1,[],4,[],2019-02-05 12:08:32,400202.08454234,0.00000142,0.00000000004926619,6589442,2019-02-05 12:08:32,btc,0.3881572588305064,0.0,0.00000142,btc,208479.97895025,0.10217446,0.3456379763961218,37
1,[],12,[],2019-02-05 12:08:34,363974.37886943,0.000001399999999999999936647356556240762159859514213167130947113037109375,0.000000000048572299999999997,6589443,2019-02-05 12:08:34,btc,1339.0132267668837,0.0,0.000001399999999999999936647356556240762159859514213167130947113037109375,btc,880524.47074114,0.4895189683449995,0.2176343500000015,37
1,[],17,[],2019-02-05 12:08:35,1752.74075282,0.00000025,0.000000000008673625,6589444,2019-02-05 12:08:35,btc,0.05548492396544362,0.0,0.00000025,btc,1387.19918473,0.0,0.00043818518820499993,37
1,[],27,[],2019-02-05 12:08:37,16943.0,0.0000005,0.00000000001734725,6589445,2019-02-05 12:08:37,btc,43.30929497030353,0.0,0.0000005,btc,29579.81438508,0.0,0.00566124,37
1,[],12,[],2019-02-05 12:08:39,150503.79931268,0.000001179999999999999925426948273188276772316385176964104175567626953125,0.00000000004093951,6589446,2019-02-05 12:08:39,btc,85.0701238740999,0.0,0.000001179999999999999925426948273188276772316385176964104175567626953125,btc,98029.87222977,0.0155190838269436,0.0523634399999914,42
0,[],27,[],2019-02-05 12:08:41,0.0,0,0,6589447,2019-02-05 12:08:41,,0.00315028,0.0,0,"btc,eth",11.007,0.0,0.0,42
1,[],5,[],2019-02-05 11:15:21,1.719e-05,0.00000104,0.000000000036103288,6589246,2019-02-05 11:15:21,btc,0.10629474,0.02568704,0.00000104,btc,0.00011869,0.0,0.04332755,42
1,[],12,[],2019-02-05 12:08:43,6502141.0,0.00000002,0.00000000000069389,6589448,2019-02-05 12:08:43,btc,20007456.464672454,0.0,0.00000002,btc,38833161.74765234,0.0,0.06502156,43
0,[],17,[],2019-02-05 12:08:45,0.0,0,0,6589449,2019-02-05 12:08:45,btc,0.0,0.0,0,btc,0.0,0.0,0.0,43
1,[],5,[],2019-02-05 11:15:26,3e-08,0.00000002,0.0000000000006942939999999999,6589249,2019-02-05 11:15:26,btc,6.09448901,0.00630066,0.00000002,btc,1.425e-05,0.0,0.52728241,43
1,[],12,[],2019-02-05 12:08:46,836523.0,0.00000006,0.0000000000020816699999999996,6589450,2019-02-05 12:08:46,btc,11115166.023806298,0.0,0.00000006,btc,1013734.37862139,0.0026751502996983,0.023842079999999998,44
1,[],4,[],2019-02-05 12:08:47,234631898.33245036,0.00000002,0.00000000000069389,6589451,2019-02-05 12:08:47,btc,0.18899014174843107,0.0,0.00000002,"btc,ltc",8495519.51947867,0.00495018,0.5349265788718265,49
0.00000000009859359999999999,[],4,[],2019-02-05 12:08:48,4933068352.008763,1.971872e-18,6.841311310399999e-23,6589452,2019-02-05 12:08:48,ltc,4.645173503984405,0.0,0.00000002,ltc,1723745475.8975837,0.0,5.30026116278486e-09,52
0,[],22,[],2019-02-05 12:08:50,0.0,0,0,6589453,2019-02-05 12:08:50,,3693.1548887,0.0,0,,247203597.90882352,0.0,0.0,57
0,[],27,[],2019-02-05 12:08:53,0.0,0,0,6589454,2019-02-05 12:08:53,,0.0,0.0,0,"btc,eth",0.0,0.0,0.0,57
0.00000000009859359999999999,[],4,[],2019-02-05 12:08:54,1615676428.9059076,4.92968e-18,1.7103278275999998e-22,6589455,2019-02-05 12:08:54,ltc,3.28807474134052,0.0,0.00000005,ltc,1101366584.3093684,0.0001346,5.2138789456387215e-09,58
1,[],12,[],2019-02-05 12:08:55,2146298535.843957,0.0000000005,0.00000000000001734725,6589456,2019-02-05 12:08:55,btc,625182683193.9415,0.0,0.0000000005,btc,3375080520.7603393,0.0055790332637363,0.7878488317011392,58
0,[],17,[],2019-02-05 12:08:56,0.0,0,0,6589457,2019-02-05 12:08:56,btc,1e+24,0.0,0,btc,41616695.95832568,0.0,0.0,58
0.0000000001238363,[],22,[],2019-02-05 12:08:59,137438.0,1.238363e-18,4.29643851035e-23,6589458,2019-02-05 12:08:59,XMR,69.8835922,0.0,0.00000001,XMR,9887963.0,0.0,0.00137438,58
1,[],22,[],2019-02-05 12:09:03,5111.5,0.00000011,0.000000000003816395,6589459,2019-02-05 12:09:03,BTC,1002.29606732,0.0,0.00000011,BTC,15028.700278135757,0.0,0.00051178,61
1,[],26,[],2019-02-05 12:09:03,0.0,0.00000800,0.000000000277556,6589460,2019-02-05 12:09:03,btc,0.0,0.0,0.00000800,btc,0.0,0.0,0.0,61
1,[],27,[],2019-02-05 12:09:06,100.0,0.00000032,0.00000000001110224,6589461,2019-02-05 12:09:06,btc,0.077778,4.0,0.00000032,"btc,eth",154.84,0.0024,3.1e-05,61
1,[],28,[],2019-02-05 12:09:07,6884.304,0.0000006,0.0000000000208167,6589462,2019-02-05 12:09:07,btc,2.064613633700105,389.0,0.0000006,btc,11345.10450005,0.0,0.00216611304,61
1,[],5,[],2019-02-05 11:16:14,7.56e-06,0.00000063,0.000000000021870261,6589261,2019-02-05 11:16:14,btc,0.29463646,0.00408647,0.00000063,btc,0.0001437,0.0,0.04655894,61
1,[],4,[],2019-02-05 12:09:08,1164397.86692321,0.00000190,0.00000000006591955,6589463,2019-02-05 12:09:08,btc,0.7834228677790374,0.0,0.00000190,btc,233698.43952222,0.24408134,1.056730413871278,67
0.0,[],25,[],2019-02-05 12:09:09,0.0,0,0,6589464,2019-02-05 12:09:09,,0.0,0.0,0.0,btc,0.0,0.0,0.0,67
1,[],12,[],2019-02-05 12:09:11,2641272.66344444,0.00000016,0.00000000000555112,6589465,2019-02-05 12:09:11,btc,11115995.665049775,0.0,0.00000016,btc,2483932.52463091,0.0156491143356674,0.0855514864411108,71
,[],5,[],2018-11-20 23:02:39,1.5e-07,0.00000005,0.000000000002128045,4862160,2018-11-20 23:02:39,btc,2.84511358,0.0,,btc,0.00036572,0.0,0.07381892,74
1,[],5,[],2019-01-25 15:53:51,3.303e-05,0.00000156,0.000000000055588884,6499610,2019-01-25 15:53:51,btc,1.42844212,0.0,0.00000156,btc,0.00015937,0.0,0.49487621,75
1,[],4,[],2019-02-05 12:09:11,71007797.82492337,0.00000001,0.000000000000346945,6589466,2019-02-05 12:09:11,btc,0.8140611123105091,0.0,0.00000001,btc,15190754.69973608,0.00234377,0.7100779782492337,81
0,[],20,[],2019-01-25 09:30:31,0.0,0,0,6495923,2019-01-25 09:30:31,btc,0.0,0.0,0,btc,0.0,0.0,0.0,81
1,[],4,[],2019-02-05 12:09:14,23795.26476346,0.00007037,0.000000002441451965,6589467,2019-02-05 12:09:14,btc,0.6410240737279209,0.0,0.00007037,btc,6178.87786939,0.02385997,0.0879902111628207,82
1,[],21,[],2019-02-05 12:09:15,82688.54108805,0.00007600000000000000418415302406,0.000000002636782,6589468,2019-02-05 12:09:15,btc,3.4637214757793555,3359.11419433,0.000076000000000000004184153024056058711721561849117279052734375,btc,39498.64355288,0.25354167,4.158373142687668,82
0,[],17,[],2019-02-05 12:09:17,0.0,0,0,6589469,2019-02-05 12:09:17,btc,0.0447233088476774,0.0,0,btc,999127.19588126,0.0,0.0,84
0.00000000009859359999999999,[],4,[],2019-02-05 12:09:17,334289271.1267253,1.1831231999999999e-17,4.1047867862399996e-22,6589470,2019-02-05 12:09:17,ltc,0.19569063225808758,0.0,0.00000012,ltc,69107181.04518846,0.0001,1.3216829683417003e-09,85
,[],22,[],2018-11-20 23:09:34,3408.1,0.0000001,0.0000000000041895,4862324,2018-11-20 23:09:34,BTC,0.04624735,0.0,,BTC,4990.0,0.0,0.00033081,86
0,[],22,[],2019-02-05 12:09:20,0.0,0,0,6589471,2019-02-05 12:09:20,,2.07810912,0.0,0,,154826.94736842104,0.0,0.0,87
0,[],27,[],2019-02-05 12:09:21,0.0,0,0,6589472,2019-02-05 12:09:21,,0.0,0.0,0,btc,0.0,0.0,0.0,87
,[],2,[],2018-11-20 23:10:47,0.0,0,0,4862359,2018-11-20 23:10:47,,0.0,0.0,,,0.0,0.0,0.0,88
1,[],11,[],2019-02-05 12:09:22,101243.62012146,0.00018211000000000000299295310757230481613078154623508453369140625,0.000000006318215395,6589473,2019-02-05 12:09:22,btc,245.83920574542682,800.06278175,0.00018211000000000000299295310757230481613078154623508453369140625,btc,183836.9289567,0.0,7.376109152185251,89
0,[],2,[],2019-01-20 23:31:45,0.0,0,0,6477083,2019-01-20 23:31:45,,0.0,0.0,0,,0.0,0.0,0.0,91
1,[],12,[],2019-02-05 12:09:23,462790.95811998,0.00000358999999999999993283692802104045682654032134450972080230712890625,0.000000000124553255,6589474,2019-02-05 12:09:23,btc,1115.4422137368856,0.0,0.00000358999999999999993283692802104045682654032134450972080230712890625,btc,36137.4763252,0.0048104049298609,0.1206115341998911,91
0,[],17,[],2019-02-05 12:09:25,0.0,0,0,6589475,2019-02-05 12:09:25,btc,0.0,0.0,0,btc,0.0,0.0,0.0,91
0.00000000009859359999999999,[],22,[],2019-02-05 12:09:28,29102392.0,5.9156159999999994e-18,2.0523933931199998e-22,6589476,2019-02-05 12:09:28,LTC,8.80623359,0.0,0.00000006,LTC,76324729.6,3.4507759999999996e-14,1.20422058,95
1,[],4,[],2019-02-05 12:09:29,132264981.01225138,0.00000001,0.000000000000346945,6589477,2019-02-05 12:09:29,btc,0.907453605250027,0.0,0.00000001,"btc,ltc",45614933.84467709,0.24674381,0.0018440322424155317,96
1,[],12,[],2019-02-05 12:09:31,212504.0,0.00000001,0.000000000000346945,6589478,2019-02-05 12:09:31,btc,255063.42240367562,0.0,0.00000001,btc,8968846.33297676,0.00012449,0.00212504,96
0,[],17,[],2019-02-05 12:09:32,0.0,0,0,6589479,2019-02-05 12:09:32,btc,0.0,0.0,0,btc,0.0,0.0,0.0,96
1,[],4,[],2019-02-05 12:09:33,1606884.21484574,0.00000029,0.000000000010061405,6589480,2019-02-05 12:09:33,btc,0.1755286912918685,0.0,0.00000029,btc,348209.56588385,0.09544799,0.1445356726293697,99
1,[],4,[],2019-02-05 12:09:34,68645.48391328,0.00004301,0.000000001492210445,6589481,2019-02-05 12:09:34,btc,1.5516062315609946,0.0,0.00004301,btc,32755.67152748,0.62791421,2.5871406639414025,100
0,[],2,[],2019-01-20 23:23:55,0.0,0,0,6476914,2019-01-20 23:23:55,,0.0,0.0,0,,0.0,0.0,0.0,100
1,[],22,[],2019-02-05 12:09:37,50000.0,0.00000001,0.000000000000346945,6589482,2019-02-05 12:09:37,BTC,23.50383609,0.0,0.00000001,BTC,11277.22,0.0,0.0005,101
1,[],4,[],2019-02-05 12:09:39,162809.42548717,0.00000100,0.0000000000346945,6589483,2019-02-05 12:09:39,btc,0.3902970662867713,0.0,0.00000100,btc,145700.15920697,0.02518587,0.1117505895697746,103
1,[],12,[],2019-02-05 12:09:41,86925878.5303887,0.000000016,0.000000000000555112,6589484,2019-02-05 12:09:41,btc,138278909.9596752,0.0,0.000000016,btc,132257341.58690593,0.12354610492077935,0.6466669714862192,105
1,[],27,[],2019-02-05 12:09:43,10159100.89,0.00000001,0.000000000000346945,6589485,2019-02-05 12:09:43,btc,0.620832568896094,2305.0,0.00000001,btc,708411.74181977,2.305e-05,0.1015910089,105
0,[],22,[],2019-02-05 12:09:45,0.0,0,0,6589486,2019-02-05 12:09:45,,1.07253299,0.0,0,,94300.0,0.0,0.0,107
1,[],26,[],2019-02-05 12:09:45,0.0,0.00000000,0,6589487,2019-02-05 12:09:45,btc,0.0,0.0,0.00000000,btc,0.0,0.0,0.0,107
0,[],22,[],2019-02-05 12:11:47,2229188.0,0,0,6589488,2019-02-05 12:11:47,,2.81683288,0.0,0,,808529.0833333334,0.0,0.02960411,112
0.0000000003104477,[],27,[],2019-02-05 12:11:50,500000.0,3.104477e-18,1.077082772765e-22,6589489,2019-02-05 12:11:50,eth,1.25132491849924,0.0,0.00000001,"btc,eth",1327.641654,0.0,1.5522385e-12,112
1,[],5,[],2019-02-05 11:17:25,3e-08,0.00000002,0.0000000000006942939999999999,6589291,2019-02-05 11:17:25,btc,2.88724317,0.00608759,0.00000002,btc,1.649e-05,0.0,0.12591976,112
1,[],4,[],2019-02-05 12:11:51,505842.65659325,0.00000457,0.00000000015855386499999999,6589490,2019-02-05 12:11:51,btc,0.5869368904620922,0.0,0.00000457,btc,99400.45472899,0.17739869,0.4088744280678155,113
1,[],5,[],2019-02-05 11:17:33,2.56e-05,0.00000392,0.000000000136081624,6589295,2019-02-05 11:17:33,btc,2.18967746,0.00023234,0.00000392,btc,0.00333957,0.0,0.2048707,113
1,[],17,[],2019-02-05 12:11:53,174538.724,0.00000004,0.00000000000138778,6589491,2019-02-05 12:11:53,btc,1.3368030274083214,0.0,0.00000004,btc,51896.221,0.0,0.00308154896,116
0,[],27,[],2019-02-05 12:11:55,0.0,0,0,6589492,2019-02-05 12:11:55,,0.0,0.0,0,btc,0.0,0.0,0.0,116
1,[],4,[],2019-02-05 12:11:56,31067.90629606,0.00002781,0.000000000964854045,6589493,2019-02-05 12:11:56,btc,0.5534750957413771,0.0,0.00002781,btc,17901.63557143,0.47130813,0.5617137863087456,120
1,[],7,[],2019-02-05 12:11:57,15073.81000946,0.00001809000000000000128838779922535451305520837195217609405517578125,0.0000000006276235050000001,6589494,2019-02-05 12:11:57,btc,88979.22601946956,0.0,0.00001809000000000000128838779922535451305520837195217609405517578125,btc,29745.76044848,0.0,0.135004109004035,120
1,[],20,[],2019-02-05 12:11:59,1617028.1906,0.000000014,0.000000000000485723,6589495,2019-02-05 12:11:59,btc,33.7487591931607,0.0,0.000000014,btc,1063782.1766,0.0,0.0089722132172,125
1,[],22,[],2019-02-05 12:12:02,3053.0,0.00000001,0.000000000000346945,6589496,2019-02-05 12:12:02,BTC,0.01444889,0.0,0.00000001,BTC,296264.5111111111,0.0,3.053e-05,126
1,[],4,[],2019-02-05 12:12:03,86458.24929288,0.00001655,0.000000000574193975,6589497,2019-02-05 12:12:03,btc,0.48190389805753,0.0,0.00001655,btc,24348.9374855,0.42133668,0.5477419119087864,131
0,[],17,[],2019-02-05 12:12:04,0.0,0,0,6589498,2019-02-05 12:12:04,btc,0.0009561751951600001,0.0,0,btc,35.42829368,0.0,0.0,131
0,[],2,[],2019-01-20 23:25:46,0.0,0,0,6476969,2019-01-20 23:25:46,,0.0,0.0,0,,0.0,0.0,0.0,131
1,[],4,[],2019-02-05 12:12:05,4608.04417891,0.00016000,0.00000000555112,6589499,2019-02-05 12:12:05,btc,1.6408117878199664,0.0,0.00016000,btc,302.35845559,0.0,0.0113649733485024,135
1,[],3,[],2019-02-05 12:12:06,1986669.05174229,0.00000007,0.000000000002428615,6589500,2019-02-05 12:12:06,btc,0.1427313167232042,72463.2284975,0.00000007,btc,435892.26562585,0.0,0.078028911446039,136
1,[],4,[],2019-02-05 12:12:07,137591.38304569,0.00000181,0.000000000062797045,6589501,2019-02-05 12:12:07,btc,0.0948412906728088,0.0,0.00000181,btc,41085.78277784,0.02340024,0.2084077571483912,137
1,[],12,[],2019-02-05 12:12:08,338107.56936831,0.000001659999999999999988409336675043714848243325832299888134002685546875,0.00000000005759287,6589502,2019-02-05 12:12:08,btc,11982.844163024405,0.0,0.000001659999999999999988409336675043714848243325832299888134002685546875,btc,123762.09369316,0.0064566973532467,0.0935269843350287,137
1,[],17,[],2019-02-05 12:12:11,12500.0,0.0000001,0.00000000000346945,6589503,2019-02-05 12:12:11,btc,20.261021579006155,0.0,0.0000001,btc,5931.99821453,0.0,0.00125,142
1,[],20,[],2019-02-05 12:12:13,150074.8511,0.00004094,0.0000000014203928299999999,6589504,2019-02-05 12:12:13,btc,2.510449995,7031.3679,0.00004094,btc,5016.0999,0.302199795547,0.2639902376078,142
1,[],22,[],2019-02-05 12:12:16,962.0,0.00001800,0.000000000624501,6589505,2019-02-05 12:12:16,BTC,3.00449528,0.0,0.00001800,BTC,899.098,0.0,0.0001637,142
0.0,[],25,[],2019-02-05 12:12:17,0.0,0,0,6589506,2019-02-05 12:12:17,,0.0,0.0,0.0,btc,0.0,0.0,0.0,142
1,[],28,[],2019-02-05 12:12:19,78705.0,0.00002600,0.000000000902057,6589507,2019-02-05 12:12:19,btc,0.0404216555,1492.001,0.00002600,btc,805.999,0.0,0.0350237,142
1,[],5,[],2019-02-05 11:17:51,0.00162682,0.00004336,0.000000001505229392,6589308,2019-02-05 11:17:51,btc,3.98546935,4.88810035,0.00004336,btc,0.00366602,0.0,2.05822947,142
0,[],22,[],2019-02-05 12:12:22,0.0,0,0,6589508,2019-02-05 12:12:22,,60.27052098,0.0,0,,806457049.8,0.0,0.0,143
1,[],21,[],2019-02-05 12:12:22,28800705.803571742,0.00000026,0.00000000000902057,6589509,2019-02-05 12:12:22,btc,54.5525625975191,3086443.9857315,0.00000026,btc,95337873.25789304,0.81622774,3.6980761172279237,145
0,[],22,[],2019-02-05 10:14:16,0.0,0,0,6588926,2019-02-05 10:14:16,,3.05486829,0.0,0,,1890927.5,0.0,0.0,146
,[],22,[],2018-11-20 23:01:11,0.0,0,0,4862114,2018-11-20 23:01:11,,2.56807021,0.0,,,61828.4988236,0.0,0.0,147
1,[],12,[],2019-02-05 12:12:24,8689843.68249666,0.0000033500000000000001131039706336878225556574761867523193359375,0.000000000116226575,6589510,2019-02-05 12:12:24,btc,16.514241337027553,0.0,0.0000033500000000000001131039706336878225556574761867523193359375,btc,114327.21522138,0.0173044999362062,0.130724520578337,148
1,[],4,[],2019-02-05 12:12:25,317137.35193244,0.00000040,0.0000000000138778,6589511,2019-02-05 12:12:25,btc,0.6849271965223368,0.0,0.00000040,btc,496866.15536978,0.0,0.0708327082589355,152
0,[],22,[],2019-02-05 12:12:27,0.0,0,0,6589512,2019-02-05 12:12:27,,0.0,0.0,0,,0.0,0.0,0.0,152
1,[],5,[],2019-02-05 11:18:15,0.0,0,0,6589319,2019-02-05 11:18:15,btc,4.41744381,0.0,0,btc,0.00161275,0.0,0.0,153
,[],16,[],2019-01-11 15:38:59,0.0,0,0,6366141,2019-01-11 15:38:59,btc,0.0,0.0,,btc,0.0,0.0,0.0,155
0,[],22,[],2019-02-05 12:12:30,0.0,0,0,6589513,2019-02-05 12:12:30,,6.73312347,0.0,0,,4564272.742592593,0.0,0.0,156
0,[],23,[],2019-01-20 23:24:29,0.0,0,0,6476932,2019-01-20 23:24:29,,0.0,0.0,0,,0.0,0.0,0.0,156
1,[],22,[],2019-02-05 12:12:33,7906.0,0.00000801,0.000000000277902945,6589514,2019-02-05 12:12:33,BTC,43.78801181,0.0,0.00000801,BTC,1067.5805334758436,0.0,0.00743836,157
0,[],22,[],2019-02-05 12:12:36,0.0,0,0,6589515,2019-02-05 12:12:36,,50175.6753658,0.0,0,,54007107.04179466,0.0,0.0,158
,[],17,[],2018-11-20 22:56:10,0.0,0,0,4861976,2018-11-20 22:56:10,btc,1.1265625,0.0,,btc,1000.0,0.0,0.0,159
,[],20,[],2018-11-20 22:56:12,0.0,0,0,4861977,2018-11-20 22:56:12,btc,11912.7940471,0.0,,btc,34413894.3617,0.0,0.0,159
1,[],12,[],2019-02-05 12:12:37,198312.60666666,0.000007900000000000000595422149085589325068212929181754589080810546875,0.00000000027408655,6589516,2019-02-05 12:12:37,btc,6.6879965763958555,0.0,0.000007900000000000000595422149085589325068212929181754589080810546875,btc,15016.386370960001,0.0063102549097304,0.084986910799999,168
1,[],17,[],2019-02-05 12:12:40,29784.95,0.000001,0.0000000000346945,6589517,2019-02-05 12:12:40,btc,0.03026736251542,0.0,0.000001,btc,144.46171372,0.0,0.00716147,168
0,[],22,[],2019-02-05 12:12:42,0.0,0,0,6589518,2019-02-05 12:12:42,,1.14491527,0.0,0,,677302.1900917594,0.0,0.0,169
1,[],22,[],2019-02-05 12:12:45,200406.64375,0.00000032,0.00000000001110224,6589519,2019-02-05 12:12:45,BTC,10.32653736,0.0,0.00000032,BTC,114617.99185158996,0.0038155,0.02453933,171
1,[],22,[],2019-02-05 12:12:53,243145.52380952382,0.0000003,0.00000000001040835,6589520,2019-02-05 12:12:53,BTC,2.66686514,0.0,0.0000003,BTC,218459.91098947864,0.00661402,0.02285534,173
1,[],5,[],2019-02-05 11:18:40,2.041e-05,0.00000315,0.000000000109351305,6589328,2019-02-05 11:18:40,btc,0.38456694,0.09306321,0.00000315,btc,0.00031016,0.0,0.71621682,175
1,[],22,[],2019-02-05 12:12:57,52249.25714285715,0.0000005,0.00000000001734725,6589521,2019-02-05 12:12:57,BTC,0.63358303,0.0,0.0000005,BTC,155090.40184992214,0.0,0.01803557,176
1,[],7,[],2019-02-05 12:12:59,0.0,0,0,6589522,2019-02-05 12:12:59,btc,233187.8026514405,0.0,0,btc,115099540.36229606,0.0,0.0,178
0,[],22,[],2019-02-05 12:13:01,0.0,0,0,6589523,2019-02-05 12:13:01,,1.00242428,0.0,0,,57512.0,0.0,0.0,178
0,[],2,[],2019-01-20 23:28:34,0.0,0,0,6477001,2019-01-20 23:28:34,,0.0,0.0,0,,0.0,0.0,0.0,178
1,[],22,[],2019-02-05 12:13:06,8340773.0,0.00000002,0.00000000000069389,6589524,2019-02-05 12:13:06,BTC,5.51393082,0.0,0.00000002,"BTC,LTC",18589483.068656635,7.526635423999999e-13,0.3940753,179
1,[],5,[],2019-02-05 11:18:48,3e-08,0.00000002,0.0000000000006942939999999999,6589332,2019-02-05 11:18:48,btc,16.85179384,0.08688123,0.00000002,btc,2.088e-05,0.0,1.26227809,179
0,[],23,[],2019-01-20 23:25:08,0.0,0,0,6476952,2019-01-20 23:25:08,,0.0,0.0,0,,0.0,0.0,0.0,179
1,[],17,[],2019-02-05 12:13:08,10504.725,0.0000001,0.00000000000346945,6589525,2019-02-05 12:13:08,btc,5.206166879877321,0.0,0.0000001,btc,6755.0074587,0.0,0.0010504725,180
1,[],22,[],2019-02-05 12:13:12,39521.94545454546,0.00000011,0.000000000003816395,6589526,2019-02-05 12:13:12,BTC,0.09620963,0.0,0.00000011,"BTC,LTC",16840.39315481,3.08e-06,0.00413387,180
1,[],26,[],2019-02-05 12:13:12,0.0,0.00000010,0.00000000000346945,6589527,2019-02-05 12:13:12,btc,0.0,0.0,0.00000010,btc,0.0,0.0,0.0,180
,[],7,[],2018-11-20 22:58:01,562227.975654,0.00000085,0.000000000036176765,4862015,2018-11-20 22:58:01,btc,21836.6059674,2491.87645172,,btc,749999.041456,0.00211021,0.127565380455,183
,[],5,[],2019-01-10 08:11:41,0.0,0,0,6347036,2019-01-10 08:11:41,btc,82.15055501,0.00261,,btc,1.19002445,0.0,0.0,187
1,[],24,[],2019-02-05 12:13:13,0.0,0.000000000001,3.46945e-17,6589528,2019-02-05 12:13:13,btc,0.0,0.0,0.000000000001,btc,0.0,0.0,0.0,187
,[],17,[],2018-11-16 20:58:10,4062536.27273,0.00000001,0.000000000000550501,4708775,2018-11-16 20:58:10,btc,3.36492563466,0.195460381006,,"btc,eth",110697919.549,0.0,0.0157628953496,187
0,[],22,[],2019-02-05 12:13:15,0.0,0,0,6589529,2019-02-05 12:13:15,,1.19382741,0.0,0,,13380.036201072173,0.0,0.0,191
0,[],22,[],2019-02-05 12:13:20,0.0,0,0,6589530,2019-02-05 12:13:20,,0.0,0.0,0,,0.0,0.0,0.0,197
0,[],23,[],2019-01-20 23:31:41,0.0,0,0,6477079,2019-01-20 23:31:41,,0.0,0.0,0,,0.0,0.0,0.0,199
1,[],26,[],2019-02-05 12:13:20,0.0,0.00000000,0,6589531,2019-02-05 12:13:20,btc,0.0,608951.0,0.00000000,btc,0.0,0.0,0.0,199
0,[],17,[],2019-01-30 16:32:01,0.0,0,0,6540827,2019-01-30 16:32:01,btc,6.802544163788159,0.0,0,btc,105897.55575295,0.0,0.0,200
0,[],2,[],2019-01-20 23:30:49,0.0,0,0,6477059,2019-01-20 23:30:49,,0.0,0.0,0,,0.0,0.0,0.0,201
1,[],4,[],2019-01-25 15:51:35,2084389.58565343,0.00000936,0.000000000333526752,6499557,2019-01-25 15:51:35,btc,2.0092503037378524,0.0,0.00000936,btc,160195.80207885,0.19272417,1.242687955921835,211
1,[],7,[],2019-02-05 12:13:23,16141238.46951127,0.00000145999999999999999745971430986646311112053808756172657012939453125,0.00000000005065397,6589532,2019-02-05 12:13:23,btc,16567795.42962262,654700.03303,0.00000145999999999999999745971430986646311112053808756172657012939453125,btc,12745438.93358359,0.0,8.04671529753774,212
1,[],24,[],2019-02-05 12:13:24,0.0,0.000000050000,0.000000000001734725,6589533,2019-02-05 12:13:24,btc,0.0,0.0,0.000000050000,btc,0.0,0.0,0.0,213
1,[],26,[],2019-02-05 12:13:24,0.0,0.00000009,0.0000000000031225049999999997,6589534,2019-02-05 12:13:24,btc,0.0,0.0,0.00000009,btc,0.0,0.0,0.0,213
1,[],12,[],2019-01-25 02:44:32,207462.42853209,0.000001080000000000000035831255497387193287295303889550268650054931640625,0.000000000038610756000000006,6493050,2019-01-25 02:44:32,btc,85023.03793723314,0.0,0.000001080000000000000035831255497387193287295303889550268650054931640625,btc,43675.73520027,0.000146250909087,0.0348620860622024,213
1,[],5,[],2019-02-05 11:19:11,5.01e-06,0.00000035,0.000000000012150145,6589342,2019-02-05 11:19:11,btc,1.1066012,0.09473711,0.00000035,btc,3.209e-05,0.0,0.20562582,213
1,[],22,[],2019-02-05 12:13:28,298200.0,0.00000003,0.000000000001040835,6589535,2019-02-05 12:13:28,BTC,70.20492877,0.0,0.00000003,BTC,291693.63137942314,0.0,0.007318,216
1,[],27,[],2019-02-05 12:13:30,5054765.0,0.00000016,0.00000000000555112,6589536,2019-02-05 12:13:30,btc,313.98413255276,18000.0,0.00000016,"btc,ltc",287278.49411,0.00666,0.0516927,216
1,[],22,[],2019-02-05 12:13:33,249182.48250399102,0.00000233,0.000000000080838185,6589537,2019-02-05 12:13:33,BTC,12677.87066174,0.0,0.00000233,BTC,474696.0974116507,0.00556705,0.31647277,217
1,[],7,[],2019-02-05 12:13:35,0.0,0,0,6589538,2019-02-05 12:13:35,btc,77970.02600413912,0.0,0,btc,134531561.1214003,0.0,0.0,219
0,[],27,[],2019-02-05 12:13:37,0.0,0,0,6589539,2019-02-05 12:13:37,,5.3418937883169715,0.0,0,btc,1605140.99226592,0.0,0.0,219
0.0000000000000054,[],28,[],2019-02-05 12:13:39,205554034.567,6.0210000000000005e-18,2.088955845e-22,6589540,2019-02-05 12:13:39,doge,88554.0318717675,7564.0,0.00111500,"btc,doge",4969437.84751,0.0,2.8862570244985796e-11,219
1,[],22,[],2019-02-05 12:13:42,217031.0,0.00000056,0.000000000019428919999999998,6589541,2019-02-05 12:13:42,BTC,2.99954627,0.0,0.00000056,BTC,32610.55212317522,0.00289422,0.02772918,221
1,[],24,[],2019-02-05 12:13:42,0.0,0.000000550000,0.000000000019081975,6589542,2019-02-05 12:13:42,btc,0.0,0.0,0.000000550000,btc,0.0,0.0,0.0,221
1,[],20,[],2019-02-05 12:13:44,5760055.6651,0.000000008,0.000000000000277556,6589543,2019-02-05 12:13:44,btc,5.7487293013862,632405.1002,0.000000008,btc,7380898.9986,0.0069167812978,0.0145360956564,224
0,[],22,[],2019-02-05 12:13:46,0.0,0,0,6589544,2019-02-05 12:13:46,,0.0,0.0,0,,0.0,0.0,0.0,224
1,[],26,[],2019-02-05 12:13:46,0.0,0.00000022,0.00000000000763279,6589545,2019-02-05 12:13:46,btc,0.0,0.0,0.00000022,btc,0.0,0.0,0.0,231
1,[],26,[],2019-02-05 12:13:46,0.0,0.00000005,0.000000000001734725,6589546,2019-02-05 12:13:46,btc,0.0,0.0,0.00000005,btc,0.0,0.0,0.0,234
0,[],27,[],2019-02-05 12:13:48,0.0,0,0,6589547,2019-02-05 12:13:48,,0.0113483662182,0.0,0,"btc,eth",11462.99618,0.0,0.0,234
0,[],22,[],2019-02-05 12:13:51,0.0,0,0,6589548,2019-02-05 12:13:51,,2.72844891,0.0,0,,96633768.31349206,0.0,0.0,235
1,[],4,[],2019-02-05 12:13:51,825589.47645402,0.00000059,0.000000000020469755,6589549,2019-02-05 12:13:51,btc,0.1405966610688095,0.0,0.00000059,btc,130183.30205694,0.03938436,0.1750510748328185,236
1,[],24,[],2019-02-05 12:13:52,0.0,0.000000010000,0.000000000000346945,6589550,2019-02-05 12:13:52,btc,0.0,0.0,0.000000010000,btc,0.0,0.0,0.0,236
1,[],20,[],2019-02-05 12:13:53,20465650.9774,0.000000058,0.0000000000020122809999999998,6589551,2019-02-05 12:13:53,btc,16.3019993381558,14471145.5035,0.000000058,btc,26802716.407,0.8749611710393,0.3628105898515,237
1,[],22,[],2019-02-05 12:13:57,10000.0,0.00000001,0.000000000000346945,6589552,2019-02-05 12:13:57,BTC,0.04083605,0.0,0.00000001,BTC,4179.0,0.0,0.0001,237
1,[],4,[],2019-02-05 12:13:57,3845855.77321201,0.00000033,0.000000000011449185,6589553,2019-02-05 12:13:57,btc,0.559416902632268,0.0,0.00000033,btc,1418787.69659224,0.65872185,1.1647058515137838,238
1,[],5,[],2019-02-05 11:19:49,3.96e-06,0.00000032,0.000000000011108703999999999,6589364,2019-02-05 11:19:49,btc,0.72568933,0.00274094,0.00000032,btc,2.957e-05,0.0,0.31142491,238
1,[],22,[],2019-02-05 12:14:01,171072.33333333334,0.00000003,0.000000000001040835,6589554,2019-02-05 12:14:01,BTC,15.41409429,0.0,0.00000003,BTC,305045.3139027493,0.00086735,0.00513217,249
0.00000000009859359999999999,[],22,[],2019-02-05 12:14:05,1311049.0,2.9578079999999997e-18,1.0261966965599999e-22,6589555,2019-02-05 12:14:05,LTC,0.44674863,0.0,0.00000003,LTC,14147150.89,0.0,0.03833449,252
1,[],28,[],2019-02-05 12:14:07,2320788.578,0.00000009,0.0000000000031225049999999997,6589556,2019-02-05 12:14:07,btc,164692.29902255893,50642.011,0.00000009,btc,674053.1485,0.0,0.07894288099,256
1,[],22,[],2019-02-05 12:14:16,116442.0,0.00000001,0.000000000000346945,6589557,2019-02-05 12:14:16,BTC,30.20656659,0.0,0.00000001,BTC,456125.98909895687,1.1e-05,0.00116442,258
1,[],22,[],2019-01-26 20:58:41,368451.0,0.00000001,0.000000000000356135,6510120,2019-01-26 20:58:41,BTC,2.642917,0.0,0.00000001,"BTC,LTC",1862.0,0.0,0.02488451,259
1,[],22,[],2019-02-05 12:14:19,19934.094285714287,0.00000700,0.0000000002428615,6589558,2019-02-05 12:14:19,BTC,4.70995114,0.0,0.00000700,BTC,8478.439143195397,0.0,0.089659,262
1,[],20,[],2019-02-05 12:14:22,1171596.2195,0.000002581,0.0000000000895465045,6589559,2019-02-05 12:14:22,btc,4.9954448074733,9471.6716,0.000002581,btc,94814.894,0.040319138115,0.0355011917556,264
1,[],5,[],2019-02-05 11:20:11,6.213e-05,0.00000321,0.00000000011143418699999999,6589370,2019-02-05 11:20:11,btc,0.88453611,0.009402,0.00000321,btc,0.0005746,0.0,0.2191362,264
1,[],22,[],2019-02-05 12:14:30,127217.0,0.00000002,0.00000000000069389,6589560,2019-02-05 12:14:30,BTC,8.52098902,0.0,0.00000002,BTC,337937.0984647885,8.8e-05,0.00204671,271
0,[],22,[],2019-02-05 12:14:33,0.0,0,0,6589561,2019-02-05 12:14:33,,369.26513139,0.0,0,,14581807828.9,0.0,0.0,272
0.0000000000000054,[],28,[],2019-02-05 12:14:34,254269668996.792,6.48e-21,2.2482036e-25,6589562,2019-02-05 12:14:34,doge,299028345.1856907,1098670003.0,0.00000120,doge,158440537338.041,0.0,8.788161753474775e-10,272
0,[],22,[],2019-02-05 12:14:38,0.0,0,0,6589563,2019-02-05 12:14:38,,0.0,0.0,0,,0.0,0.0,0.0,281
