pairValue,buyBook,exchangeId,sellBook,updated,buyTotal,satoshiPrice,usdPrice,exchangeLogId,created,bestPair,sellTotalBtc,volume,pairPrice,activePairs,sellTotal,volumeBtc,buyTotalBtc,coinId
1,[],3,[],2019-01-26 18:50:28,110.545315412128,0.0126968099999999993465760184108148678205907344818115234375,0.000000452934572811,6509431,2019-01-26 18:50:28,btc,106.95346631906945,0.0,0.0126968099999999993465760184108148678205907344818115234375,btc,12.865079154331001,0.0,0.1471823966180677,1
1,[],4,[],2019-01-26 18:50:29,25080.01834258,0.01270555,0.000000453246355705,6509432,2019-01-26 18:50:29,btc,0.8752590326730453,0.0,0.01270555,btc,61.97566306,0.47105921,1.265344978318387,1
1,[],5,[],2019-01-26 18:50:33,0.20849832,0.01252177,0.000000446690353387,6509433,2019-01-26 18:50:33,btc,14578.4723466,0.00647586,0.01252177,btc,35555556.30396032,0.0,1.43167485,1
1,[],10,[],2019-01-26 18:50:35,271569.02718635,0.01240106,0.000000442384253486,6509434,2019-01-26 18:50:35,btc,6536.158367111334,919.72061097,0.01240106,btc,879.7079014,0.0,3.8395163518892463,1
1,[],12,[],2019-01-26 18:50:40,10414.30708548,0.01170000000000000033029134982598407077603042125701904296875,0.00000041737527,6509435,2019-01-26 18:50:40,btc,0.5777427506761,0.0,0.01170000000000000033029134982598407077603042125701904296875,btc,39.3421118,0.0612108618822,0.079359301356,1
1,[],20,[],2019-01-26 18:50:42,1348.5193,0.010500001,0.0000003745675856731,6509436,2019-01-26 18:50:42,btc,0.0644293483936,2.0,0.010500001,btc,2.9771,0.02195100145,0.0873969622251,1
1,[],21,[],2019-01-26 18:50:43,2671.66179367,0.01275131000000000007499334487,0.000000454878756761,6509437,2019-01-26 18:50:43,btc,31.273377170643936,7985.465904170001,0.01275131000000000007499334486738007399253547191619873046875,"btc,eth",2891.70851941,77.12377487570392,27.779070618623354,1
1,[],22,[],2019-01-26 18:51:02,0.0363776,0.01400000,0.0000004994234,6509438,2019-01-26 18:51:02,BTC,0.31387019,0.0,0.01400000,BTC,0.09333966666666667,0.0,0.00048472,1
1,[],24,[],2019-01-26 18:51:02,0.0,0.000000000000,0,6509439,2019-01-26 18:51:02,btc,0.0,0.0,0.000000000000,btc,0.0,0.0,0.0,1
0.0,[],25,[],2019-01-26 18:51:03,0.0,0,0,6509440,2019-01-26 18:51:03,btc,17.22409999848335,488.7361123,0.0,btc,1293.1925816,6.2967,0.0,1
1,[],26,[],2019-01-26 18:51:14,0.0,0,0,6509441,2019-01-26 18:51:14,,0.0,0.0,0,,0.0,0.0,0.0,1
1,[],28,[],2019-01-26 18:51:17,987.9,0.01131000,0.000000403462761,6509442,2019-01-26 18:51:17,btc,0.162839806,18403.15,0.01131000,btc,8.9,0.0,0.024551096,1
0,[],2,[],2019-01-20 23:28:45,0.0,0,0,6477011,2019-01-20 23:28:45,,0.0,0.0,0,,0.0,0.0,0.0,1
1,[],5,[],2019-01-26 18:51:18,2.027e-05,0.00000072,0.000000000025684632,6509443,2019-01-26 18:51:18,btc,0.17987955,0.00830711,0.00000072,btc,7.716e-05,0.0,0.52404331,2
1,[],22,[],2019-01-26 18:51:23,2224.625335862178,0.0000004,0.00000000001426924,6509444,2019-01-26 18:51:23,BTC,0.0231601,0.0,0.0000004,"BTC,XMR",14562.72385,0.0,0.00130482,2
1,[],5,[],2019-01-26 18:51:24,1.25e-06,0.00000016,0.000000000005707696,6509445,2019-01-26 18:51:24,btc,3.91627136,0.70107791,0.00000016,btc,2.204e-05,0.0,1.98075992,3
1,[],12,[],2019-01-26 18:51:25,12373790.26140884,0.000000166,0.0000000000059217346,6509446,2019-01-26 18:51:25,btc,921359.5843545989,0.0,0.000000166,btc,8103046.85608107,0.0424270216418469,0.5354172803072844,3
0,[],28,[],2019-01-26 18:51:27,0.0,0,0,6509447,2019-01-26 18:51:27,,0.0,0.0,0,,0.0,0.0,0.0,3
0,[],2,[],2019-01-20 23:31:32,0.0,0,0,6477077,2019-01-20 23:31:32,,0.0,0.0,0,,0.0,0.0,0.0,4
1,[],4,[],2019-01-26 18:51:28,326949.01728165,0.00000039,0.000000000013912509,6509448,2019-01-26 18:51:28,btc,0.447265146249673,0.0,0.00000039,btc,320497.40329112,0.04306174,0.0462756567028096,4
1,[],12,[],2019-01-25 15:53:49,1222127.5219999999,0.00000003,0.000000000001069017,6499609,2019-01-25 15:53:49,btc,11013867.817925906,0.0,0.00000003,btc,969763.77092902,0.0,0.01617509044,5
0,[],2,[],2019-01-20 23:31:51,0.0,0,0,6477087,2019-01-20 23:31:51,,0.0,0.0,0,,0.0,0.0,0.0,6
1,[],11,[],2019-01-26 18:51:30,3384831.0,0.00000001,0.000000000000356731,6509449,2019-01-26 18:51:30,btc,9432.823348397595,890188.0,0.00000001,btc,41655314.63059839,0.0,0.03384831,6
1,[],3,[],2019-01-26 18:51:31,1053.285082148516,0.00015054000000000000540623101841219977359287440776824951171875,0.0000000053702284740000006,6509450,2019-01-26 18:51:31,btc,30.108593419388622,0.0,0.00015054000000000000540623101841219977359287440776824951171875,btc,231.077492617847,0.0,0.028528323718921555,7
1,[],4,[],2019-01-26 18:51:31,18919.27805309,0.00016001,0.000000005708052731,6509451,2019-01-26 18:51:31,btc,1.9999416510825043,0.0,0.00016001,btc,11147.12144921,2.34942466,2.825830745934701,7
1,[],5,[],2019-01-26 18:51:33,0.00496137,0.00015707,0.000000005603173817,6509452,2019-01-26 18:51:33,btc,1.31187746,0.30480534,0.00015707,btc,0.01090992,0.0,1.47710993,7
1,[],20,[],2019-01-26 18:51:35,61771509.8802,0.000000001,0.0000000000000356731,6509453,2019-01-26 18:51:35,btc,121.193338259396,0.0,0.000000001,btc,26031125.3262,0.0,0.0617715098802,8
0,[],2,[],2019-01-20 23:22:42,0.0,0,0,6476876,2019-01-20 23:22:42,,0.0,0.0,0,,0.0,0.0,0.0,9
0,[],23,[],2019-01-20 23:22:48,0.0,0,0,6476878,2019-01-20 23:22:48,,0.0,0.0,0,,0.0,0.0,0.0,9
1,[],1,[],2019-01-26 18:51:36,2043961.78,0.000001940000000000000060442102711721901187047478742897510528564453125,0.000000000069205814,6509454,2019-01-26 18:51:36,btc,5.2425578242999995,15373192.41,0.000001940000000000000060442102711721901187047478742897510528564453125,btc,2638587.12,29.6260392,3.9038175102,9
1,[],4,[],2019-01-26 18:51:37,467906.91543727,0.00000191,0.000000000068135621,6509455,2019-01-26 18:51:37,btc,1.090821558799045,0.0,0.00000191,btc,548532.7874063,0.89419179,0.765567103471287,9
1,[],28,[],2019-01-26 18:51:39,34500.0,0.00000165,0.000000000058860615,6509456,2019-01-26 18:51:39,btc,2708.7536406632,3558044.0,0.00000165,btc,8861.21,0.0,0.02854,9
1,[],4,[],2019-01-26 18:51:41,7150472.09026053,0.00000002,0.000000000000713462,6509457,2019-01-26 18:51:41,btc,0.2125378697456993,0.0,0.00000002,btc,4186157.28772456,0.00089994,0.0748388461052106,10
0,[],2,[],2019-01-20 23:23:08,0.0,0,0,6476890,2019-01-20 23:23:08,,0.0,0.0,0,,0.0,0.0,0.0,12
1,[],4,[],2019-01-26 18:51:42,1997326.78977305,0.00000144,0.000000000051369264,6509458,2019-01-26 18:51:42,btc,1.1862051433009935,0.0,0.00000144,btc,787202.46140714,1.05744894,2.5614248107993554,12
1,[],5,[],2019-01-26 18:51:44,1.803e-05,0.00000138,0.000000000049228878,6509459,2019-01-26 18:51:44,btc,0.27953743,0.41335661,0.00000138,btc,0.0001084,0.0,0.1080546,12
0.0,[],25,[],2019-01-26 18:51:45,0.0,0,0,6509460,2019-01-26 18:51:45,,0.0,0.0,0.0,btc,0.0,0.0,0.0,12
1,[],4,[],2019-01-26 18:51:46,316424.7674418,0.00000705,0.000000000251495355,6509461,2019-01-26 18:51:46,btc,0.4786636260387247,0.0,0.00000705,btc,61987.15723741,0.9782763,1.458380507321836,13
1,[],10,[],2019-01-26 18:51:48,593456.67149279,0.00000684,0.000000000244004004,6509462,2019-01-26 18:51:48,btc,666807.9220480471,19084.4826381,0.00000684,btc,837285.43408641,0.0,0.914322160393226,13
1,[],21,[],2019-01-26 18:51:49,1347503.12957785,0.000007320000000000000219327594281,0.000000000261127092,6509463,2019-01-26 18:51:49,btc,5.9903652188830705,1083100.2534805,0.0000073200000000000002193275942807826339731036568991839885711669921875,btc,746693.75011917,7.75570931,8.607298491979178,13
1,[],4,[],2019-01-26 18:51:50,715975.30939614,0.00000189,0.000000000067422159,6509464,2019-01-26 18:51:50,btc,0.1619539767193797,0.0,0.00000189,btc,64103.61490821,0.00511159,0.1528151142125447,14
1,[],12,[],2019-01-26 18:51:51,89912.47933816,0.0000017799999999999998982758153687200319836847484111785888671875,0.000000000063498118,6509465,2019-01-26 18:51:51,btc,1.786426388098836,0.0,0.0000017799999999999998982758153687200319836847484111785888671875,btc,37907.62220723,8.058545456e-05,0.0207888764838332,14
0,[],17,[],2019-01-26 18:51:52,0.0,0,0,6509466,2019-01-26 18:51:52,btc,0.0,0.0,0,btc,0.0,0.0,0.0,14
1,[],26,[],2019-01-26 18:51:53,0.0,0.00000020,0.00000000000713462,6509467,2019-01-26 18:51:53,btc,0.0,0.0,0.00000020,btc,0.0,0.0,0.0,14
0,[],4,[],2019-01-26 18:51:53,0.0,0,0,6509468,2019-01-26 18:51:53,,0.0,0.0,0,,0.0,0.0,0.0,15
,[],12,[],2018-12-01 15:15:48,204241.84496,0.00000489,0.000000000202473384,5260204,2018-12-01 15:15:48,btc,49.5475654835,0.0,,btc,35763.2193806,0.0163153972027625,0.0203389899998,15
0,[],2,[],2019-01-20 23:23:38,0.0,0,0,6476906,2019-01-20 23:23:38,,0.0,0.0,0,,0.0,0.0,0.0,18
1,[],4,[],2019-01-26 18:51:55,25853.36249916,0.00001788,0.000000000637835028,6509469,2019-01-26 18:51:55,btc,1.2096187908315261,0.0,0.00001788,btc,6504.62513486,0.0032816,0.0868860342678577,18
1,[],10,[],2019-01-26 18:51:57,391275.34252424,0.00001771,0.000000000631770601,6509470,2019-01-26 18:51:57,btc,15.552205052146894,12555.1890139,0.00001771,btc,10366.40605928,0.0,0.2033734749321451,18
1,[],12,[],2019-01-26 18:51:58,200365.31236563998,0.00001764000000000000051465776085279912877012975513935089111328125,0.000000000629273484,6509471,2019-01-26 18:51:58,btc,0.1969286816701292,0.0,0.00001764000000000000051465776085279912877012975513935089111328125,btc,2086.90663457,0.0,0.0200219421375016,18
0,[],17,[],2019-01-26 18:51:59,0.0,0,0,6509472,2019-01-26 18:51:59,btc,0.0,0.0,0,btc,0.0,0.0,0.0,18
0,[],2,[],2019-01-20 23:24:19,0.0,0,0,6476924,2019-01-20 23:24:19,,0.0,0.0,0,,0.0,0.0,0.0,19
1,[],3,[],2019-01-26 18:52:00,108852.37236620068,0.0000381099999999999993448296375930794965825043618679046630859375,0.000000001359501841,6509473,2019-01-26 18:52:00,btc,1.2539103422561992,1.33417085427,0.0000381099999999999993448296375930794965825043618679046630859375,btc,8295.084546752028,0.0,0.11579627793169818,19
1,[],4,[],2019-01-26 18:52:04,72345.32216939,0.00003984,0.000000001421216304,6509474,2019-01-26 18:52:04,btc,1.8812980818879699,0.0,0.00003984,btc,40370.08962047,0.32987562,1.6290432479419605,19
1,[],5,[],2019-01-26 18:52:06,0.00032495,0.00003058,0.000000001090883398,6509475,2019-01-26 18:52:06,btc,0.30946518,0.0,0.00003058,btc,0.00350372,0.0,0.19285671,19
1,[],12,[],2019-01-26 18:52:08,129529.48447789,0.0000425199999999999994734940778062792787750368006527423858642578125,0.000000001516820212,6509476,2019-01-26 18:52:08,btc,1.9920402817121774,0.0,0.0000425199999999999994734940778062792787750368006527423858642578125,btc,419.49251023,0.0,0.0385514699998828,19
0,[],27,[],2019-01-26 18:52:10,0.0,0,0,6509477,2019-01-26 18:52:10,,0.0,0.0,0,btc,0.0,0.0,0.0,19
1,[],4,[],2019-01-26 18:52:10,9463109.75121904,0.00000016,0.000000000005707696,6509478,2019-01-26 18:52:10,btc,0.8217010442479654,0.0,0.00000016,btc,1594424.29307681,0.00073391,0.3976962522762175,20
1,[],4,[],2019-01-26 18:52:11,127946034.63823025,0.00000002,0.000000000000713462,6509479,2019-01-26 18:52:11,btc,0.7760164551700173,0.0,0.00000002,btc,17798083.54381207,0.00106597,1.5687002769744454,21
1,[],12,[],2019-01-26 18:52:12,19517252.0,0.00000002,0.000000000000713462,6509480,2019-01-26 18:52:12,btc,668.0286468056955,0.0,0.00000002,btc,8017925.068933791,1.18681318686e-05,0.26328156,21
0,[],17,[],2019-01-26 18:52:13,0.0,0,0,6509481,2019-01-26 18:52:13,btc,0.0,0.0,0,btc,0.0,0.0,0.0,21
1,[],12,[],2019-01-26 18:52:15,4561070622.531896,0.0000000001,0.00000000000000356731,6509482,2019-01-26 18:52:15,btc,1721671101718.6545,0.0,0.0000000001,btc,6541867620.966266,0.02424339858331668,0.4561070622531896,23
0,[],27,[],2019-01-26 18:52:16,0.0,0,0,6509483,2019-01-26 18:52:16,,0.424699,0.0,0,eth,424699.0,0.0,0.0,23
1,[],4,[],2019-01-26 18:52:18,2233011.13455289,0.00000083,0.000000000029608673,6509484,2019-01-26 18:52:18,btc,0.1237097704944406,0.0,0.00000083,btc,94179.19060418,0.00752869,0.4407618612891072,24
1,[],22,[],2019-01-26 18:52:21,11.76,0.00000100,0.0000000000356731,6509485,2019-01-26 18:52:21,BTC,7.415e-05,0.0,0.00000100,BTC,23.919354838709676,0.0,1.176e-05,24
0.0,[],25,[],2019-01-26 18:52:23,0.0,0,0,6509486,2019-01-26 18:52:23,,0.0,0.0,0.0,btc,0.0,0.0,0.0,24
1,[],4,[],2019-01-26 18:52:24,25407135.75319165,0.00000718,0.000000000256132858,6509487,2019-01-26 18:52:24,btc,0.4285824589778066,0.0,0.00000718,btc,35436.0017519,0.12094781,0.3559279873139422,26
1,[],10,[],2019-01-26 18:52:27,731110.56036104,0.00000727,0.000000000259343437,6509488,2019-01-26 18:52:27,btc,27.974365007831043,1379.411,0.00000727,btc,12551.86744572,0.0,0.2205733947682609,26
0,[],2,[],2019-01-20 23:25:56,0.0,0,0,6476976,2019-01-20 23:25:56,,0.0,0.0,0,,0.0,0.0,0.0,26
1,[],3,[],2019-01-26 18:52:27,8025388.51415143,0.00000001,0.000000000000356731,6509489,2019-01-26 18:52:27,btc,3.1227369975798007,19997.0,0.00000001,btc,18062817.99151056,0.0,0.0802538851415143,27
1,[],5,[],2019-01-26 18:52:28,1e-08,0.00000001,0.000000000000356731,6509490,2019-01-26 18:52:28,btc,2.61423842,0.0,0.00000001,btc,4.13e-05,0.0,0.02479358,27
1,[],11,[],2019-01-26 18:52:30,10597882.41182718,0.00000005,0.0000000000017836549999999998,6509491,2019-01-26 18:52:30,btc,370.53275036350783,1000.0,0.00000005,btc,8220964.80991447,0.0,0.4932896594767663,27
1,[],4,[],2019-01-26 18:52:31,261032171.94593102,0.00000003,0.000000000001070193,6509492,2019-01-26 18:52:31,btc,2.491442544263261,0.0,0.00000003,"btc,ltc",94796436.96938854,0.52594704,3.2680161798327174,29
1,[],7,[],2019-01-26 18:52:32,39619460.29080555,0.00000003,0.0000000000010701929999999998,6509493,2019-01-26 18:52:32,btc,44465222.61770036,598570.817793,0.00000003,btc,39464232.36983226,0.01826194,0.7201367517947485,29
1,[],4,[],2019-01-26 18:52:33,1286246.87547406,0.00000036,0.000000000012842316,6509494,2019-01-26 18:52:33,btc,0.2819165333262267,0.0,0.00000036,btc,468033.82492519,0.01335985,0.0744840674025253,30
0,[],17,[],2019-01-26 18:52:34,0.0,0,0,6509495,2019-01-26 18:52:34,btc,0.0,0.0,0,btc,0.0,0.0,0.0,30
1,[],4,[],2019-01-26 18:52:35,34260.18444489,0.00009315,0.000000003322949265,6509496,2019-01-26 18:52:35,btc,1.2218908058298688,0.0,0.00009315,btc,11693.93338668,3.22251837,2.3643719412821054,31
1,[],21,[],2019-01-26 18:52:36,96813.11249621,0.00009602000000000000562872665144,0.0000000034253310620000003,6509497,2019-01-26 18:52:36,btc,10.346531659487969,766990.39615818,0.000096020000000000005628726651440985051522147841751575469970703125,btc,97844.22534863,73.02033244,8.764146761755221,31
0,[],2,[],2019-01-20 23:28:43,0.0,0,0,6477009,2019-01-20 23:28:43,,0.0,0.0,0,,0.0,0.0,0.0,32
1,[],4,[],2019-01-26 18:52:36,138346158.02654892,0.00000005,0.000000000001783655,6509498,2019-01-26 18:52:36,btc,0.38124829040298497,0.0,0.00000005,"btc,ltc",11216220.78466959,0.17095477,1.9343376954233853,33
1,[],12,[],2019-01-26 18:52:37,24231674.0,0.00000006,0.0000000000021403859999999996,6509499,2019-01-26 18:52:37,btc,17261783.03826397,0.0,0.00000006,btc,87240168.62037954,0.0032965331468543,0.9631025599999999,33
1,[],4,[],2019-01-25 15:51:47,121436519.49535657,0.00000002,0.000000000000712664,6499565,2019-01-25 15:51:47,btc,0.7770388655030004,0.0,0.00000002,btc,25623680.84561682,0.04566956,1.2289232726234858,34
1,[],5,[],2019-01-25 15:51:48,3e-08,0.00000002,0.000000000000712664,6499566,2019-01-25 15:51:48,btc,3.15691075,0.01219489,0.00000002,btc,1.394e-05,0.0,0.77186813,34
0.00000000009270179999999999,[],4,[],2019-01-26 18:52:38,2283609814.53666,3.708072e-18,1.322784232632e-22,6509500,2019-01-26 18:52:38,ltc,3.941725344312034e-09,0.0,0.00000004,ltc,697710154.5779934,0.0,6.4138343401716514e-09,36
1,[],5,[],2019-01-26 18:52:40,0.0,0,0,6509501,2019-01-26 18:52:40,btc,202.44189103,0.0,0,btc,1.295e-05,0.0,0.0,36
0,[],17,[],2019-01-26 18:52:41,0.0,0,0,6509502,2019-01-26 18:52:41,btc,0.08200904495845603,0.0,0,btc,5842697.91583647,0.0,0.0,36
0.00000000009270179999999999,[],27,[],2019-01-26 18:52:43,1000000.0,9.27018e-19,3.30696058158e-23,6509503,2019-01-26 18:52:43,ltc,448.59281329,0.0,0.00000001,"ltc,eth",3710972.58,0.0,9.270179999999999e-13,36
1,[],4,[],2019-01-26 18:52:44,447942.49718733,0.00000144,0.000000000051369264,6509504,2019-01-26 18:52:44,btc,0.4385137606381106,0.0,0.00000144,btc,232573.5353872,0.01522535,0.4017380514955899,37
1,[],12,[],2019-01-26 18:52:45,529189.53026493,0.00000145000000000000009320343975771638866945068002678453922271728515625,0.000000000051725995000000007,6509505,2019-01-26 18:52:45,btc,1330.9117260799853,0.0,0.00000145000000000000009320343975771638866945068002678453922271728515625,btc,766244.25121444,0.2267116086413462,0.45218948499999934,37
1,[],17,[],2019-01-26 18:52:47,1752.74075282,0.00000025,0.000000000008918275,6509506,2019-01-26 18:52:47,btc,0.055487313974150285,0.0,0.00000025,btc,1388.79251806,0.0,0.00043818518820499993,37
1,[],27,[],2019-01-26 18:52:48,3640.0609574,0.00569910,0.00000020330456421,6509507,2019-01-26 18:52:48,btc,22.37095737308125,0.0,0.00569910,btc,2948.884381,0.0,0.000368193331273,37
1,[],5,[],2019-01-26 18:52:50,1.575e-05,0.00000130,0.00000000004637503,6509508,2019-01-26 18:52:50,btc,0.20716869,0.07274105,0.00000130,btc,0.00014806,0.0,0.053702,42
1,[],12,[],2019-01-26 18:52:51,115109.14681813,0.00000119000000000000004144145963891343598106686840765178203582763671875,0.000000000042450989,6509509,2019-01-26 18:52:51,btc,239.11421813020155,0.0,0.00000119000000000000004144145963891343598106686840765178203582763671875,btc,100635.56968964,0.0813308447994624,0.051450422660843,42
0.0000000003248068,[],27,[],2019-01-26 18:52:53,1000.0,3.248068e-18,1.158686545708e-22,6509510,2019-01-26 18:52:53,eth,0.00315028,0.0,0.00000001,"btc,eth",11.007,0.0,3.248068e-15,42
1,[],5,[],2019-01-26 18:52:54,6e-08,0.00000003,0.000000000001070193,6509511,2019-01-26 18:52:54,btc,6.14624046,0.00780197,0.00000003,btc,1.425e-05,0.0,0.50932171,43
1,[],12,[],2019-01-26 18:52:54,6225907.0,0.00000002,0.000000000000713462,6509512,2019-01-26 18:52:54,btc,20007433.391420953,0.0,0.00000002,btc,40257546.40899101,0.0012281032367635,0.0646197,43
0,[],17,[],2019-01-26 18:52:56,0.0,0,0,6509513,2019-01-26 18:52:56,btc,0.0,0.0,0,btc,0.0,0.0,0.0,43
1,[],12,[],2019-01-26 18:52:57,761946.0,0.00000007,0.000000000002497117,6509514,2019-01-26 18:52:57,btc,11114761.219587628,0.0,0.00000007,btc,955810.89867649,9.1e-06,0.02039113,44
1,[],4,[],2019-01-26 18:52:58,237173743.04896292,0.00000003,0.000000000001070193,6509515,2019-01-26 18:52:58,btc,0.21884025312199884,0.0,0.00000003,"btc,ltc",6612297.84959688,0.00465228,0.5985043280745627,49
0.00000000009270179999999999,[],4,[],2019-01-26 18:52:58,3898948774.259275,1.854036e-18,6.61392116316e-23,6509516,2019-01-26 18:52:58,ltc,4.9943946343973,0.0,0.00000002,ltc,2085854250.8566308,0.0,4.4015648814224505e-09,52
0,[],22,[],2019-01-26 18:53:01,0.0,0,0,6509517,2019-01-26 18:53:01,,3693.92043704,0.0,0,,270535069.90882355,0.0,0.0,57
0,[],27,[],2019-01-26 18:53:03,0.0,0,0,6509518,2019-01-26 18:53:03,,0.0,0.0,0,"btc,eth",0.0,0.0,0.0,57
0.00000000009270179999999999,[],4,[],2019-01-26 18:53:04,1447814304.8029494,6.489126e-18,2.3148724071059997e-22,6509519,2019-01-26 18:53:04,ltc,3.3366770142628632,0.0,0.00000007,ltc,1155438299.563873,0.0,6.581611276861575e-09,58
1,[],12,[],2019-01-26 18:53:05,2662120685.282997,0.0000000007,0.000000000000024971169999999997,6509520,2019-01-26 18:53:05,btc,624074821207.3254,0.0,0.0000000007,btc,2975121457.7653346,0.02024886949390608,1.1084395820645632,58
0,[],17,[],2019-01-26 18:53:06,0.0,0,0,6509521,2019-01-26 18:53:06,btc,1e+24,0.0,0,btc,41616695.95832568,0.0,0.0,58
0.0000000001261054,[],22,[],2019-01-26 18:53:10,137438.0,1.261054e-18,4.49857054474e-23,6509522,2019-01-26 18:53:10,XMR,69.8835922,0.0,0.00000001,XMR,9887963.0,0.0,0.00137438,58
1,[],5,[],2019-01-26 18:53:12,7.47e-06,0.00000063,0.000000000022474053,6509523,2019-01-26 18:53:12,btc,0.44565526,0.00600473,0.00000063,btc,0.00011738,0.0,0.03852561,61
1,[],22,[],2019-01-26 18:53:15,5111.5,0.00000011,0.000000000003924041,6509524,2019-01-26 18:53:15,BTC,1002.29606732,0.0,0.00000011,BTC,15028.700278135757,0.0,0.00051178,61
1,[],26,[],2019-01-26 18:53:15,0.0,0.00000800,0.0000000002853848,6509525,2019-01-26 18:53:15,btc,0.0,0.0,0.00000800,btc,0.0,0.0,0.0,61
0,[],27,[],2019-01-26 18:53:17,0.0,0,0,6509526,2019-01-26 18:53:17,,0.0,0.0,0,"btc,eth",0.0,0.0,0.0,61
1,[],28,[],2019-01-26 18:53:21,1923.782,0.00000023,0.000000000008204813,6509527,2019-01-26 18:53:21,btc,2.065678837430106,850.0,0.00000023,btc,11618.08240005,0.0,0.00017391298,61
1,[],4,[],2019-01-26 16:49:58,1306416.95662859,0.00000159,0.000000000056559957000000004,6508789,2019-01-26 16:49:58,btc,0.5110284065005914,0.0,0.00000159,btc,189681.51219979,0.10766644,0.9508381542388507,67
0.0,[],25,[],2019-01-26 16:50:00,0.0,0,0,6508790,2019-01-26 16:50:00,,0.0,0.0,0.0,btc,0.0,0.0,0.0,67
1,[],12,[],2019-01-26 18:53:22,2680143.36454545,0.00000011,0.000000000003924041,6509528,2019-01-26 18:53:22,btc,16893709.20187457,0.0,0.00000011,btc,2078542.08751245,0.0084820177744559,0.0790826200999995,71
,[],5,[],2018-11-20 23:02:39,1.5e-07,0.00000005,0.000000000002128045,4862160,2018-11-20 23:02:39,btc,2.84511358,0.0,,btc,0.00036572,0.0,0.07381892,74
1,[],5,[],2019-01-25 15:53:51,3.303e-05,0.00000156,0.000000000055588884,6499610,2019-01-25 15:53:51,btc,1.42844212,0.0,0.00000156,btc,0.00015937,0.0,0.49487621,75
0,[],20,[],2019-01-25 09:30:31,0.0,0,0,6495923,2019-01-25 09:30:31,btc,0.0,0.0,0,btc,0.0,0.0,0.0,81
1,[],4,[],2019-01-26 18:53:23,63482976.34002812,0.00000001,0.000000000000356731,6509529,2019-01-26 18:53:23,btc,0.822704141069356,0.0,0.00000001,btc,16012866.74301408,0.0,0.6348297634002812,81
1,[],4,[],2019-01-26 18:53:25,24343.1302758,0.00007850,0.00000000280033835,6509530,2019-01-26 18:53:25,btc,1.4417301797526976,0.0,0.00007850,btc,12569.1203186,0.01274856,0.1330111945716549,82
1,[],21,[],2019-01-26 18:53:25,90266.5238343,0.00008100000000000000374613534637,0.0000000028895211,6509531,2019-01-26 18:53:25,btc,3.8338244409919144,11799.3897129,0.000081000000000000003746135346371914920382550917565822601318359375,btc,43332.51588254,0.95599081,4.870669775883403,82
0,[],17,[],2019-01-26 18:53:27,0.0,0,0,6509532,2019-01-26 18:53:27,btc,0.0447233088476774,0.0,0,btc,999127.19588126,0.0,0.0,84
0.00000000009270179999999999,[],4,[],2019-01-26 18:53:28,141674925.01913407,1.4832288e-17,5.291136930528e-22,6509533,2019-01-26 18:53:28,ltc,0.1975418253538147,0.0,0.00000016,ltc,81716496.19316432,0.0,1.4503829134956914e-09,85
,[],22,[],2018-11-20 23:09:34,3408.1,0.0000001,0.0000000000041895,4862324,2018-11-20 23:09:34,BTC,0.04624735,0.0,,BTC,4990.0,0.0,0.00033081,86
0,[],22,[],2019-01-26 18:53:30,0.0,0,0,6509534,2019-01-26 18:53:30,,2.07810912,0.0,0,,154826.94736842104,0.0,0.0,87
0,[],27,[],2019-01-26 18:53:32,0.0,0,0,6509535,2019-01-26 18:53:32,,0.0,0.0,0,btc,0.0,0.0,0.0,87
,[],2,[],2018-11-20 23:10:47,0.0,0,0,4862359,2018-11-20 23:10:47,,0.0,0.0,,,0.0,0.0,0.0,88
1,[],11,[],2019-01-26 18:53:33,104248.21287618,0.0001979999999999999880755108261354280330124311149120330810546875,0.0000000070632738,6509536,2019-01-26 18:53:33,btc,234.9446239100397,2375.85021524,0.0001979999999999999880755108261354280330124311149120330810546875,btc,181967.90913358,0.0,8.17653721468851,89
0,[],2,[],2019-01-20 23:31:45,0.0,0,0,6477083,2019-01-20 23:31:45,,0.0,0.0,0,,0.0,0.0,0.0,91
1,[],12,[],2019-01-26 18:53:35,375249.53322251997,0.000003009999999999999980258846843383935265592299401760101318359375,0.000000000107376031,6509537,2019-01-26 18:53:35,btc,113.78166864148488,0.0,0.000003009999999999999980258846843383935265592299401760101318359375,btc,4583.18259144,0.5024115610077955,0.2427043931999535,91
0,[],17,[],2019-01-26 18:53:36,0.0,0,0,6509538,2019-01-26 18:53:36,btc,0.0,0.0,0,btc,0.0,0.0,0.0,91
0.00000000009270179999999999,[],22,[],2019-01-26 18:53:40,33170424.666666668,5.562108e-18,1.984176348948e-22,6509539,2019-01-26 18:53:40,LTC,8.97065495,0.0,0.00000006,LTC,75377634.1,0.0,1.32185727,95
0.00000000009270179999999999,[],4,[],2019-01-26 18:53:41,133043039.25197367,9.5482854e-17,3.4061693990274e-21,6509540,2019-01-26 18:53:41,ltc,1.3999716771840345,0.0,0.00000103,ltc,68587231.12350447,0.00693208,7.139987905483703e-10,96
1,[],12,[],2019-01-26 18:53:41,1204235.0,0.00000001,0.000000000000356731,6509541,2019-01-26 18:53:41,btc,255059.2635896603,0.0,0.00000001,btc,7846613.56674301,1.24e-06,0.01204235,96
0,[],17,[],2019-01-26 18:53:43,0.0,0,0,6509542,2019-01-26 18:53:43,btc,0.0,0.0,0,btc,0.0,0.0,0.0,96
1,[],4,[],2019-01-26 18:53:44,1582799.27341897,0.00000041,0.000000000014625971,6509543,2019-01-26 18:53:44,btc,0.3049875752881888,0.0,0.00000041,btc,465572.46447698,0.02666326,0.1768309938136682,99
0,[],2,[],2019-01-20 23:23:55,0.0,0,0,6476914,2019-01-20 23:23:55,,0.0,0.0,0,,0.0,0.0,0.0,100
1,[],4,[],2019-01-26 18:53:45,94761.42948447,0.00004008,0.000000001429777848,6509544,2019-01-26 18:53:45,btc,1.2346421668624565,0.0,0.00004008,btc,24243.22582239,2.0869925,1.4950132953722617,100
1,[],22,[],2019-01-26 18:53:48,50000.0,0.00000001,0.000000000000356731,6509545,2019-01-26 18:53:48,BTC,23.49896609,0.0,0.00000001,BTC,10277.22,0.0,0.0005,101
1,[],4,[],2019-01-26 18:53:49,447203.91577847,0.00000098,0.000000000034959638,6509546,2019-01-26 18:53:49,btc,0.4040392886836476,0.0,0.00000098,btc,144220.39477436,0.0267188,0.1690557607404629,103
0,[],22,[],2019-01-26 18:53:52,0.0,0,0,6509547,2019-01-26 18:53:52,,1.07253299,0.0,0,,94300.0,0.0,0.0,107
1,[],26,[],2019-01-26 18:53:52,0.0,0.00000000,0,6509548,2019-01-26 18:53:52,btc,0.0,0.0,0.00000000,btc,0.0,0.0,0.0,107
1,[],5,[],2019-01-26 18:53:54,3e-08,0.00000002,0.000000000000713462,6509549,2019-01-26 18:53:54,btc,3.23785654,0.05199316,0.00000002,btc,1.589e-05,0.0,0.09446838,112
1,[],22,[],2019-01-26 18:53:57,43782.0,0.00000001,0.000000000000356731,6509550,2019-01-26 18:53:57,BTC,2.84243449,0.0,0.00000001,BTC,977103.5833333334,0.0,0.00043782,112
0,[],27,[],2019-01-26 18:55:57,0.0,0,0,6509551,2019-01-26 18:55:57,,0.17125,0.0,0,btc,67.0,0.0,0.0,112
1,[],4,[],2019-01-26 18:55:58,464071.14806429,0.00000504,0.000000000179792424,6509552,2019-01-26 18:55:58,btc,0.7535289649538021,0.0,0.00000504,btc,88183.38592101,0.47573659,0.5060906912808538,113
1,[],5,[],2019-01-26 18:55:59,2.506e-05,0.00000420,0.00000000014982702,6509553,2019-01-26 18:55:59,btc,2.15047364,5.12e-06,0.00000420,btc,0.0028384,0.0,0.25343356,113
1,[],17,[],2019-01-26 18:56:01,233369.0,0.00000004,0.000000000001426924,6509554,2019-01-26 18:56:01,btc,1.337629057597383,0.0,0.00000004,btc,72546.975,0.0,0.00543476,116
0,[],27,[],2019-01-26 18:56:03,0.0,0,0,6509555,2019-01-26 18:56:03,,0.0,0.0,0,btc,0.0,0.0,0.0,116
1,[],4,[],2019-01-26 18:56:03,41449.93125146,0.00002301,0.000000000820838031,6509556,2019-01-26 18:56:03,btc,0.5298660181448394,0.0,0.00002301,btc,19501.76983905,1.30865477,0.6848932761105702,120
1,[],7,[],2019-01-26 18:56:05,3052.47214385,0.00001798999999999999885769326468665241236521978862583637237548828125,0.000000000641759069,6509557,2019-01-26 18:56:05,btc,104.09951175687254,60.5577699,0.00001798999999999999885769326468665241236521978862583637237548828125,btc,26331.80225007,0.00109015,0.0348064121594512,120
1,[],20,[],2019-01-26 18:56:07,1202618.9088,0.000000013,0.0000000000004637503,6509558,2019-01-26 18:56:07,btc,31.4008542592274,9368.95,0.000000013,btc,1084158.2964,0.00012179635,0.0066780354106,125
1,[],22,[],2019-01-26 18:56:11,68433.0,0.00000001,0.000000000000356731,6509559,2019-01-26 18:56:11,BTC,0.01415863,0.0,0.00000001,BTC,293039.4,0.0,0.00068433,126
0,[],2,[],2019-01-20 23:25:46,0.0,0,0,6476969,2019-01-20 23:25:46,,0.0,0.0,0,,0.0,0.0,0.0,131
1,[],4,[],2019-01-26 18:56:12,310048.02515299,0.00001499,0.000000000534739769,6509560,2019-01-26 18:56:12,btc,0.6482497255301376,0.0,0.00001499,btc,33961.90347205,0.14693576,0.2825008756818563,131
0,[],17,[],2019-01-26 18:56:14,0.0,0,0,6509561,2019-01-26 18:56:14,btc,0.0008451375975800001,0.0,0,btc,30.89614684,0.0,0.0,131
1,[],4,[],2019-01-26 18:56:14,6063.24629893,0.00020127,0.000000007179924837,6509562,2019-01-26 18:56:14,btc,1.6262542558161048,0.0,0.00020127,btc,203.15784629,0.00010103,0.010762381985038,135
1,[],3,[],2019-01-26 18:56:15,12336901.80018509,0.00000005,0.0000000000017836549999999998,6509563,2019-01-26 18:56:15,btc,0.2630554234609369,37281.6144803,0.00000005,btc,969673.45036222,0.0,0.136691717337035,136
1,[],4,[],2019-01-26 18:56:16,177545.51725815,0.00000180,0.00000000006421158,6509564,2019-01-26 18:56:16,btc,0.4572189123725452,0.0,0.00000180,btc,180601.44152586,0.06357379,0.2633297383086129,137
1,[],12,[],2019-01-26 18:56:18,299613.54473936,0.000001799999999999999918546601286595265634105089702643454074859619140625,0.00000000006421158,6509565,2019-01-26 18:56:18,btc,11798.819711456583,0.0,0.000001799999999999999918546601286595265634105089702643454074859619140625,btc,131591.27172622,0.0680997816340927,0.0320347260000106,137
1,[],20,[],2019-01-26 18:56:22,156383.5146,0.00003414,0.000000001217879634,6509568,2019-01-26 18:56:22,btc,2.505639105,44.0156,0.00003414,btc,5112.6321,0.0017351100299,0.2876049112308,142
1,[],22,[],2019-01-26 18:56:25,990.0,0.00001880,0.00000000067065428,6509569,2019-01-26 18:56:25,BTC,0.00073317,0.0,0.00001880,BTC,10.00051282051282,0.0,0.00022106,142
0.0,[],25,[],2019-01-26 18:56:27,0.0,0,0,6509570,2019-01-26 18:56:27,,0.0,0.0,0.0,btc,0.0,0.0,0.0,142
1,[],28,[],2019-01-26 18:56:31,82883.032,0.00003500,0.0000000012485585,6509571,2019-01-26 18:56:31,btc,0.13536850002,49146.7234,0.00003500,btc,2689.998,0.0,0.16642905576,142
1,[],5,[],2019-01-26 18:56:19,0.00113268,0.00003864,0.000000001378408584,6509566,2019-01-26 18:56:19,btc,9.57760004,4.17099913,0.00003864,btc,0.00303172,0.0,1.38713197,142
1,[],17,[],2019-01-26 18:56:20,12500.0,0.0000001,0.0000000000035673099999999997,6509567,2019-01-26 18:56:20,btc,0.6809500040557975,0.0001053877,0.0000001,btc,5932.0,0.0,0.00125,142
0,[],22,[],2019-01-25 15:57:33,0.0,0,0,6499726,2019-01-25 15:57:33,,59.04258297,0.0,0,,718491265.8,0.0,0.0,143
1,[],21,[],2019-01-26 18:56:32,46511497.37413147,0.0000003,0.00000000001070193,6509572,2019-01-26 18:56:32,btc,37.63908396572898,7715907.83875264,0.0000003,btc,74683912.92009878,2.31979859,8.452656105827744,145
0,[],22,[],2019-01-26 18:56:35,0.0,0,0,6509573,2019-01-26 18:56:35,,4.31668284,0.0,0,,1427838.5,0.0,0.0,146
,[],22,[],2018-11-20 23:01:11,0.0,0,0,4862114,2018-11-20 23:01:11,,2.56807021,0.0,,,61828.4988236,0.0,0.0,147
1,[],12,[],2019-01-26 14:49:00,8706049.48046371,0.0000027400000000000000242405921724309081355386297218501567840576171875,0.000000000098108714,6508178,2019-01-26 14:49:00,btc,17.072923105854095,0.0,0.0000027400000000000000242405921724309081355386297218501567840576171875,btc,111160.72407238,0.01255734,0.1324554199999772,148
1,[],4,[],2019-01-26 18:56:36,112986.8619775,0.00000036,0.000000000012842316,6509574,2019-01-26 18:56:36,btc,0.6904805380733366,0.0,0.00000036,btc,513373.1719915,0.0007358,0.0315679628330475,152
0,[],22,[],2019-01-26 18:56:39,0.0,0,0,6509575,2019-01-26 18:56:39,,0.0,0.0,0,,0.0,0.0,0.0,152
1,[],5,[],2019-01-26 18:56:40,0.0,0,0,6509576,2019-01-26 18:56:40,btc,4.34195855,6.928e-05,0,btc,0.00161275,0.0,0.0,153
,[],16,[],2019-01-11 15:38:59,0.0,0,0,6366141,2019-01-11 15:38:59,btc,0.0,0.0,,btc,0.0,0.0,0.0,155
0,[],22,[],2019-01-26 18:56:44,0.0,0,0,6509577,2019-01-26 18:56:44,,6.73086592,0.0,0,,4339532.742592593,0.0,0.0,156
0,[],23,[],2019-01-20 23:24:29,0.0,0,0,6476932,2019-01-20 23:24:29,,0.0,0.0,0,,0.0,0.0,0.0,156
1,[],22,[],2019-01-26 18:56:48,7906.0,0.00000801,0.000000000285741531,6509578,2019-01-26 18:56:48,BTC,43.78612537,0.0,0.00000801,BTC,1033.584498154164,0.0293087,0.00743836,157
0,[],22,[],2019-01-26 18:56:51,0.0,0,0,6509579,2019-01-26 18:56:51,,50175.6753658,0.0,0,,54007107.04179466,0.0,0.0,158
,[],17,[],2018-11-20 22:56:10,0.0,0,0,4861976,2018-11-20 22:56:10,btc,1.1265625,0.0,,btc,1000.0,0.0,0.0,159
,[],20,[],2018-11-20 22:56:12,0.0,0,0,4861977,2018-11-20 22:56:12,btc,11912.7940471,0.0,,btc,34413894.3617,0.0,0.0,159
1,[],12,[],2019-01-26 18:56:53,185752.59068965,0.000010890000000000000767168446824673111450465512461960315704345703125,0.00000000038848005900000005,6509580,2019-01-26 18:56:53,btc,6.652232612081701,0.0,0.000010890000000000000767168446824673111450465512461960315704345703125,btc,14023.52908934,0.0013405179,0.1039415188999625,168
1,[],17,[],2019-01-26 18:56:54,29784.95,0.000001,0.0000000000356731,6509581,2019-01-26 18:56:54,btc,0.0353989844335,0.0,0.000001,btc,196.82520268,0.0,0.00716147,168
1,[],22,[],2019-01-26 18:56:58,1433447.0,0.00000001,0.000000000000356731,6509582,2019-01-26 18:56:58,BTC,1.13380276,0.0,0.00000001,BTC,689102.5537281231,1e-07,0.01433447,169
1,[],22,[],2019-01-26 18:57:01,80918.5142857143,0.00000035,0.000000000012485585,6509583,2019-01-26 18:57:01,BTC,2.46405561,0.0,0.00000035,BTC,53989.56439849624,0.00087455,0.01674148,171
1,[],22,[],2019-01-26 18:57:04,184028.48245614034,0.0000002,0.00000000000713462,6509584,2019-01-26 18:57:04,BTC,2.8461939,0.0,0.0000002,BTC,242612.34097764152,0.00018177,0.01016223,173
1,[],5,[],2019-01-26 18:57:05,6.747e-05,0.00000440,0.00000000015696164,6509585,2019-01-26 18:57:05,btc,0.41229871,0.00285257,0.00000440,btc,0.00037729,0.0,0.83082744,175
1,[],22,[],2019-01-26 18:59:06,53551.0,0.00000131,0.000000000046731761,6509586,2019-01-26 18:59:06,BTC,0.55742815,0.0,0.00000131,BTC,110301.51379872746,0.03170052,0.04645228,176
1,[],7,[],2019-01-26 18:59:08,0.0,0,0,6509587,2019-01-26 18:59:08,btc,10967.435878587923,2399.0,0,btc,122069154.8834731,2.399e-05,0.0,178
0,[],22,[],2019-01-26 18:59:11,0.0,0,0,6509588,2019-01-26 18:59:11,,1.00242428,0.0,0,,57512.0,0.0,0.0,178
0,[],2,[],2019-01-20 23:28:34,0.0,0,0,6477001,2019-01-20 23:28:34,,0.0,0.0,0,,0.0,0.0,0.0,178
1,[],5,[],2019-01-26 18:59:13,6e-08,0.00000003,0.000000000001070193,6509589,2019-01-26 18:59:13,btc,16.16109025,0.14070962,0.00000003,btc,2.114e-05,0.0,1.61865599,179
1,[],22,[],2019-01-26 18:59:25,9067350.5,0.00000002,0.000000000000713462,6509590,2019-01-26 18:59:25,BTC,5.47356866,0.0,0.00000002,"BTC,LTC",16476164.318656633,0.0110997,0.39568206,179
0,[],23,[],2019-01-20 23:25:08,0.0,0,0,6476952,2019-01-20 23:25:08,,0.0,0.0,0,,0.0,0.0,0.0,179
1,[],17,[],2019-01-26 18:59:26,10504.725,0.0000001,0.0000000000035673099999999997,6509591,2019-01-26 18:59:26,btc,5.206877489878448,0.0,0.0000001,btc,7465.6174587,0.0,0.0010504725,180
1,[],22,[],2019-01-26 18:59:30,1011.8709677419355,0.00000031,0.000000000011058661,6509592,2019-01-26 18:59:30,BTC,0.0950873,0.0,0.00000031,"BTC,LTC",15926.617162207827,0.0,0.00026202,180
1,[],26,[],2019-01-26 18:59:31,0.0,0.00000020,0.00000000000713462,6509593,2019-01-26 18:59:31,btc,0.0,3411.1973,0.00000020,btc,0.0,0.0,0.0,180
,[],7,[],2018-11-20 22:58:01,562227.975654,0.00000085,0.000000000036176765,4862015,2018-11-20 22:58:01,btc,21836.6059674,2491.87645172,,btc,749999.041456,0.00211021,0.127565380455,183
1,[],24,[],2019-01-26 18:59:31,0.0,0.000000000001,3.56731e-17,6509594,2019-01-26 18:59:31,btc,0.0,0.0,0.000000000001,btc,0.0,0.0,0.0,187
,[],5,[],2019-01-10 08:11:41,0.0,0,0,6347036,2019-01-10 08:11:41,btc,82.15055501,0.00261,,btc,1.19002445,0.0,0.0,187
,[],17,[],2018-11-16 20:58:10,4062536.27273,0.00000001,0.000000000000550501,4708775,2018-11-16 20:58:10,btc,3.36492563466,0.195460381006,,"btc,eth",110697919.549,0.0,0.0157628953496,187
0,[],22,[],2019-01-26 18:59:34,0.0,0,0,6509595,2019-01-26 18:59:34,,1.19413437,0.0,0,,14499.956201072173,0.0,0.0,191
0,[],22,[],2019-01-26 18:59:40,0.0,0,0,6509596,2019-01-26 18:59:40,,0.0,0.0,0,,0.0,0.0,0.0,197
0,[],23,[],2019-01-20 23:31:41,0.0,0,0,6477079,2019-01-20 23:31:41,,0.0,0.0,0,,0.0,0.0,0.0,199
1,[],26,[],2019-01-26 18:59:40,0.0,0.00000000,0,6509597,2019-01-26 18:59:40,btc,0.0,741282.0,0.00000000,btc,0.0,0.0,0.0,199
0,[],17,[],2019-01-26 18:59:41,0.0,0,0,6509598,2019-01-26 18:59:41,btc,6.802544163851486,0.0,0,btc,105897.55575295,0.0,0.0,200
0,[],2,[],2019-01-20 23:30:49,0.0,0,0,6477059,2019-01-20 23:30:49,,0.0,0.0,0,,0.0,0.0,0.0,201
1,[],4,[],2019-01-25 15:51:35,2084389.58565343,0.00000936,0.000000000333526752,6499557,2019-01-25 15:51:35,btc,2.0092503037378524,0.0,0.00000936,btc,160195.80207885,0.19272417,1.242687955921835,211
1,[],7,[],2019-01-26 18:59:44,18948857.388202,0.0000011599999999999999051561623553130431218960438854992389678955078125,0.000000000041380796,6509599,2019-01-26 18:59:44,btc,16317791.375405995,372414.214486,0.0000011599999999999999051561623553130431218960438854992389678955078125,btc,12755725.4434786,0.0,8.854043839181065,212
1,[],5,[],2019-01-26 18:59:46,5.84e-06,0.00000035,0.000000000012485585,6509600,2019-01-26 18:59:46,btc,0.97838231,0.12928058,0.00000035,btc,3.39e-05,0.0,0.51820712,213
1,[],24,[],2019-01-26 18:59:46,0.0,0.000000050000,0.000000000001783655,6509601,2019-01-26 18:59:46,btc,0.0,0.0,0.000000050000,btc,0.0,0.0,0.0,213
1,[],26,[],2019-01-26 18:59:46,0.0,0.00000003,0.000000000001070193,6509602,2019-01-26 18:59:46,btc,0.0,0.0,0.00000003,btc,0.0,0.0,0.0,213
1,[],12,[],2019-01-25 02:44:32,207462.42853209,0.000001080000000000000035831255497387193287295303889550268650054931640625,0.000000000038610756000000006,6493050,2019-01-25 02:44:32,btc,85023.03793723314,0.0,0.000001080000000000000035831255497387193287295303889550268650054931640625,btc,43675.73520027,0.000146250909087,0.0348620860622024,213
1,[],22,[],2019-01-26 18:59:50,283952.2,0.00000005,0.000000000001783655,6509603,2019-01-26 18:59:50,BTC,70.21708018,0.0,0.00000005,BTC,207976.63907173084,0.00100246,0.00494161,216
1,[],27,[],2019-01-26 18:59:52,5087945.0,0.00000015,0.000000000005350965,6509604,2019-01-26 18:59:52,btc,619.87938651916,0.0,0.00000015,"btc,ltc",268416.09411,0.0,0.0535075,216
1,[],22,[],2019-01-26 18:59:56,297467.8247499803,0.00000225,0.000000000080264475,6509605,2019-01-26 18:59:56,BTC,12677.80222523,0.0,0.00000225,BTC,341424.5999268982,0.02234396,0.42297872,217
1,[],7,[],2019-01-26 18:59:57,0.0,0,0,6509606,2019-01-26 18:59:57,btc,302.59827048911063,0.0,0,btc,135679859.1214003,0.0,0.0,219
0,[],27,[],2019-01-26 18:59:58,0.0,0,0,6509607,2019-01-26 18:59:58,,0.0747309448198,0.0,0,btc,1605140.29226592,0.0,0.0,219
0.0000000000000057999999999999996,[],28,[],2019-01-26 19:00:06,203946286.198,2.3200579999999998e-18,8.276366103979999e-23,6509608,2019-01-26 19:00:06,doge,79804.0288717675,187506.839,0.00040001,"btc,doge",4119437.84751,0.0,1.7763739499674552e-11,219
1,[],22,[],2019-01-26 19:00:10,210941.0,0.00000084,0.000000000029965404,6509609,2019-01-26 19:00:10,BTC,2.08842633,0.0,0.00000084,BTC,20480.55212317522,0.0010532,0.02694938,221
1,[],24,[],2019-01-26 19:00:10,0.0,0.000000550000,0.000000000019620205,6509610,2019-01-26 19:00:10,btc,0.0,10699.71229,0.000000550000,btc,0.0,0.0071656,0.0,221
1,[],26,[],2019-01-26 19:00:11,0.0,0.00000020,0.00000000000713462,6509611,2019-01-26 19:00:11,btc,0.0,11255.0,0.00000020,btc,0.0,0.0,0.0,231
1,[],26,[],2019-01-26 19:00:11,0.0,0.00000004,0.000000000001426924,6509612,2019-01-26 19:00:11,btc,0.0,1100.0,0.00000004,btc,0.0,0.0,0.0,234
0,[],27,[],2019-01-26 19:00:13,0.0,0,0,6509613,2019-01-26 19:00:13,,0.001146299618,0.0,0,"btc,eth",11462.99618,0.0,0.0,234
0.00000000009270179999999999,[],22,[],2019-01-26 19:00:17,10000000.0,9.27018e-19,3.30696058158e-23,6509614,2019-01-26 19:00:17,LTC,3.07807116,0.0,0.00000001,LTC,90316025.08996265,0.0,0.1,235
1,[],4,[],2019-01-26 19:00:17,675683.48944163,0.00000096,0.000000000034246176,6509615,2019-01-26 19:00:17,btc,0.1171318850097704,0.0,0.00000096,btc,95966.35554297,0.08245802,0.1592663376438506,236
1,[],24,[],2019-01-26 19:00:17,0.0,0.000000010000,0.000000000000356731,6509616,2019-01-26 19:00:17,btc,0.0,511.27656,0.000000010000,btc,0.0,0.00055729,0.0,236
1,[],20,[],2019-01-26 19:00:19,34748814.1132,0.00000007,0.000000000002497117,6509617,2019-01-26 19:00:19,btc,14.4433002434446,9736723.1262,0.00000007,btc,26276260.0795,0.6726735065584,0.9866115050757,237
0,[],22,[],2019-01-26 19:00:22,0.0,0,0,6509618,2019-01-26 19:00:22,,0.04083605,0.0,0,,4179.0,0.0,0.0,237
1,[],4,[],2019-01-26 19:00:23,4828229.07987907,0.00000031,0.000000000011058661,6509619,2019-01-26 19:00:23,btc,0.5744058528724058,0.0,0.00000031,btc,1700342.81712813,0.2770752,1.3269403529534833,238
1,[],5,[],2019-01-26 19:00:24,3.64e-06,0.00000031,0.000000000011058661,6509620,2019-01-26 19:00:24,btc,0.69502566,0.00903668,0.00000031,btc,2.855e-05,0.0,0.18115901,238
1,[],22,[],2019-01-26 19:00:27,273123.25,0.00000005,0.000000000001783655,6509621,2019-01-26 19:00:27,BTC,15.41162061,0.0,0.00000005,BTC,244303.2250045004,0.00048354,0.00910771,249
0.00000000009270179999999999,[],22,[],2019-01-26 19:00:31,2565300.8,4.6350899999999996e-18,1.65348029079e-22,6509622,2019-01-26 19:00:31,LTC,0.60419617,0.0,0.00000005,LTC,14478807.29,0.0,0.05186212,252
1,[],28,[],2019-01-26 19:00:45,2057332.213,0.00000008,0.000000000002853848,6509623,2019-01-26 19:00:45,btc,164692.83404779495,37600.0,0.00000008,btc,1237558.2807,0.0,0.07636431991,256
0,[],27,[],2019-01-26 19:00:47,0.0,0,0,6509624,2019-01-26 19:00:47,,4.96668,0.0,0,"btc,eth",90.59,0.0,0.0,257
1,[],22,[],2019-01-26 19:00:51,52566.0,0.00000002,0.000000000000713462,6509625,2019-01-26 19:00:51,BTC,35605.68201145,0.0,0.00000002,BTC,722566.2910213444,0.00011143,0.00053566,258
1,[],22,[],2019-01-26 19:01:07,5451.4546666666665,0.00000750,0.00000000026754825,6509626,2019-01-26 19:01:07,BTC,4.68659351,0.0,0.00000750,BTC,6065.535238095238,0.00668982,0.02482077,262
1,[],5,[],2019-01-26 19:01:09,4.515e-05,0.00000212,0.000000000075626972,6509627,2019-01-26 19:01:09,btc,34448.28934673,0.03745425,0.00000212,btc,11111.11518907,0.0,0.23190634,264
1,[],20,[],2019-01-26 19:01:11,1771263.8099,0.0000038,0.00000000013555778,6509628,2019-01-26 19:01:11,btc,5.0377793218157,30095.1042,0.0000038,btc,82311.7256,0.1249187167869,0.0217199894609,264
1,[],22,[],2019-01-26 19:01:15,163093.0,0.00000003,0.000000000001070193,6509629,2019-01-26 19:01:15,BTC,6.33490838,0.0,0.00000003,BTC,222617.3801039501,0.0004655,0.00389713,271
0,[],22,[],2019-01-26 19:01:18,0.0,0,0,6509630,2019-01-26 19:01:18,,242.59396368,0.0,0,,12792025291.9,0.0,0.0,272
0,[],28,[],2019-01-26 19:03:18,0.0,0,0,6509631,2019-01-26 19:03:18,,0.0,0.0,0,,0.0,0.0,0.0,272
