pairValue,buyBook,exchangeId,sellBook,updated,buyTotal,satoshiPrice,usdPrice,exchangeLogId,created,bestPair,sellTotalBtc,volume,pairPrice,activePairs,sellTotal,volumeBtc,buyTotalBtc,coinId
1,[],3,[],2019-05-27 21:34:15,195.452626228964,0.0107249100000000006926992313083246699534356594085693359375,0.000000938607658506,7697075,2019-05-27 21:34:15,btc,33.76039305260348,52.1733135216,0.0107249100000000006926992313083246699534356594085693359375,btc,22.50619414737,0.0,0.21624205114310974,1
1,[],4,[],2019-05-27 21:34:17,207674.85186158,0.01080411,0.000000945538973226,7697076,2019-05-27 21:34:17,btc,8.398129746076094,0.0,0.01080411,btc,363.58069073,1.51906028,0.5198657766323812,1
1,[],5,[],2019-05-27 21:34:19,0.0,0,0,7697077,2019-05-27 21:34:19,btc,0.0,0.0049136,0,btc,0.0,0.0,0.0,1
1,[],10,[],2019-05-27 21:34:21,128062.92174598,0.00720027,0.000000630143149482,7697078,2019-05-27 21:34:21,btc,6521.836494387532,2053.69696346,0.00720027,btc,1358.46095552,0.0,2.4237108519068316,1
1,[],12,[],2019-05-27 21:34:23,78.73208781,0.0110500000000000007938094626069869264028966426849365234375,0.00000096705843,7697079,2019-05-27 21:34:23,btc,0.2295778469312,0.0,0.0110500000000000007938094626069869264028966426849365234375,btc,19.78506093,0.138572576577,0.3250298060779,1
1,[],20,[],2019-05-27 21:34:27,973.0234,0.010262851,0.0000008981698258266,7697080,2019-05-27 21:34:27,btc,0.5004177412745,0.1139,0.010262851,btc,41.6349,0.00129704764,0.1090466233702,1
1,[],21,[],2019-05-27 21:34:29,1971.32513052,0.01110041999999999973169906298,0.000000971471016972,7697081,2019-05-27 21:34:29,btc,12.08610091178517,3808.9504765399997,0.0111004199999999997316990629769861698150634765625,"btc,eth",1420.24053452,36.3450035311894,17.328558212965007,1
1,[],22,[],2019-05-27 21:34:33,0.0025666666666666667,0.00900000,0.0000007876494,7697082,2019-05-27 21:34:33,BTC,0.31629903,0.0,0.00900000,BTC,0.2505752479991019,0.0,2.31e-05,1
1,[],24,[],2019-05-27 21:34:35,0.0,0.000000000000,0,7697083,2019-05-27 21:34:35,btc,0.0,0.0,0.000000000000,btc,0.0,0.0,0.0,1
0.0,[],25,[],2019-05-27 21:34:37,0.0,0,0,7697084,2019-05-27 21:34:37,btc,14.406099999337698,4553.52754592,0.0,btc,1216.20136844,49.375,0.0,1
1,[],26,[],2019-05-27 21:34:39,0.0,0,0,7697085,2019-05-27 21:34:39,,0.0,0.0,0,,0.0,0.0,0.0,1
0,[],28,[],2019-05-27 21:34:40,0.0,0,0,7697086,2019-05-27 21:34:40,,0.0,365541.3,0,,0.0,0.0,0.0,1
0,[],2,[],2019-01-20 23:28:45,0.0,0,0,6477011,2019-01-20 23:28:45,,0.0,0.0,0,,0.0,0.0,0.0,1
1,[],5,[],2019-05-27 21:34:43,0.0,0,0,7697087,2019-05-27 21:34:43,btc,0.0,0.00105411,0,btc,0.0,0.0,0.0,2
0,[],22,[],2019-05-27 21:34:45,0.0,0,0,7697088,2019-05-27 21:34:45,,0.0,0.0,0,,0.0,0.0,0.0,2
1,[],5,[],2019-05-27 21:34:47,0.0,0,0,7697089,2019-05-27 21:34:47,btc,0.0,0.18533858,0,btc,0.0,0.0,0.0,3
1,[],12,[],2019-05-27 21:34:49,2749991.3521261,0.00000011,0.000000000009626826,7697090,2019-05-27 21:34:49,btc,4526.134631732885,0.0,0.00000011,btc,2981401.62072638,0.114701714717,0.2295437248197188,3
0,[],28,[],2019-05-27 21:34:51,0.0,0,0,7697091,2019-05-27 21:34:51,,0.0,0.0,0,,0.0,0.0,0.0,3
0,[],2,[],2019-01-20 23:31:32,0.0,0,0,6477077,2019-01-20 23:31:32,,0.0,0.0,0,,0.0,0.0,0.0,4
1,[],4,[],2019-05-18 21:29:50,562734.9206932,0.00000010,0.000000000007298720000000001,7650946,2019-05-18 21:29:50,btc,41.9347137769675,0.0,0.00000010,btc,1123702.32192634,0.00052462,0.029254593370966,4
0,[],12,[],2019-05-27 20:10:10,0.0,0,0,7696771,2019-05-27 20:10:10,btc,0.415868044995005,0.0,0,btc,1049061.4995005,0.0,0.0,5
0,[],2,[],2019-01-20 23:31:51,0.0,0,0,6477087,2019-01-20 23:31:51,,0.0,0.0,0,,0.0,0.0,0.0,6
1,[],11,[],2019-05-27 21:34:53,5500289.776736,0.00000002,0.000000000001750332,7697092,2019-05-27 21:34:53,btc,9578.924027111882,3429798.0,0.00000002,btc,65060656.39865396,0.0,0.05837137276736,6
1,[],3,[],2019-05-27 21:34:53,12318.716498263791,0.0000888800000000000028389790518446034184307791292667388916015625,0.000000007778475408,7697093,2019-05-27 21:34:53,btc,0.06786602615318414,176.533509258,0.0000888800000000000028389790518446034184307791292667388916015625,btc,198.27128576376398,0.0,0.026262173795462383,7
1,[],4,[],2019-05-27 21:34:54,332272.67510026,0.00008923,0.000000007809106218,7697094,2019-05-27 21:34:54,btc,9.698119279578952,0.0,0.00008923,btc,58032.22711368,2.74150484,2.4070224857246214,7
1,[],5,[],2019-05-27 21:34:55,0.0,0,0,7697095,2019-05-27 21:34:55,btc,0.0,0.23233791,0,btc,0.0,0.0,0.0,7
1,[],20,[],2019-04-07 22:06:50,3201475.0482,0.000000001,0.000000000000051590000000000004,7213932,2019-04-07 22:06:50,btc,30.8005781811902,0.0,0.000000001,btc,23077405.3926,0.0,0.0032014750482,8
0,[],2,[],2019-01-20 23:22:42,0.0,0,0,6476876,2019-01-20 23:22:42,,0.0,0.0,0,,0.0,0.0,0.0,9
0,[],23,[],2019-01-20 23:22:48,0.0,0,0,6476878,2019-01-20 23:22:48,,0.0,0.0,0,,0.0,0.0,0.0,9
1,[],1,[],2019-02-17 23:31:42,1822507.21,0.00000181000000000000003456111265232042484285557293333113193511962890625,0.000000000066086901,6701244,2019-02-17 23:31:42,btc,3.6990969245,17153386.5,0.00000181000000000000003456111265232042484285557293333113193511962890625,btc,1997391.71,31.11772986,3.2610482446,9
1,[],4,[],2019-05-27 21:34:58,21485146.07478157,0.00000049,0.000000000042883134,7697096,2019-05-27 21:34:58,btc,4.0288775368889365,0.0,0.00000049,btc,3561052.31722244,0.73216639,0.671972773963912,9
0,[],28,[],2019-05-27 21:35:00,0.0,0,0,7697097,2019-05-27 21:35:00,,0.0,3565465.0,0,,0.0,0.0,0.0,9
1,[],4,[],2019-02-17 11:22:43,4341674.27126056,0.00000002,0.0000000000007272960000000001,6696112,2019-02-17 11:22:43,btc,0.1997230937751353,0.0,0.00000002,btc,4109766.79808031,0.00215132,0.0479381022052112,10
0,[],2,[],2019-01-20 23:23:08,0.0,0,0,6476890,2019-01-20 23:23:08,,0.0,0.0,0,,0.0,0.0,0.0,12
1,[],4,[],2019-05-27 21:35:01,8731011.91253786,0.00000051,0.000000000044633466,7697098,2019-05-27 21:35:01,btc,4.726053721249688,0.0,0.00000051,btc,4909561.06903895,1.11223049,1.613113957436136,12
1,[],5,[],2019-05-27 21:35:03,0.0,0,0,7697099,2019-05-27 21:35:03,btc,0.0,0.19909734,0,btc,0.0,0.0,0.0,12
0.0,[],25,[],2019-05-27 21:35:06,0.0,0,0,7697100,2019-05-27 21:35:06,,0.0,0.0,0.0,btc,0.0,0.0,0.0,12
1,[],4,[],2019-05-27 21:35:07,342705.11780407,0.00000586,0.000000000512847276,7697101,2019-05-27 21:35:07,btc,2.008678343133346,0.0,0.00000586,btc,249086.67522807,0.31192607,0.5593111553192678,13
1,[],10,[],2019-05-27 21:35:10,350358.90393799,0.00000583,0.000000000510221778,7697102,2019-05-27 21:35:10,btc,666803.2697222139,12096.451207,0.00000583,btc,862869.65936737,0.0,0.276057319853484,13
1,[],21,[],2019-05-27 21:35:11,2048542.49701874,0.000006000000000000000152005144582,0.0000000005250996000000001,7697103,2019-05-27 21:35:11,btc,2.3927960728501807,1017216.33067334,0.00000600000000000000015200514458246772164784488268196582794189453125,btc,356781.65500963,6.03934489,9.06169372867713,13
1,[],4,[],2019-05-27 21:35:12,803552.75385517,0.00000081,0.000000000070888446,7697104,2019-05-27 21:35:12,btc,4.512968206848584,0.0,0.00000081,btc,851101.12154653,0.01131369,0.0554334781474241,14
1,[],12,[],2019-05-27 21:35:13,135760.30511485,0.00000077,0.000000000067387782,7697105,2019-05-27 21:35:13,btc,14.13462356000628,0.0,0.00000077,btc,21543.71741965,0.000322191372,0.015170239999967,14
1,[],26,[],2019-05-27 21:37:13,0.0,0.00000050,0.0000000000437583,7697106,2019-05-27 21:37:13,btc,0.0,0.0,0.00000050,btc,0.0,0.0,0.0,14
0,[],17,[],2019-05-03 00:53:32,0.0,0,0,7558876,2019-05-03 00:53:32,btc,0.0,0.0,0,btc,0.0,0.0,0.0,14
,[],12,[],2018-12-01 15:15:48,204241.84496,0.00000489,0.000000000202473384,5260204,2018-12-01 15:15:48,btc,49.5475654835,0.0,,btc,35763.2193806,0.0163153972027625,0.0203389899998,15
0,[],4,[],2019-05-27 21:37:14,0.0,0,0,7697107,2019-05-27 21:37:14,,0.0,0.0,0,,0.0,0.0,0.0,15
0,[],2,[],2019-01-20 23:23:38,0.0,0,0,6476906,2019-01-20 23:23:38,,0.0,0.0,0,,0.0,0.0,0.0,18
1,[],4,[],2019-05-27 21:37:15,35684.65578008,0.00001102,0.000000000964432932,7697108,2019-05-27 21:37:15,btc,0.9734458682412892,0.0,0.00001102,btc,11275.85140967,0.04021278,0.0912111549408911,18
1,[],10,[],2019-05-27 21:37:17,105447.73697568,0.00001057,0.000000000925050462,7697109,2019-05-27 21:37:17,btc,15.348927457524722,44177.0153017,0.00001057,btc,13892.35809799,0.0,0.0672761826802294,18
1,[],12,[],2019-05-27 21:37:18,7202.85320364,0.00001150999999999999991325515258377976124393171630799770355224609375,0.000000001007316066,7697110,2019-05-27 21:37:18,btc,0.3987935779014098,0.0,0.00001150999999999999991325515258377976124393171630799770355224609375,btc,1250.20089134,0.003258828204,0.0128616537929159,18
0,[],17,[],2019-05-03 00:53:39,0.0,0,0,7558882,2019-05-03 00:53:39,btc,0.0,0.0,0,btc,0.0,0.0,0.0,18
0,[],2,[],2019-01-20 23:24:19,0.0,0,0,6476924,2019-01-20 23:24:19,,0.0,0.0,0,,0.0,0.0,0.0,19
1,[],3,[],2019-05-27 21:39:18,148838.66877100905,0.00000819999999999999941717628015869223645495367236435413360595703125,0.00000000071763612,7697111,2019-05-27 21:39:18,btc,0.14945246066368145,3754.77071591,0.00000819999999999999941717628015869223645495367236435413360595703125,btc,4007.146261396318,0.0,0.0486325567133084,19
1,[],4,[],2019-05-27 21:39:19,613859.70561164,0.00000842,0.000000000736889772,7697112,2019-05-27 21:39:19,btc,3.743251893973133,0.0,0.00000842,btc,163546.25648774,0.47659288,0.812520982888116,19
1,[],5,[],2019-05-27 21:39:21,0.0,0,0,7697113,2019-05-27 21:39:21,btc,0.0,6.948e-05,0,btc,0.0,0.0,0.0,19
1,[],12,[],2019-05-27 21:39:22,15560.76924013,0.000007109999999999999688846986922730053493069135583937168121337890625,0.000000000622243026,7697114,2019-05-27 21:39:22,btc,0.0597253896485017,0.0,0.000007109999999999999688846986922730053493069135583937168121337890625,btc,2092.39552447,0.003800411859,0.0290508699997613,19
0,[],27,[],2019-05-27 21:39:29,0.0,0,0,7697115,2019-05-27 21:39:29,,0.0,0.0,0,btc,0.0,0.0,0.0,19
1,[],4,[],2019-05-27 21:39:30,10062076.88478525,0.00000007,0.000000000006126162,7697116,2019-05-27 21:39:30,btc,6.429883252961221,0.0,0.00000007,btc,2333215.60836933,0.0,0.1174938176872809,20
1,[],4,[],2019-05-27 21:39:31,72531683.2473748,0.00000001,0.000000000000875166,7697117,2019-05-27 21:39:31,btc,1774.7844046158937,0.0,0.00000001,btc,66471138.91973631,0.0015,0.7253168324737481,21
1,[],12,[],2019-05-27 21:39:32,2469957.0,0.00000001,0.000000000000875166,7697118,2019-05-27 21:39:32,btc,1008.0147310527972,0.0,0.00000001,btc,5931775.63936062,0.002826908751,0.02469957,21
0,[],17,[],2019-05-03 00:53:51,0.0,0,0,7558891,2019-05-03 00:53:51,btc,0.0,0.0,0,btc,0.0,0.0,0.0,21
1,[],12,[],2019-05-27 21:41:33,5223816358.0,0.0000000004,0.00000000000003500664,7697119,2019-05-27 21:41:33,btc,708147257.5806804,0.0,0.0000000004,btc,2597017122.3516483,0.077929584738,1.1729254288,23
0.000000000305894,[],27,[],2019-05-27 21:41:41,103418368.45654348,1.223576e-17,1.070832113616e-21,7697120,2019-05-27 21:41:41,eth,1171.1451821408,789669488.5434563,0.00000004,eth,8200073.208,9.66220634060876e-09,5.814940314075908e-10,23
1,[],4,[],2019-05-27 21:41:42,1809509.07699412,0.00000020,0.00000000001750332,7697121,2019-05-27 21:41:42,btc,13.477529122121938,0.0,0.00000020,btc,2151276.17080148,0.01795797,0.0565509620189353,24
1,[],22,[],2019-05-27 21:41:45,21.76,0.00000100,0.0000000000875166,7697122,2019-05-27 21:41:45,BTC,7.415e-05,0.0,0.00000100,BTC,23.919354838709676,0.0,1.186e-05,24
0.0,[],25,[],2019-05-27 21:41:46,0.0,0,0,7697123,2019-05-27 21:41:46,,0.0,0.0,0.0,btc,0.0,0.0,0.0,24
0,[],2,[],2019-01-20 23:25:56,0.0,0,0,6476976,2019-01-20 23:25:56,,0.0,0.0,0,,0.0,0.0,0.0,26
1,[],4,[],2019-05-27 21:41:48,331906.345519,0.00000421,0.000000000368444886,7697124,2019-05-27 21:41:48,btc,10.447364312195909,0.0,0.00000421,btc,254491.60620026,0.16055851,0.2812356321679377,26
1,[],10,[],2019-05-27 21:41:50,70708.91612667,0.00000402,0.000000000351816732,7697125,2019-05-27 21:41:50,btc,25.50889693989969,5678.649043,0.00000402,btc,22959.42108214,0.0,0.0280985169716434,26
1,[],5,[],2019-04-26 09:47:06,0.0,0,0,7465326,2019-04-26 09:47:06,btc,0.0,0.0,0,btc,0.0,0.0,0.0,27
1,[],3,[],2019-05-27 21:41:52,10620611.60144003,0.00000001,0.000000000000875166,7697126,2019-05-27 21:41:52,btc,3.5905336854646275,4969553.03413,0.00000001,btc,26895038.84545408,0.0,0.10620611601440029,27
1,[],11,[],2019-05-27 21:41:54,1070969.08157834,0.00000002,0.000000000001750332,7697127,2019-05-27 21:41:54,btc,67503.03934773499,19676.5543251,0.00000002,btc,6639861.32608848,0.0,0.0107207058157834,27
1,[],4,[],2019-05-27 21:41:55,1163424469.6520169,0.00000001,0.000000000000875166,7697128,2019-05-27 21:41:55,btc,4.860117042029853,0.0,0.00000001,"btc,ltc",297276268.04680145,0.09096881,8.06689654159075,29
1,[],7,[],2019-05-27 21:41:57,86565332.30740812,0.00000001,0.000000000000875166,7697129,2019-05-27 21:41:57,btc,46548272.11128269,0.0,0.00000001,btc,35028292.24463236,0.0,0.8656533230740813,29
0,[],17,[],2019-05-03 01:11:25,0.0,0,0,7559066,2019-05-03 01:11:25,btc,0.0,0.0,0,btc,0.0,0.0,0.0,30
1,[],4,[],2019-05-27 21:41:59,15163814.27217546,0.00000006,0.000000000005250996,7697130,2019-05-27 21:41:59,btc,2.672923484071859,0.0,0.00000006,btc,2114428.94230939,0.00209988,0.1659692359941774,30
1,[],4,[],2019-05-27 21:44:01,314456.05867545,0.00004198,0.000000003673946868,7697131,2019-05-27 21:44:01,btc,3.330190391543853,0.0,0.00004198,btc,42803.89366143,1.19284281,0.707319789464783,31
1,[],21,[],2019-05-27 21:44:03,112086.55513321,0.00004378999999999999917250220749,0.000000003832351914,7697132,2019-05-27 21:44:03,btc,5.591225208966103,473781.97940717,0.000043789999999999999172502207489543479823623783886432647705078125,btc,113552.54959379,19.38920256,4.316891438746175,31
0,[],2,[],2019-01-20 23:28:43,0.0,0,0,6477009,2019-01-20 23:28:43,,0.0,0.0,0,,0.0,0.0,0.0,32
1,[],12,[],2019-03-30 07:55:10,40641173.964,0.00000003,0.000000000001228359,7108785,2019-03-30 07:55:10,btc,4233210.82356125,0.0,0.00000003,btc,28378394.68333462,0.0126927883965248,0.90752895892,33
0,[],4,[],2019-05-27 21:44:04,0.0,0,0,7697133,2019-05-27 21:44:04,,0.0,0.0,0,,0.0,0.0,0.0,33
0.0000000001307547,[],4,[],2019-05-27 21:44:06,509922197.65933335,1.0460376000000001e-17,9.154565422416e-22,7697134,2019-05-27 21:44:06,ltc,3.514598841423164,0.0,0.00000008,ltc,155983399.6585306,0.0,1.98188709345613e-09,34
1,[],5,[],2019-05-27 21:44:07,0.0,0,0,7697135,2019-05-27 21:44:07,btc,0.0,8.6e-07,0,btc,0.0,0.0,0.0,34
0.0000000002926451,[],17,[],2019-05-02 18:17:47,200000.0,2.9264510000000002e-18,1.596703856561e-22,7556430,2019-05-02 18:17:47,eth,0.20942468735267253,0.0,0.00000001,"btc,eth",1018272.20243647,0.0,5.852902e-13,36
0.0000000001307547,[],4,[],2019-05-27 21:44:08,38240535.54077778,1.3075470000000001e-18,1.144320677802e-22,7697136,2019-05-27 21:44:08,ltc,4.9910506534295715e-08,0.0,0.00000001,ltc,7051461285.111265,0.0,5.0001297524737364e-11,36
1,[],5,[],2019-05-27 21:44:11,0.0,0,0,7697137,2019-05-27 21:44:11,btc,0.0,0.0,0,btc,0.0,0.0,0.0,36
0.000000000305894,[],27,[],2019-05-27 21:46:22,41037858.4,9.17682e-18,8.03124085212e-22,7697138,2019-05-27 21:46:22,eth,1670.43116568,1519874198.6039999,0.00000003,"ltc,eth",4726977.0,9.762323761658212e-08,3.35339320654208e-10,36
1,[],17,[],2019-05-03 01:11:36,211752.74075282,0.00000025,0.000000000013700074999999998,7559074,2019-05-03 01:11:36,btc,0.055484923955058496,0.0,0.00000025,"btc,eth",1387.19918473,0.0,0.0005381851887916605,37
1,[],4,[],2019-05-27 21:46:24,9956778.63087131,0.00000018,0.000000000015752988,7697139,2019-05-27 21:46:24,btc,19772.566199821533,0.0,0.00000018,btc,761696.91530854,0.00316035,0.1378619329263104,37
1,[],12,[],2019-05-27 21:46:25,4304088.32628572,0.0000002,0.000000000017503319999999998,7697140,2019-05-27 21:46:25,btc,8.14514445877122,0.0,0.0000002,btc,870319.42957039,0.061512422254,0.2038813286442866,37
1,[],27,[],2019-05-27 21:48:31,1600.0,0.00000015,0.00000000001312749,7697141,2019-05-27 21:48:31,btc,24.11463822903233,0.0,0.00000015,btc,5792.59438508,0.0,3e-05,37
1,[],5,[],2019-05-27 21:48:34,0.0,0,0,7697142,2019-05-27 21:48:34,btc,0.0,0.00339847,0,btc,0.0,0.0,0.0,42
1,[],12,[],2019-05-27 21:48:35,133580.40264462,0.00000094,0.000000000082265604,7697143,2019-05-27 21:48:35,btc,24.493561303628347,0.0,0.00000094,btc,53192.64631566,0.018539237971,0.045886649999962996,42
1,[],27,[],2019-05-27 21:48:49,506.0,0.00000002,0.000000000001750332,7697144,2019-05-27 21:48:49,btc,0.39085425,0.0,0.00000002,"btc,eth",735.0,0.0,6.000000321372236e-06,42
1,[],12,[],2019-03-13 09:13:29,1112112.0,0.00000001,0.000000000000386531,6919902,2019-03-13 09:13:29,btc,29058.00478931866,0.0,0.00000001,btc,5967681.93306694,9.99000999e-07,0.01112112,43
1,[],5,[],2019-04-26 22:38:52,0.0,0,0,7474154,2019-04-26 22:38:52,btc,0.0,0.02638891,0,btc,0.0,0.0,0.0,43
0,[],17,[],2019-04-26 22:38:53,0.0,0,0,7474155,2019-04-26 22:38:53,btc,0.0,0.0,0,btc,0.0,0.0,0.0,43
1,[],12,[],2019-03-05 01:54:08,639326.02,0.00000004,0.000000000001486676,6845775,2019-03-05 01:54:08,btc,11116042.728239931,0.0,0.00000004,btc,1103841.4595604,0.0003330765234764,0.014975410599999999,44
1,[],4,[],2019-05-27 21:48:50,114902990.8371562,0.00000001,0.000000000000875166,7697145,2019-05-27 21:48:50,btc,291324.22046253725,0.0,0.00000001,"btc,ltc",27145055.23262538,0.0023068,0.08818365041283939,49
0.0000000001307547,[],4,[],2019-05-27 21:48:51,123157227.69012663,4.1841504000000005e-17,3.6618261689664e-21,7697146,2019-05-27 21:48:51,ltc,22050.15128713617,0.0,0.00000032,ltc,157480123.22266853,0.0,3.25180646155094e-10,52
0,[],22,[],2019-05-27 21:48:54,0.0,0,0,7697147,2019-05-27 21:48:54,,10289.55991011,0.0,0,,308568058.4566013,0.0,0.0,57
0,[],27,[],2019-05-27 21:49:02,0.0,0,0,7697148,2019-05-27 21:49:02,,0.0,0.0,0,"btc,eth",0.0,0.0,0.0,57
1,[],17,[],2019-05-03 01:12:09,1200000.0,0.0000000001,0.00000000000000548003,7559085,2019-05-03 01:12:09,btc,1e+24,0.0,0.0000000001,"btc,eth",39516342.31952568,0.0,0.00010000000058666061,58
0.0000000001307547,[],4,[],2019-05-27 21:49:03,2695987137.494031,1.3075470000000001e-18,1.144320677802e-22,7697149,2019-05-27 21:49:03,ltc,19.263871470011285,0.0,0.00000001,ltc,5782050563.79815,0.0,3.5251298936689083e-09,58
1,[],12,[],2019-05-27 21:49:05,772207954.0,0.0000000001,0.00000000000000875166,7697150,2019-05-27 21:49:05,btc,2179481.774163752,0.0,0.0000000001,btc,2684739550.767233,0.001391774455,0.0772207954,58
0.0000000001111115,[],22,[],2019-05-27 21:51:08,126877.0,1.111115e-18,9.7241007009e-23,7697151,2019-05-27 21:51:08,XMR,68.17454206,0.0,0.00000001,XMR,9626402.6,0.0,0.00126877,58
1,[],5,[],2019-05-27 21:51:11,0.0,0,0,7697152,2019-05-27 21:51:11,btc,0.0,0.00090517,0,btc,0.0,0.0,0.0,61
1,[],22,[],2019-05-27 21:51:14,13613.833333333334,0.00000012,0.000000000010501992,7697153,2019-05-27 21:51:14,BTC,1002.29590883,0.0,0.00000012,BTC,15092.180177125656,0.0,0.00153269,61
1,[],26,[],2019-05-27 21:51:14,0.0,0.00000050,0.0000000000437583,7697154,2019-05-27 21:51:14,btc,0.0,0.0,0.00000050,btc,0.0,0.0,0.0,61
1,[],27,[],2019-05-27 21:51:22,13712.0,0.0000002,0.00000000001750332,7697155,2019-05-27 21:51:22,btc,1.9582485601246655,0.0,0.0000002,"btc,eth",11379.41563696,0.0,0.00252178,61
0,[],28,[],2019-05-27 21:51:24,0.0,0,0,7697156,2019-05-27 21:51:24,,0.0,747.0,0,,0.0,0.0,0.0,61
1,[],4,[],2019-05-27 21:51:26,1027168.93400445,0.00000079,0.000000000069138114,7697157,2019-05-27 21:51:26,btc,2.650829270600199,0.0,0.00000079,btc,891353.00822141,0.07303228,0.5973382637060192,67
0.0,[],25,[],2019-05-27 21:51:27,0.0,0,0,7697158,2019-05-27 21:51:27,,0.0,0.0,0.0,btc,0.0,0.0,0.0,67
1,[],12,[],2019-05-27 21:51:30,805606.0,0.00000005,0.0000000000043758299999999995,7697159,2019-05-27 21:51:30,btc,5.1664893414385595,0.0,0.00000005,btc,763060.77822175,0.000138302549,0.01731146,71
,[],5,[],2018-11-20 23:02:39,1.5e-07,0.00000005,0.000000000002128045,4862160,2018-11-20 23:02:39,btc,2.84511358,0.0,,btc,0.00036572,0.0,0.07381892,74
1,[],5,[],2019-05-27 21:51:32,0.0,0,0,7697160,2019-05-27 21:51:32,btc,0.0,0.10398928,0,btc,0.0,0.0,0.0,75
0,[],4,[],2019-05-25 21:33:44,0.0,0,0,7686249,2019-05-25 21:33:44,,133656.37989170782,0.0,0,,33439209.5909442,0.0,0.0,81
0,[],20,[],2019-01-25 09:30:31,0.0,0,0,6495923,2019-01-25 09:30:31,btc,0.0,0.0,0,btc,0.0,0.0,0.0,81
1,[],4,[],2019-05-27 21:51:33,26674.54872296,0.00006523,0.000000005708707818,7697161,2019-05-27 21:51:33,btc,18.108492032409632,0.0,0.00006523,btc,19579.59594163,0.23908797,0.2500725150480246,82
1,[],21,[],2019-05-27 21:51:34,81623.01948809,0.00008147999999999999915043652488,0.000000007130852568,7697162,2019-05-27 21:51:34,btc,2.5549023145753496,54087.53156499,0.000081479999999999999150436524875118493582704104483127593994140625,btc,25173.33957629,4.10431855,3.361666699670884,82
0,[],17,[],2019-03-25 22:42:34,0.0,0,0,7038780,2019-03-25 22:42:34,btc,0.0445064681804024,0.0,0,btc,995513.18476001,0.0,0.0,84
0.0000000001161485,[],4,[],2019-05-20 13:09:39,216715621.0206096,1.161485e-18,9.0533806701e-23,7657228,2019-05-20 13:09:39,ltc,1.6511566870244727,0.0,0.00000001,ltc,471032407.9048656,0.0,2.5171194308112273e-10,85
,[],22,[],2018-11-20 23:09:34,3408.1,0.0000001,0.0000000000041895,4862324,2018-11-20 23:09:34,BTC,0.04624735,0.0,,BTC,4990.0,0.0,0.00033081,86
1,[],22,[],2019-05-27 21:51:36,65156.0,0.00000001,0.000000000000875166,7697163,2019-05-27 21:51:36,BTC,1.45608405,0.0,0.00000001,BTC,314587.29736842104,0.0,0.00065156,87
0,[],27,[],2019-05-27 21:51:41,0.0,0,0,7697164,2019-05-27 21:51:41,,4.962566382816,0.0,0,btc,66120.49241,0.0,0.0,87
,[],2,[],2018-11-20 23:10:47,0.0,0,0,4862359,2018-11-20 23:10:47,,0.0,0.0,,,0.0,0.0,0.0,88
1,[],11,[],2019-05-27 21:51:44,98121.8947319,0.000083720000000000004808896336694346018703072331845760345458984375,0.000000007326889752000001,7697165,2019-05-27 21:51:44,btc,184.3836619255449,4947.41172604,0.000083720000000000004808896336694346018703072331845760345458984375,btc,225802.61360549,0.0,3.287637932332363,89
1,[],12,[],2019-05-27 21:51:46,201832.30619931,0.00000038,0.000000000033256308000000005,7697166,2019-05-27 21:51:46,btc,87.64479355229233,0.0,0.00000038,btc,115110.80555554,0.001901457,0.0115391119999782,91
1,[],22,[],2019-05-27 21:53:50,75910.55,0.0000002,0.00000000001750332,7697167,2019-05-27 21:53:50,BTC,0.495,0.0,0.0000002,"BTC,LTC",4.95,0.0,0.00165931,91
0,[],2,[],2019-01-20 23:31:45,0.0,0,0,6477083,2019-01-20 23:31:45,,0.0,0.0,0,,0.0,0.0,0.0,91
0,[],17,[],2019-05-03 01:12:26,0.0,0,0,7559096,2019-05-03 01:12:26,btc,0.0,0.0,0,btc,0.0,0.0,0.0,91
1,[],22,[],2019-04-09 20:17:52,374949.73333333334,0.00000015,0.000000000007771935,7235704,2019-04-09 20:17:52,BTC,6.87372503,0.0,0.00000015,"BTC,LTC",159980.01196797504,1.1e-05,0.80510266,95
0.0000000001307547,[],4,[],2019-05-27 21:53:54,540312871.3045048,2.615094e-17,2.288641355604e-21,7697168,2019-05-27 21:53:54,ltc,11.58130542093876,0.0,0.0000002,ltc,174767198.26944953,0.0,8.328663793609143e-10,96
0,[],12,[],2019-05-27 21:53:56,0.0,0,0,7697169,2019-05-27 21:53:56,btc,10.45964985037962,0.0,0,btc,7775532.03796204,0.0,0.0,96
0,[],17,[],2019-05-03 01:12:32,0.0,0,0,7559100,2019-05-03 01:12:32,btc,0.0,0.0,0,btc,0.0,0.0,0.0,96
1,[],4,[],2019-04-14 03:32:46,1039404.33283278,0.00000038,0.000000000019245518,7293458,2019-04-14 03:32:46,btc,4.170086055365747,0.0,0.00000038,btc,3097704.34561074,0.06260606,0.1859928211030784,99
1,[],4,[],2019-05-27 21:55:57,223712.68723108,0.00001551,0.000000001357382466,7697170,2019-05-27 21:55:57,btc,7.087913412586925,0.0,0.00001551,btc,141247.33796539,0.91083281,0.332273765678486,100
0,[],2,[],2019-01-20 23:23:55,0.0,0,0,6476914,2019-01-20 23:23:55,,0.0,0.0,0,,0.0,0.0,0.0,100
1,[],22,[],2019-05-27 21:56:01,150000.0,0.00000002,0.000000000001750332,7697171,2019-05-27 21:56:01,BTC,24.83526409,0.0,0.00000002,BTC,11187.719,0.0,0.0017,101
1,[],4,[],2019-05-27 21:56:03,549441.32869326,0.00000160,0.00000000014002656,7697172,2019-05-27 21:56:03,btc,362.21090571812124,0.0,0.00000160,btc,597609.38158706,0.01322071,0.197561950394394,103
1,[],12,[],2019-05-27 21:56:06,139386817.83268034,0.000000004,0.00000000000035006640000000003,7697173,2019-05-27 21:56:06,btc,2379.9682139352713,0.0,0.000000004,btc,56704270.04817942,0.007479709566,0.1681056883307214,105
0,[],27,[],2019-05-27 21:56:16,0.0,0,0,7697174,2019-05-27 21:56:16,,0.259402494018824,300.0,0,btc,714350.52604776,3e-06,0.0,105
1,[],22,[],2019-04-21 00:17:26,21333.0,0.00000001,0.000000000000532493,7385819,2019-04-21 00:17:26,BTC,51.38182867,0.0,0.00000001,BTC,470435.0,0.0,0.00021333,107
1,[],26,[],2019-04-21 00:17:26,0.0,0.00000000,0,7385820,2019-04-21 00:17:26,btc,0.0,0.0,0.00000000,btc,0.0,0.0,0.0,107
1,[],5,[],2019-05-27 21:56:21,0.0,0,0,7697175,2019-05-27 21:56:21,btc,0.0,5e-07,0,btc,0.0,0.0,0.0,112
0,[],22,[],2019-05-27 21:56:24,0.0,0,0,7697176,2019-05-27 21:56:24,,2.79635781,0.0,0,,3274992.0833333335,0.0,0.0,112
1,[],27,[],2019-05-27 21:56:37,1.0,0.00000001,0.000000000000875166,7697177,2019-05-27 21:56:37,btc,1.15032588,0.0,0.00000001,"btc,eth",1818.0,0.0,1e-08,112
1,[],4,[],2019-05-27 21:56:38,186019.07184366,0.00000085,0.00000000007438911,7697178,2019-05-27 21:56:38,btc,4.4946587487262315,0.0,0.00000085,btc,559908.27331629,0.01002527,0.1020607135574988,113
1,[],5,[],2019-05-27 21:56:39,0.0,0,0,7697179,2019-05-27 21:56:39,btc,0.0,0.0,0,btc,0.0,0.0,0.0,113
1,[],17,[],2019-04-26 02:17:47,162738.278,0.00000004,0.0000000000021069000000000002,7461287,2019-04-26 02:17:47,btc,1.3331140273775473,0.0,0.00000004,btc,51796.221,0.0,0.00230953112,116
1,[],27,[],2019-05-22 05:13:01,210000.0,0.00000001,0.00000000000079145,7666372,2019-05-22 05:13:01,btc,3919.0005001478,0.0,0.00000001,btc,128660.871,0.0,0.0021,116
1,[],4,[],2019-05-21 22:31:11,138169.03963019,0.00000701,0.000000000558364025,7664793,2019-05-21 22:31:11,btc,150.95388250938234,0.0,0.00000701,btc,344631.17141974,0.07552974,0.4288357684941946,120
1,[],7,[],2019-05-21 22:31:12,3901.07750076,0.000010679999999999999389654892212320191902108490467071533203125,0.0000000008506887,7664794,2019-05-21 22:31:12,btc,231188.94669936574,0.0,0.000010679999999999999389654892212320191902108490467071533203125,btc,4133.83151364,0.0,0.0113888422364489,120
1,[],20,[],2019-04-07 18:42:29,1914137.0852,0.000000035,0.0000000000017871910000000002,7211992,2019-04-07 18:42:29,btc,32.2497668025648,25528.85,0.000000035,btc,1001975.4986,0.00089350975,0.0152723574729,125
1,[],22,[],2019-05-27 21:56:44,10000.0,0.00000001,0.000000000000875166,7697180,2019-05-27 21:56:44,BTC,0.032061,0.0,0.00000001,BTC,299316.7611111111,0.0,0.0001,126
1,[],4,[],2019-05-27 21:56:46,249829.16300224,0.00000608,0.000000000532100928,7697181,2019-05-27 21:56:46,btc,5.398749197302951,0.0,0.00000608,btc,183638.04992313,0.28955709,0.4040803620916417,131
0,[],2,[],2019-01-20 23:25:46,0.0,0,0,6476969,2019-01-20 23:25:46,,0.0,0.0,0,,0.0,0.0,0.0,131
1,[],17,[],2019-05-03 01:13:10,10000.0,0.00000001,0.000000000000548003,7559115,2019-05-03 01:13:10,btc,0.0953976503951408,0.0,0.00000001,btc,5037.62507334,0.0,0.0001,131
1,[],4,[],2019-05-27 21:58:47,4733.56420138,0.00007919,0.000000006930439554,7697182,2019-05-27 21:58:47,btc,5.045632669569308,0.0,0.00007919,btc,247.17378338,0.0,0.0068732248094688,135
1,[],3,[],2019-05-27 21:58:48,448112.63331819,0.00000001,0.000000000000875166,7697183,2019-05-27 21:58:48,btc,0.2222743255681888,1001197.18998,0.00000001,btc,1978965.74189964,0.0,0.0044811263331819,136
1,[],4,[],2019-05-27 21:58:49,2488893.59617283,0.00000201,0.000000000175908366,7697184,2019-05-27 21:58:49,btc,107.42749599328975,0.0,0.00000201,btc,480666.77535604,0.04235671,0.6653074875781663,137
1,[],12,[],2019-05-27 21:58:50,76693.90079895,0.00000181999999999999993881738720447049928452543099410831928253173828125,0.00000000015928021199999998,7697185,2019-05-27 21:58:50,btc,57.77684451344554,0.0,0.00000181999999999999993881738720447049928452543099410831928253173828125,btc,48248.55496973,0.005763499678,0.0169454099999271,137
1,[],4,[],2019-05-27 21:58:51,94795.55329422,0.00001456,0.000000001274241696,7697186,2019-05-27 21:58:51,btc,9.458779623881286,0.0,0.00001456,btc,139968.75490232,0.52873467,0.9486390975591193,142
1,[],5,[],2019-05-27 21:58:52,0.0,0,0,7697187,2019-05-27 21:58:52,btc,0.0,0.00549401,0,btc,0.0,0.0,0.0,142
1,[],20,[],2019-05-27 22:00:54,209169.1639,0.00001425,0.00000000124711155,7697188,2019-05-27 22:00:54,btc,1.6061986019814,4.98,0.00001425,btc,9788.8796,7.47e-05,0.022979376521,142
1,[],22,[],2019-05-27 22:00:58,11028.645,0.00001000,0.000000000875166,7697189,2019-05-27 22:00:58,BTC,3.2754788,0.0,0.00001000,BTC,1133.9993657797618,0.0,0.00745365,142
0.0,[],25,[],2019-05-27 22:00:59,0.0,0,0,7697190,2019-05-27 22:00:59,,0.0,0.0,0.0,btc,0.0,0.0,0.0,142
0,[],28,[],2019-05-27 22:01:01,0.0,0,0,7697191,2019-05-27 22:01:01,,0.0,0.0,0,,0.0,0.0,0.0,142
1,[],17,[],2019-05-03 01:13:16,32967.38636364,0.00000088,0.000000000048224264,7559122,2019-05-03 01:13:16,btc,20.06976206696776,0.0,0.00000088,btc,2746.079105,0.0,0.0105613000000032,142
0,[],22,[],2019-05-27 22:01:04,0.0,0,0,7697192,2019-05-27 22:01:04,,65.51518676,0.0,0,,839924755.3,0.0,0.0,143
0,[],22,[],2019-02-25 15:42:22,0.0,0,0,6783783,2019-02-25 15:42:22,,4.2131946,0.0,0,,2322156.0,0.0,0.0,146
,[],22,[],2018-11-20 23:01:11,0.0,0,0,4862114,2018-11-20 23:01:11,,2.56807021,0.0,,,61828.4988236,0.0,0.0,147
1,[],12,[],2019-04-21 06:38:04,193091.5971266,0.00000071,0.000000000037635183,7388679,2019-04-21 06:38:04,btc,2.301232411611175,0.0,0.00000071,btc,9957.48302385,0.00023528,0.0313308199999888,148
1,[],4,[],2019-03-19 21:31:25,255810.0415942,0.00000029,0.000000000011615747,6982695,2019-03-19 21:31:25,btc,218.94922712414143,0.0,0.00000029,btc,793529.37642722,0.00117,0.0608347789473395,152
0,[],22,[],2019-03-19 21:31:27,0.0,0,0,6982696,2019-03-19 21:31:27,,0.0,0.0,0,,0.0,0.0,0.0,152
1,[],5,[],2019-04-26 09:36:59,0.0,0,0,7465040,2019-04-26 09:36:59,btc,0.0,0.0,0,btc,0.0,0.0,0.0,153
,[],16,[],2019-01-11 15:38:59,0.0,0,0,6366141,2019-01-11 15:38:59,btc,0.0,0.0,,btc,0.0,0.0,0.0,155
0,[],22,[],2019-05-27 22:01:08,0.0,0,0,7697193,2019-05-27 22:01:08,,7.44455324,0.0,0,,5955762.942592593,0.0,0.0,156
0,[],23,[],2019-01-20 23:24:29,0.0,0,0,6476932,2019-01-20 23:24:29,,0.0,0.0,0,,0.0,0.0,0.0,156
1,[],22,[],2019-05-27 22:01:11,7066.0,0.00000800,0.0000000007001328,7697194,2019-05-27 22:01:11,BTC,1.79802465,0.0,0.00000800,BTC,802.6461988741639,0.0,0.00062996,157
0,[],22,[],2019-05-21 23:40:32,0.0,0,0,7665049,2019-05-21 23:40:32,,50234.60468402,0.0,0,,54786159.03179465,0.0,0.0,158
,[],17,[],2018-11-20 22:56:10,0.0,0,0,4861976,2018-11-20 22:56:10,btc,1.1265625,0.0,,btc,1000.0,0.0,0.0,159
,[],20,[],2018-11-20 22:56:12,0.0,0,0,4861977,2018-11-20 22:56:12,btc,11912.7940471,0.0,,btc,34413894.3617,0.0,0.0,159
1,[],12,[],2019-05-24 02:51:20,9178.522006449999,0.00000191999999999999982841307998027158276954651228152215480804443359375,0.000000000151222656,7676256,2019-05-24 02:51:20,btc,149.80414728631675,0.0,0.00000191999999999999982841307998027158276954651228152215480804443359375,btc,1115.7451448499999,0.01783167678326,0.0120075778999181,168
1,[],17,[],2019-05-03 01:13:36,42852.0,0.00000002,0.000000000001096006,7559132,2019-05-03 01:13:36,btc,0.04279856251542,0.0,0.00000002,btc,274.46171372,0.0,0.00052852,168
1,[],22,[],2019-05-17 03:01:52,10.0,0.00000001,0.000000000000778341,7642059,2019-05-17 03:01:52,BTC,41.95893009,0.0,0.00000001,BTC,1753972.7737547632,0.0,1e-07,169
1,[],22,[],2019-05-27 22:01:14,203664.0,0.00000002,0.000000000001750332,7697195,2019-05-27 22:01:14,BTC,27.86392936,0.0,0.00000002,BTC,461717.9785507793,0.0,0.00213428,171
1,[],22,[],2019-05-27 22:01:19,374870.0,0.00000002,0.000000000001750332,7697196,2019-05-27 22:01:19,BTC,24.05841126,0.0,0.00000002,"BTC,LTC",1218236.4355616204,0.001,0.0044847,173
1,[],5,[],2019-05-27 22:01:22,0.0,0,0,7697197,2019-05-27 22:01:22,btc,0.0,0.00181571,0,btc,0.0,0.0,0.0,175
1,[],22,[],2019-05-27 22:01:25,90671.0,0.00000001,0.000000000000875166,7697198,2019-05-27 22:01:25,BTC,394.35459412,0.0,0.00000001,BTC,136275.61833431243,0.0,0.00090671,176
1,[],7,[],2019-05-27 22:01:27,0.0,0,0,7697199,2019-05-27 22:01:27,btc,522274.2532042936,0.0,0,btc,26538783.34310775,0.0,0.0,178
0,[],22,[],2019-05-27 22:01:30,0.0,0,0,7697200,2019-05-27 22:01:30,,1.00242428,0.0,0,,57512.0,0.0,0.0,178
0,[],2,[],2019-01-20 23:28:34,0.0,0,0,6477001,2019-01-20 23:28:34,,0.0,0.0,0,,0.0,0.0,0.0,178
1,[],5,[],2019-05-27 22:01:32,0.0,0,0,7697201,2019-05-27 22:01:32,btc,0.0,0.0544334,0,btc,0.0,0.0,0.0,179
0,[],22,[],2019-05-27 22:01:34,0.0,0,0,7697202,2019-05-27 22:01:34,,5.31437491,0.0,0,,13411089.311946675,0.0,0.0,179
0,[],23,[],2019-01-20 23:25:08,0.0,0,0,6476952,2019-01-20 23:25:08,,0.0,0.0,0,,0.0,0.0,0.0,179
1,[],22,[],2019-05-27 22:03:38,822382.3606446359,0.00000110,0.00000000009626826,7697203,2019-05-27 22:03:38,BTC,39.19683641,0.0,0.00000110,"BTC,LTC",149671.2151450798,0.01528117,0.67888147,180
1,[],26,[],2019-05-27 22:03:39,0.0,0.00000010,0.00000000000875166,7697204,2019-05-27 22:03:39,btc,0.0,50.0,0.00000010,btc,0.0,0.0,0.0,180
1,[],17,[],2019-05-03 01:13:56,20504.725000000002,0.0000001,0.00000000000548003,7559141,2019-05-03 01:13:56,btc,5.2010695838400265,0.0,0.0000001,btc,5033.45945,0.0,0.0011504725,180
,[],7,[],2018-11-20 22:58:01,562227.975654,0.00000085,0.000000000036176765,4862015,2018-11-20 22:58:01,btc,21836.6059674,2491.87645172,,btc,749999.041456,0.00211021,0.127565380455,183
,[],5,[],2019-01-10 08:11:41,0.0,0,0,6347036,2019-01-10 08:11:41,btc,82.15055501,0.00261,,btc,1.19002445,0.0,0.0,187
,[],17,[],2018-11-16 20:58:10,4062536.27273,0.00000001,0.000000000000550501,4708775,2018-11-16 20:58:10,btc,3.36492563466,0.195460381006,,"btc,eth",110697919.549,0.0,0.0157628953496,187
1,[],24,[],2019-05-22 21:04:52,0.0,0.000000000014,0.0000000000000010960978,7670219,2019-05-22 21:04:52,btc,0.0,0.0,0.000000000014,btc,0.0,0.0,0.0,187
0,[],22,[],2019-04-25 02:54:07,0.0,0,0,7447896,2019-04-25 02:54:07,,7.54794454,0.0,0,,76361.7243344055,0.0,0.0,191
0,[],22,[],2019-05-27 22:03:46,0.0,0,0,7697205,2019-05-27 22:03:46,,0.0,0.0,0,,0.0,0.0,0.0,197
0,[],23,[],2019-01-20 23:31:41,0.0,0,0,6477079,2019-01-20 23:31:41,,0.0,0.0,0,,0.0,0.0,0.0,199
0,[],22,[],2019-05-27 22:03:50,0.0,0,0,7697206,2019-05-27 22:03:50,,10.5462344,0.0,0,,98428037.0,0.0,0.0,199
1,[],26,[],2019-05-27 22:03:51,0.0,0.00000000,0,7697207,2019-05-27 22:03:51,btc,0.0,0.0,0.00000000,btc,0.0,0.0,0.0,199
0,[],2,[],2019-01-20 23:30:49,0.0,0,0,6477059,2019-01-20 23:30:49,,0.0,0.0,0,,0.0,0.0,0.0,201
1,[],4,[],2019-01-25 15:51:35,2084389.58565343,0.00000936,0.000000000333526752,6499557,2019-01-25 15:51:35,btc,2.0092503037378524,0.0,0.00000936,btc,160195.80207885,0.19272417,1.242687955921835,211
1,[],7,[],2019-05-27 22:03:54,1171895528.1949067,0.0000004,0.000000000035006639999999996,7697208,2019-05-27 22:03:54,btc,15202343.802474918,793004.00871,0.0000004,btc,8948373.36380354,0.0,12.971397613141475,212
1,[],5,[],2019-05-27 22:03:57,0.0,0,0,7697209,2019-05-27 22:03:57,btc,0.0,0.13878739,0,btc,0.0,0.0,0.0,213
1,[],24,[],2019-05-27 22:03:57,0.0,0.000000399202,0.0000000000349368017532,7697210,2019-05-27 22:03:57,btc,0.0,433.54035,0.000000399202,btc,0.0,0.00017307,0.0,213
1,[],26,[],2019-05-27 22:03:57,0.0,0.00000040,0.00000000003500664,7697211,2019-05-27 22:03:57,btc,0.0,0.0,0.00000040,btc,0.0,0.0,0.0,213
1,[],12,[],2019-01-25 02:44:32,207462.42853209,0.000001080000000000000035831255497387193287295303889550268650054931640625,0.000000000038610756000000006,6493050,2019-01-25 02:44:32,btc,85023.03793723314,0.0,0.000001080000000000000035831255497387193287295303889550268650054931640625,btc,43675.73520027,0.000146250909087,0.0348620860622024,213
0,[],22,[],2019-05-27 22:04:00,0.0,0,0,7697212,2019-05-27 22:04:00,,9.61445386,0.0,0,,3661587.094064925,0.0,0.0,216
0,[],27,[],2019-05-27 22:04:15,0.0,0,0,7697213,2019-05-27 22:04:15,,0.0,0.0,0,,0.0,0.0,0.0,216
1,[],22,[],2019-05-27 22:04:19,514840.65625,0.00000032,0.000000000028005312,7697214,2019-05-27 22:04:19,BTC,12054.75449852,0.0,0.00000032,BTC,408884.93767707155,0.03022285,0.04129854,217
1,[],7,[],2019-05-27 22:04:20,0.0,0,0,7697215,2019-05-27 22:04:20,btc,1234863.9718009047,0.0,0,btc,160745512.9208393,0.0,0.0,219
1,[],27,[],2019-05-27 22:04:36,1019.0,0.00000004,0.000000000003500664,7697216,2019-05-27 22:04:36,btc,0.399887755472,3817561.0337,0.00000004,btc,2696164.6967,0.49628293,2.078e-05,219
0,[],28,[],2019-05-27 22:04:39,0.0,0,0,7697217,2019-05-27 22:04:39,,0.0,6823150.5432,0,,0.0,0.0,0.0,219
1,[],22,[],2019-05-23 16:41:05,172069.0,0.00000004,0.0000000000031167080000000004,7674065,2019-05-23 16:41:05,BTC,56.76466137,0.0,0.00000004,BTC,127061.6482738741,0.0,0.00393676,221
1,[],24,[],2019-05-23 16:41:05,0.0,0.000000010000,0.0000000000007791770000000001,7674066,2019-05-23 16:41:05,btc,0.0,0.0,0.000000010000,btc,0.0,0.0,0.0,221
1,[],20,[],2019-05-27 22:04:42,6867009.4812,0.000000002,0.0000000000001750332,7697218,2019-05-27 22:04:42,btc,100050.73133746968,730372.179,0.000000002,btc,39821946.6784,0.0015798400246,0.0069659174812,224
0,[],22,[],2019-05-27 22:04:45,0.0,0,0,7697219,2019-05-27 22:04:45,,0.0,0.0,0,,0.0,0.0,0.0,224
1,[],26,[],2019-05-27 22:04:45,0.0,0.00000026,0.000000000022754316,7697220,2019-05-27 22:04:45,btc,0.0,0.0,0.00000026,btc,0.0,0.0,0.0,231
1,[],26,[],2019-05-27 22:04:45,0.0,0.00000006,0.000000000005250996,7697221,2019-05-27 22:04:45,btc,0.0,100.0,0.00000006,btc,0.0,0.0,0.0,234
0,[],27,[],2019-05-27 22:04:54,0.0,0,0,7697222,2019-05-27 22:04:54,,0.01134836604,0.0,0,"btc,eth",11462.996,0.0,0.0,234
1,[],4,[],2019-05-22 17:06:12,91780.56053785,0.00000078,0.000000000061977552,7669277,2019-05-22 17:06:12,btc,5.573372450018177,0.0,0.00000078,btc,729173.93529783,0.0,0.0307060663355679,236
1,[],24,[],2019-05-22 17:06:12,0.0,0.000000010000,0.000000000000794584,7669278,2019-05-22 17:06:12,btc,0.0,0.0,0.000000010000,btc,0.0,0.0,0.0,236
1,[],5,[],2019-05-27 22:04:55,0.0,0,0,7697223,2019-05-27 22:04:55,btc,0.0,0.06726016,0,btc,0.0,0.0,0.0,237
1,[],20,[],2019-05-27 22:04:57,120316653.4121,0.000000037,0.0000000000032381142,7697224,2019-05-27 22:04:57,btc,58794.204637483774,14614568.3482,0.000000037,btc,43694430.7561,0.5784693421538,0.4470833745407,237
1,[],22,[],2019-05-27 22:05:04,363100.0,0.00000003,0.000000000002625498,7697225,2019-05-27 22:05:04,BTC,1.20267422,0.0,0.00000003,"BTC,LTC",17930.94871794872,0.0,0.009791,237
1,[],4,[],2019-05-27 22:05:07,26649542.26441276,0.00000012,0.000000000010501992,7697226,2019-05-27 22:05:07,btc,3.2094466627613736,0.0,0.00000012,btc,9093244.13410702,0.06132043,0.5312170820042543,238
1,[],5,[],2019-05-27 22:05:08,0.0,0,0,7697227,2019-05-27 22:05:08,btc,0.0,0.05054532,0,btc,0.0,0.0,0.0,238
0,[],22,[],2019-03-12 16:49:32,0.0,0,0,6914458,2019-03-12 16:49:32,,0.40415746,0.0,0,,526736.5639027493,0.0,0.0,249
0,[],22,[],2019-05-27 22:05:13,0.0,0,0,7697228,2019-05-27 22:05:13,,13.44714864,0.0,0,,43777534.3426455,0.0,0.0,252
0,[],28,[],2019-05-27 22:05:23,0.0,0,0,7697229,2019-05-27 22:05:23,,0.0,256816.885086,0,,0.0,0.0,0.0,256
1,[],22,[],2019-05-27 22:05:27,1051629.0,0.00000001,0.000000000000875166,7697230,2019-05-27 22:05:27,BTC,21.85890394,0.0,0.00000001,BTC,545143.7509808998,0.0,0.01051629,258
1,[],22,[],2019-05-19 18:12:02,400.0,0.00000001,0.0000000000007957800000000001,7653905,2019-05-19 18:12:02,BTC,2.415167,0.0,0.00000001,BTC,157.0,0.0,4e-06,259
1,[],5,[],2019-05-27 22:05:29,0.0,0,0,7697231,2019-05-27 22:05:29,btc,0.0,0.0607135,0,btc,0.0,0.0,0.0,264
1,[],20,[],2019-05-27 22:05:31,980215.6101,0.000000141,0.0000000000123398406,7697232,2019-05-27 22:05:31,btc,0.9781749883409,34445.0479,0.000000141,btc,52160.9707,0.018608795628,0.0109257346087,264
0,[],22,[],2019-04-12 17:57:27,0.0,0,0,7278186,2019-04-12 17:57:27,,66.37522201,0.0,0,,677842.4169881374,0.0,0.0,271
0,[],22,[],2019-05-27 22:05:33,0.0,0,0,7697233,2019-05-27 22:05:33,,33050470.74998113,0.0,0,,14361377780.7,0.0,0.0,272
0,[],28,[],2019-05-27 22:05:41,0.0,0,0,7697234,2019-05-27 22:05:41,,0.0,50713246845.344,0,,0.0,0.0,0.0,272
1,[],22,[],2019-05-23 07:12:29,219930.0,0.00000004,0.000000000003048688,7671985,2019-05-23 07:12:29,BTC,426.77835217,0.0,0.00000004,BTC,248664.3325962929,0.0,0.00739728,281
1,[],22,[],2019-05-27 22:05:47,583380.1,0.00000005,0.00000000000437583,7697235,2019-05-27 22:05:47,BTC,31.63011794,0.0,0.00000005,"BTC,LTC",1187762.4291012324,0.00076928,0.02301194,286
0,[],22,[],2019-05-27 22:05:52,0.0,0,0,7697236,2019-05-27 22:05:52,,7337904.96568486,0.0,0,,2004620112.6797826,0.0,0.0,294
