pairValue,buyBook,exchangeId,sellBook,updated,buyTotal,satoshiPrice,usdPrice,exchangeLogId,created,bestPair,sellTotalBtc,volume,pairPrice,activePairs,sellTotal,volumeBtc,buyTotalBtc,coinId
1,[],3,[],2019-01-26 05:44:25,106.286533599678,0.0126968099999999993465760184108148678205907344818115234375,0.000000453729393117,6505034,2019-01-26 05:44:25,btc,106.96140198377364,1.10352526,0.0126968099999999993465760184108148678205907344818115234375,btc,13.478631780451002,0.0,0.14336039781639032,1
1,[],4,[],2019-01-26 05:44:26,25073.04128374,0.01271004,0.000000454202176428,6505035,2019-01-26 05:44:26,btc,0.9091175681476598,0.0,0.01271004,btc,64.15142253,0.53211962,1.1794734512867555,1
1,[],5,[],2019-01-26 05:44:28,0.19990571,0.01252178,0.000000447474573546,6505036,2019-01-26 05:44:28,btc,14578.47051347,0.03040878,0.01252178,btc,35555556.27796431,0.0,1.43089486,1
1,[],10,[],2019-01-26 05:44:31,271453.27210542,0.0125801,0.00000044955867957000006,6505037,2019-01-26 05:44:31,btc,6537.568970287031,1272.07594564,0.0125801,btc,887.93709266,0.0,3.583249862988855,1
1,[],12,[],2019-01-26 05:44:34,10411.11076866,0.01265999999999999937883021772222491563297808170318603515625,0.000000452413962,6505038,2019-01-26 05:44:34,btc,0.5259320406646,0.0,0.01265999999999999937883021772222491563297808170318603515625,btc,35.32509917,0.1226578913826,0.10301942317280001,1
1,[],20,[],2019-01-26 05:44:36,1350.5193,0.010530001,0.0000003762969567357,6505039,2019-01-26 05:44:36,btc,0.0836892101406,0.0,0.010530001,btc,4.0102,0.0,0.1084569637251,1
1,[],21,[],2019-01-26 05:44:37,2696.43172545,0.01272327000000000006563194432,0.00000045467495973900006,6505040,2019-01-26 05:44:37,btc,31.934475043820658,8003.78902397,0.01272327000000000006563194432374075404368340969085693359375,"btc,eth",2929.64107199,76.41843607488508,27.757115307327304,1
1,[],22,[],2019-01-26 05:44:42,0.0363776,0.01400000,0.0000005002998,6505041,2019-01-26 05:44:42,BTC,0.31387019,0.0,0.01400000,BTC,0.09333966666666667,0.0,0.00048472,1
1,[],24,[],2019-01-26 05:44:42,0.0,0.000000000000,0,6505042,2019-01-26 05:44:42,btc,0.0,0.0,0.000000000000,btc,0.0,0.0,0.0,1
0.0,[],25,[],2019-01-26 05:44:46,0.0,0,0,6505043,2019-01-26 05:44:46,btc,10.75259999902952,497.45579335,0.0,btc,818.86787042,6.4062,0.0,1
1,[],26,[],2019-01-26 05:44:56,0.0,0,0,6505044,2019-01-26 05:44:56,,0.0,0.0,0,,0.0,0.0,0.0,1
1,[],28,[],2019-01-26 05:44:57,987.9,0.01131000,0.00000040417076700000003,6505045,2019-01-26 05:44:57,btc,0.162839806,18651.4,0.01131000,btc,8.9,0.0,0.024551096,1
0,[],2,[],2019-01-20 23:28:45,0.0,0,0,6477011,2019-01-20 23:28:45,,0.0,0.0,0,,0.0,0.0,0.0,1
1,[],5,[],2019-01-26 05:44:58,1.688e-05,0.00000069,0.000000000024657633000000002,6505046,2019-01-26 05:44:58,btc,0.17331741,0.01353682,0.00000069,btc,7.714e-05,0.0,0.52151601,2
0,[],22,[],2019-01-26 05:45:01,0.0,0,0,6505047,2019-01-26 05:45:01,,0.0,0.0,0,,0.0,0.0,0.0,2
1,[],5,[],2019-01-26 05:45:03,1.42e-06,0.00000017,0.000000000006075069,6505048,2019-01-26 05:45:03,btc,3.9290324,0.53802171,0.00000017,btc,2.267e-05,0.0,2.35041419,3
1,[],12,[],2019-01-26 05:45:04,12325293.73103304,0.00000017,0.000000000006075069,6505049,2019-01-26 05:45:04,btc,921359.5302947708,0.0,0.00000017,btc,7962107.09137567,0.05443102366111799,0.5271705416739242,3
0,[],28,[],2019-01-26 05:45:05,0.0,0,0,6505050,2019-01-26 05:45:05,,0.0,0.0,0,,0.0,0.0,0.0,3
0,[],2,[],2019-01-20 23:31:32,0.0,0,0,6477077,2019-01-20 23:31:32,,0.0,0.0,0,,0.0,0.0,0.0,4
1,[],4,[],2019-01-26 05:45:06,375227.36134913,0.00000045,0.000000000016081065000000002,6505051,2019-01-26 05:45:06,btc,0.4799297469419475,0.0,0.00000045,btc,320206.38330804,0.00403343,0.0669398608546396,4
1,[],12,[],2019-01-25 15:53:49,1222127.5219999999,0.00000003,0.000000000001069017,6499609,2019-01-25 15:53:49,btc,11013867.817925906,0.0,0.00000003,btc,969763.77092902,0.0,0.01617509044,5
0,[],2,[],2019-01-20 23:31:51,0.0,0,0,6477087,2019-01-20 23:31:51,,0.0,0.0,0,,0.0,0.0,0.0,6
1,[],11,[],2019-01-26 05:45:09,3384831.0,0.00000001,0.00000000000035735700000000004,6505052,2019-01-26 05:45:09,btc,9432.274761487124,890188.0,0.00000001,btc,41419844.28159839,0.0,0.03384831,6
1,[],3,[],2019-01-26 05:45:09,1051.093167918516,0.00015051999999999998865705952422189284334308467805385589599609375,0.000000005378937564,6505053,2019-01-26 05:45:09,btc,30.108593419388622,0.0,0.00015051999999999998865705952422189284334308467805385589599609375,btc,231.077492617847,0.0,0.028198323718741553,7
1,[],4,[],2019-01-26 05:45:10,18656.66640594,0.00016102,0.000000005754162414000001,6505054,2019-01-26 05:45:10,btc,1.9224444293130525,0.0,0.00016102,btc,10624.94435746,2.6816811,2.743184768225644,7
1,[],5,[],2019-01-26 05:45:11,0.00582691,0.00016067,0.000000005741654919000001,6505055,2019-01-26 05:45:11,btc,1.24410318,0.06603395,0.00016067,btc,0.01114859,0.0,1.60564188,7
1,[],20,[],2019-01-26 05:45:13,61771509.8802,0.000000001,0.000000000000035735700000000005,6505056,2019-01-26 05:45:13,btc,121.193338259396,0.0,0.000000001,btc,26031125.3262,0.0,0.0617715098802,8
0,[],2,[],2019-01-20 23:22:42,0.0,0,0,6476876,2019-01-20 23:22:42,,0.0,0.0,0,,0.0,0.0,0.0,9
0,[],23,[],2019-01-20 23:22:48,0.0,0,0,6476878,2019-01-20 23:22:48,,0.0,0.0,0,,0.0,0.0,0.0,9
1,[],1,[],2019-01-26 05:45:17,2798433.61,0.00000190999999999999992415680542812150832787665422074496746063232421875,0.000000000068255187,6505057,2019-01-26 05:45:17,btc,8.208527977900001,18532130.74,0.00000190999999999999992415680542812150832787665422074496746063232421875,btc,4173976.49,35.75285846,5.2647835881,9
1,[],4,[],2019-01-26 05:45:18,246095.15244145,0.00000188,0.00000000006718311600000001,6505058,2019-01-26 05:45:18,btc,0.9346413007390774,0.0,0.00000188,btc,469525.76556653,1.21662596,0.3998324401719259,9
1,[],28,[],2019-01-26 05:45:19,34585.0,0.00000170,0.00000000006075069000000001,6505059,2019-01-26 05:45:19,btc,2708.7536406632,3591704.892,0.00000170,btc,8861.21,0.0,0.0286845,9
1,[],4,[],2019-01-26 05:45:20,7186680.09026053,0.00000002,0.0000000000007147140000000001,6505060,2019-01-26 05:45:20,btc,0.2135370022856993,0.0,0.00000002,btc,4189461.70572456,0.00106424,0.0755630061052106,10
0,[],2,[],2019-01-20 23:23:08,0.0,0,0,6476890,2019-01-20 23:23:08,,0.0,0.0,0,,0.0,0.0,0.0,12
1,[],4,[],2019-01-26 05:45:20,1957616.32280052,0.00000143,0.000000000051102051000000005,6505061,2019-01-26 05:45:20,btc,1.2465865830463687,0.0,0.00000143,btc,824668.77324296,1.58967592,2.582467238185428,12
1,[],5,[],2019-01-26 05:45:22,2.1e-05,0.00000141,0.000000000050387337,6505062,2019-01-26 05:45:22,btc,0.26392121,0.67839964,0.00000141,btc,0.00011022,0.0,0.15057642,12
0.0,[],25,[],2019-01-26 05:45:23,0.0,0,0,6505063,2019-01-26 05:45:23,,0.0,0.0,0.0,btc,0.0,0.0,0.0,12
1,[],4,[],2019-01-26 05:45:23,331581.05084565,0.00000693,0.000000000247648401,6505064,2019-01-26 05:45:23,btc,0.2830132699895903,0.0,0.00000693,btc,37944.49738891,0.52786885,1.54945075498837,13
1,[],10,[],2019-01-26 05:45:25,565314.87887282,0.00000679,0.000000000242645403,6505065,2019-01-26 05:45:25,btc,666784.4660950344,15693.0861106,0.00000679,btc,834719.44108684,0.0,0.7553276623585244,13
1,[],21,[],2019-01-26 05:45:27,1864543.97064635,0.000007029999999999999607763843251,0.000000000251221971,6505066,2019-01-26 05:45:27,btc,6.162453942616845,550375.78685294,0.0000070299999999999996077638432512291188913877704180777072906494140625,btc,794559.54667167,3.88547935,8.05397744504981,13
0,[],17,[],2019-01-25 15:48:21,0.0,0,0,6499443,2019-01-25 15:48:21,btc,0.0,0.0,0,btc,0.0,0.0,0.0,14
1,[],4,[],2019-01-26 05:38:30,747675.19530278,0.00000191,0.000000000068175922,6504881,2019-01-26 05:38:30,btc,0.1881843602654442,0.0,0.00000191,btc,73090.43787374,0.16717981,0.2155925981913985,14
1,[],12,[],2019-01-26 05:38:31,90295.47933816,0.00000181000000000000003456111265232042484285557293333113193511962890625,0.00000000006460650200000001,6504882,2019-01-26 05:38:31,btc,1.786500952175765,0.0,0.00000181000000000000003456111265232042484285557293333113193511962890625,btc,37907.62220723,0.0004551868397796,0.0214788264838332,14
1,[],26,[],2019-01-26 05:38:32,0.0,0.00000020,0.00000000000713884,6504883,2019-01-26 05:38:32,btc,0.0,0.0,0.00000020,btc,0.0,0.0,0.0,14
0,[],4,[],2019-01-26 05:45:27,0.0,0,0,6505067,2019-01-26 05:45:27,,0.0,0.0,0,,0.0,0.0,0.0,15
,[],12,[],2018-12-01 15:15:48,204241.84496,0.00000489,0.000000000202473384,5260204,2018-12-01 15:15:48,btc,49.5475654835,0.0,,btc,35763.2193806,0.0163153972027625,0.0203389899998,15
0,[],2,[],2019-01-20 23:23:38,0.0,0,0,6476906,2019-01-20 23:23:38,,0.0,0.0,0,,0.0,0.0,0.0,18
0,[],17,[],2019-01-25 15:48:32,0.0,0,0,6499450,2019-01-25 15:48:32,btc,0.0,0.0,0,btc,0.0,0.0,0.0,18
1,[],4,[],2019-01-26 05:38:34,27410.69343749,0.00001782,0.000000000636070644,6504885,2019-01-26 05:38:34,btc,1.2095484344860605,0.0,0.00001782,btc,6503.41803486,0.00946907,0.1148456144251043,18
1,[],10,[],2019-01-26 05:38:36,390899.13678986,0.000018,0.0000000006424956,6504886,2019-01-26 05:38:36,btc,15.55639647945007,312.40831283,0.000018,btc,10500.54211908,0.0,0.196739539654623,18
1,[],12,[],2019-01-26 05:38:37,200370.61163656,0.000017300000000000000381812637062495241480064578354358673095703125,0.00000000061750966,6504887,2019-01-26 05:38:37,btc,0.1969286816701292,0.0,0.000017300000000000000381812637062495241480064578354358673095703125,btc,2086.90663457,0.0,0.0199526555280783,18
1,[],3,[],2019-01-26 05:45:28,108853.37236620068,0.0000381099999999999993448296375930794965825043618679046630859375,0.000000001361887527,6505068,2019-01-26 05:45:28,btc,1.2539162075320083,0.80529903053,0.0000381099999999999993448296375930794965825043618679046630859375,btc,8295.293215847507,0.0,0.11583438793169817,19
1,[],4,[],2019-01-26 05:45:29,65359.49736633,0.00003980,0.00000000142228086,6505069,2019-01-26 05:45:29,btc,1.7184827333616195,0.0,0.00003980,btc,35792.00672195,0.79304314,1.3838649272110064,19
1,[],5,[],2019-01-26 05:45:30,0.00029437,0.00003057,0.0000000010924403490000002,6505070,2019-01-26 05:45:30,btc,0.31636866,0.0,0.00003057,btc,0.00355161,0.0,0.19117301,19
1,[],12,[],2019-01-26 05:45:31,129522.42312129,0.0000368500000000000012441436769705660481122322380542755126953125,0.0000000013168605450000002,6505071,2019-01-26 05:45:31,btc,1.9920402817121774,0.0,0.0000368500000000000012441436769705660481122322380542755126953125,btc,419.49251023,0.0,0.0382205220195365,19
0,[],27,[],2019-01-26 05:45:32,0.0,0,0,6505072,2019-01-26 05:45:32,,0.0,0.0,0,btc,0.0,0.0,0.0,19
0,[],2,[],2019-01-20 23:24:19,0.0,0,0,6476924,2019-01-20 23:24:19,,0.0,0.0,0,,0.0,0.0,0.0,19
1,[],4,[],2019-01-26 05:45:33,9443925.3670658,0.00000014,0.000000000005002998,6505073,2019-01-26 05:45:33,btc,0.8213683703598093,0.0,0.00000014,btc,1592904.2697911,0.00027197,0.3951825877258471,20
1,[],4,[],2019-01-26 05:45:33,127293003.27201596,0.00000002,0.0000000000007147140000000001,6505074,2019-01-26 05:45:33,btc,0.8182045276454453,0.0,0.00000002,btc,18301407.40173587,0.12754876,1.5556396496501597,21
1,[],12,[],2019-01-26 05:45:35,19817294.0,0.00000002,0.0000000000007147140000000001,6505075,2019-01-26 05:45:35,btc,668.0269141637974,0.0,0.00000002,btc,7961939.67233039,0.0141920851548457,0.26928240000000003,21
0,[],17,[],2019-01-25 15:49:42,0.0,0,0,6499491,2019-01-25 15:49:42,btc,0.0,0.0,0,btc,0.0,0.0,0.0,21
1,[],12,[],2019-01-26 05:38:50,4588693582.531896,0.0000000001,0.00000000000000356942,6504896,2019-01-26 05:38:50,btc,621663608789.0557,0.0,0.0000000001,btc,6482193416.345885,0.02143029701718281,0.4588693582531896,23
0,[],27,[],2019-01-26 05:38:52,0.0,0,0,6504897,2019-01-26 05:38:52,,0.424699,0.0,0,eth,424699.0,0.0,0.0,23
1,[],4,[],2019-01-26 05:45:36,2230532.97208342,0.00000086,0.000000000030732702,6505076,2019-01-26 05:45:36,btc,0.1103695787378962,0.0,0.00000086,btc,84244.68676461,0.00541789,0.4399780696707015,24
1,[],22,[],2019-01-26 05:45:39,11.76,0.00000100,0.000000000035735700000000003,6505077,2019-01-26 05:45:39,BTC,7.415e-05,0.0,0.00000100,BTC,23.919354838709676,0.0,1.176e-05,24
0.0,[],25,[],2019-01-26 05:45:41,0.0,0,0,6505078,2019-01-26 05:45:41,,0.0,0.0,0.0,btc,0.0,0.0,0.0,24
0,[],2,[],2019-01-20 23:25:56,0.0,0,0,6476976,2019-01-20 23:25:56,,0.0,0.0,0,,0.0,0.0,0.0,26
1,[],4,[],2019-01-26 05:38:58,10023758.25642295,0.00000708,0.000000000252714936,6504901,2019-01-26 05:38:58,btc,0.4580925500106097,0.0,0.00000708,btc,37114.25290506,0.1693204,0.2042403525306915,26
1,[],10,[],2019-01-26 05:39:00,729605.99285635,0.00000728,0.000000000259853776,6504902,2019-01-26 05:39:00,btc,27.975851632992786,0.0,0.00000728,btc,12715.42087038,0.0,0.2110264415245677,26
1,[],3,[],2019-01-26 05:45:41,8045385.51415143,0.00000001,0.00000000000035735700000000004,6505079,2019-01-26 05:45:41,btc,3.1195760572205957,29996.8149298,0.00000001,btc,17904770.9735503,0.0,0.0804538551415143,27
1,[],5,[],2019-01-26 05:45:42,1e-08,0.00000001,0.00000000000035735700000000004,6505080,2019-01-26 05:45:42,btc,2.61407479,0.0,0.00000001,btc,4.13e-05,0.0,0.02479358,27
1,[],11,[],2019-01-26 05:45:44,10597882.41182718,0.00000005,0.000000000001786785,6505081,2019-01-26 05:45:44,btc,370.53275036350783,1000.0,0.00000005,btc,8220964.80991447,0.0,0.4932896594767663,27
1,[],4,[],2019-01-26 05:45:45,250628732.19912165,0.00000003,0.000000000001072071,6505082,2019-01-26 05:45:45,btc,2.9443520991943615,0.0,0.00000003,"btc,ltc",105162355.52908336,1.22304589,3.273244609516376,29
1,[],7,[],2019-01-26 05:45:46,40133136.99441256,0.00000003,0.000000000001072071,6505083,2019-01-26 05:45:46,btc,44465238.10261809,70282.3893223,0.00000003,btc,38838780.51076072,0.00251166,0.7357470578480136,29
1,[],4,[],2019-01-26 05:45:47,1242684.98366236,0.00000036,0.000000000012864852,6505084,2019-01-26 05:45:47,btc,0.2961100777590712,0.0,0.00000036,btc,475460.5795529,0.01891455,0.0592474764104675,30
0,[],17,[],2019-01-25 15:50:57,0.0,0,0,6499534,2019-01-25 15:50:57,btc,0.0,0.0,0,btc,0.0,0.0,0.0,30
1,[],4,[],2019-01-26 05:45:48,36418.99919365,0.00009503,0.000000003395963571,6505085,2019-01-26 05:45:48,btc,1.3491778449545921,0.0,0.00009503,btc,12477.19794974,2.63600095,2.637867970923999,31
1,[],21,[],2019-01-26 05:45:49,99717.4437956,0.00009500000000000000523019128007,0.0000000033948915000000005,6505086,2019-01-26 05:45:49,btc,17.85110401890217,771842.5805502,0.00009500000000000000523019128007007338965195231139659881591796875,btc,169787.38792307,71.68458485,8.954138653223012,31
0,[],2,[],2019-01-20 23:28:43,0.0,0,0,6477009,2019-01-20 23:28:43,,0.0,0.0,0,,0.0,0.0,0.0,32
1,[],4,[],2019-01-26 05:45:50,135346233.318014,0.00000005,0.000000000001786785,6505087,2019-01-26 05:45:50,btc,0.4728599103723013,0.0,0.00000005,"btc,ltc",12761458.27634195,0.53459504,2.117359168515976,33
1,[],12,[],2019-01-26 05:45:51,24270494.0,0.00000006,0.000000000002144142,6505088,2019-01-26 05:45:51,btc,17261783.050848585,0.0,0.00000006,btc,87398724.27072918,0.3720394946153832,0.9653727999999999,33
1,[],4,[],2019-01-25 15:51:47,121436519.49535657,0.00000002,0.000000000000712664,6499565,2019-01-25 15:51:47,btc,0.7770388655030004,0.0,0.00000002,btc,25623680.84561682,0.04566956,1.2289232726234858,34
1,[],5,[],2019-01-25 15:51:48,3e-08,0.00000002,0.000000000000712664,6499566,2019-01-25 15:51:48,btc,3.15691075,0.01219489,0.00000002,btc,1.394e-05,0.0,0.77186813,34
0.00000000009190790000000001,[],4,[],2019-01-26 05:45:51,2578552159.859532,3.676316e-18,1.3137572568120002e-22,6505089,2019-01-26 05:45:51,ltc,3.6430050561207952e-09,0.0,0.00000004,ltc,635733253.1619737,0.0,6.9301659627828395e-09,36
1,[],5,[],2019-01-26 05:45:52,0.0,0,0,6505090,2019-01-26 05:45:52,btc,202.44189641,0.0,0,btc,1.295e-05,0.0,0.0,36
0.00000000009190790000000001,[],27,[],2019-01-26 05:45:55,1000000.0,9.19079e-19,3.2843931420300005e-23,6505091,2019-01-26 05:45:55,ltc,448.55669329,0.0,0.00000001,"ltc,eth",3581972.58,0.0,9.190790000000002e-13,36
0,[],17,[],2019-01-25 15:49:25,0.0,0,0,6499481,2019-01-25 15:49:25,btc,0.08200904495920741,0.0,0,btc,5842697.91583647,0.0,0.0,36
1,[],17,[],2019-01-25 15:49:17,1752.74075282,0.00000025,0.0000000000089083,6499476,2019-01-25 15:49:17,btc,0.05548731397418299,0.0,0.00000025,btc,1388.79251806,0.0,0.00043818518820499993,37
1,[],4,[],2019-01-26 05:39:15,432690.16031732,0.00000142,0.000000000050685764,6504916,2019-01-26 05:39:15,btc,0.4396029181009773,0.0,0.00000142,btc,233448.52011628,0.00938519,0.3802451671613019,37
1,[],12,[],2019-01-26 05:39:16,459192.03775156,0.000001430000000000000072932653839841155019030338735319674015045166015625,0.000000000051042706000000004,6504917,2019-01-26 05:39:16,btc,1330.8950359341113,0.0,0.000001430000000000000072932653839841155019030338735319674015045166015625,btc,754721.24721844,0.2236070462537298,0.35388700533333073,37
1,[],27,[],2019-01-26 05:39:19,3640.0609574,0.00569910,0.00000020342481522,6504918,2019-01-26 05:39:19,btc,22.37095737308125,0.001833,0.00569910,btc,2948.884381,1.045e-05,0.000368193331273,37
1,[],5,[],2019-01-26 05:45:56,1.515e-05,0.00000128,0.000000000045741696000000005,6505092,2019-01-26 05:45:56,btc,0.17205934,0.06076429,0.00000128,btc,0.00014245,0.0,0.05419835,42
1,[],12,[],2019-01-26 05:45:57,106742.0,0.000001250000000000000102253817392539136932327892282046377658843994140625,0.00000000004466962500000001,6505093,2019-01-26 05:45:57,btc,109.11238918357031,0.0,0.000001250000000000000102253817392539136932327892282046377658843994140625,btc,101028.32474233,0.0491774870328736,0.0429144,42
0,[],27,[],2019-01-26 05:46:00,0.0,0,0,6505094,2019-01-26 05:46:00,,0.00315028,0.0,0,"btc,eth",11.007,0.0,0.0,42
0,[],17,[],2019-01-25 15:47:37,0.0,0,0,6499419,2019-01-25 15:47:37,btc,0.0,0.0,0,btc,0.0,0.0,0.0,43
1,[],5,[],2019-01-26 05:46:01,3e-08,0.00000002,0.0000000000007147140000000001,6505095,2019-01-26 05:46:01,btc,6.15404046,6.472e-05,0.00000002,btc,1.425e-05,0.0,0.56542323,43
1,[],12,[],2019-01-26 05:46:02,6002618.0,0.00000001,0.00000000000035735700000000004,6505096,2019-01-26 05:46:02,btc,20007433.291714948,0.0,0.00000001,btc,39295633.1992008,0.0005653957942061,0.06002618,43
1,[],12,[],2019-01-26 05:46:04,762030.0,0.00000007,0.0000000000025014990000000004,6505097,2019-01-26 05:46:04,btc,11114761.219588628,0.0,0.00000007,btc,955800.89867649,0.0005034779620392,0.02039541,44
1,[],4,[],2019-01-26 05:46:05,237329237.6242539,0.00000003,0.000000000001072071,6505098,2019-01-26 05:46:05,btc,0.21975309557519213,0.0,0.00000003,"btc,ltc",6554842.53344355,0.00071032,0.6030549410719638,49
0.00000000009190790000000001,[],4,[],2019-01-26 05:46:05,4084827066.921275,1.838158e-18,6.568786284060001e-23,6505099,2019-01-26 05:46:05,ltc,5.044116688114569,0.0,0.00000002,ltc,1636710054.3110626,0.0,4.704617052466616e-09,52
0,[],22,[],2019-01-26 05:39:32,0.0,0,0,6504927,2019-01-26 05:39:32,,3693.62623838,0.0,0,,269200006.90882355,0.0,0.0,57
0,[],27,[],2019-01-26 05:39:34,0.0,0,0,6504928,2019-01-26 05:39:34,,0.0,0.0,0,"btc,eth",0.0,0.0,0.0,57
0,[],17,[],2019-01-25 15:52:59,0.0,0,0,6499584,2019-01-25 15:52:59,btc,1e+24,0.0,0,btc,41616695.958325684,0.0,0.0,58
0.00000000009190790000000001,[],4,[],2019-01-26 05:46:06,1464733351.2781398,6.433553000000001e-18,2.299075199421e-22,6505100,2019-01-26 05:46:06,ltc,3.3366770115742486,0.0,0.00000007,ltc,992955177.7177526,0.09991,6.530397186521954e-09,58
1,[],12,[],2019-01-26 05:46:25,2369180236.282997,0.0000000006,0.00000000000002144142,6505101,2019-01-26 05:46:25,btc,123638817925.45697,0.0,0.0000000006,btc,2968824716.6944056,0.16155733834895109,0.9280526830645631,58
0.0000000001273236,[],22,[],2019-01-26 05:46:30,137438.0,1.273236e-18,4.54999797252e-23,6505102,2019-01-26 05:46:30,XMR,69.8835922,0.0,0.00000001,XMR,9887963.0,0.0,0.00137438,58
1,[],5,[],2019-01-26 05:46:31,7.44e-06,0.00000063,0.000000000022513491,6505103,2019-01-26 05:46:31,btc,0.44792915,0.06430426,0.00000063,btc,0.00012202,0.0,0.04526742,61
1,[],22,[],2019-01-26 05:46:34,5111.5,0.00000011,0.000000000003930927,6505104,2019-01-26 05:46:34,BTC,1002.29606732,0.0,0.00000011,BTC,15028.700278135757,0.0,0.00051178,61
1,[],26,[],2019-01-26 05:46:34,0.0,0.00000800,0.00000000028588560000000003,6505105,2019-01-26 05:46:34,btc,0.0,0.0,0.00000800,btc,0.0,0.0,0.0,61
0,[],27,[],2019-01-26 05:46:36,0.0,0,0,6505106,2019-01-26 05:46:36,,0.0,0.0,0,"btc,eth",0.0,0.0,0.0,61
1,[],28,[],2019-01-26 05:46:38,1923.782,0.00000023,0.000000000008219211,6505107,2019-01-26 05:46:38,btc,2.065678837430106,748.0,0.00000023,btc,11618.08240005,0.0,0.00017391298,61
1,[],4,[],2019-01-26 05:46:40,1363547.528594,0.00000164,0.000000000058606548,6505108,2019-01-26 05:46:40,btc,0.4640239651823374,0.0,0.00000164,btc,168765.39997994,0.33844539,1.0440922832349353,67
0.0,[],25,[],2019-01-26 05:46:41,0.0,0,0,6505109,2019-01-26 05:46:41,,0.0,0.0,0.0,btc,0.0,0.0,0.0,67
1,[],12,[],2019-01-26 05:46:42,2720441.55555556,0.00000009,0.000000000003216213,6505110,2019-01-26 05:46:42,btc,16893709.218013477,0.0,0.00000009,btc,2073649.62597398,0.0059861426873137,0.0694709000000004,71
,[],5,[],2018-11-20 23:02:39,1.5e-07,0.00000005,0.000000000002128045,4862160,2018-11-20 23:02:39,btc,2.84511358,0.0,,btc,0.00036572,0.0,0.07381892,74
1,[],5,[],2019-01-25 15:53:51,3.303e-05,0.00000156,0.000000000055588884,6499610,2019-01-25 15:53:51,btc,1.42844212,0.0,0.00000156,btc,0.00015937,0.0,0.49487621,75
1,[],4,[],2019-01-26 05:46:43,63482976.34002812,0.00000001,0.00000000000035735700000000004,6505111,2019-01-26 05:46:43,btc,0.7438928706909006,0.0,0.00000001,btc,14043858.59123171,0.0,0.6348297634002812,81
0,[],20,[],2019-01-25 09:30:31,0.0,0,0,6495923,2019-01-25 09:30:31,btc,0.0,0.0,0,btc,0.0,0.0,0.0,81
1,[],4,[],2019-01-26 05:46:44,24527.79333515,0.00007755,0.0000000027713035350000003,6505112,2019-01-26 05:46:44,btc,1.5301195147550464,0.0,0.00007755,btc,13246.42919262,0.00363964,0.143217907716798,82
1,[],21,[],2019-01-26 05:46:45,83904.71177132,0.00008100000000000000374613534637,0.0000000028945917,6505113,2019-01-26 05:46:45,btc,3.619657327498236,11483.76405283,0.000081000000000000003746135346371914920382550917565822601318359375,btc,41282.28913256,0.9297334,5.256856940783774,82
0,[],17,[],2019-01-25 15:48:27,0.0,0,0,6499446,2019-01-25 15:48:27,btc,0.0447233088476774,0.0,0,btc,999127.19588126,0.0,0.0,84
0.00000000009190790000000001,[],4,[],2019-01-26 05:46:47,153122140.32461593,1.3786185000000001e-17,4.926589713045001e-22,6505114,2019-01-26 05:46:47,ltc,0.19754182522348437,0.0,0.00000015,ltc,74285684.32718258,0.0,1.5123812739779177e-09,85
,[],22,[],2018-11-20 23:09:34,3408.1,0.0000001,0.0000000000041895,4862324,2018-11-20 23:09:34,BTC,0.04624735,0.0,,BTC,4990.0,0.0,0.00033081,86
0,[],22,[],2019-01-26 05:46:49,0.0,0,0,6505115,2019-01-26 05:46:49,,2.07810912,0.0,0,,154826.94736842104,0.0,0.0,87
0,[],27,[],2019-01-26 05:46:51,0.0,0,0,6505116,2019-01-26 05:46:51,,0.0,0.0,0,btc,0.0,0.0,0.0,87
,[],2,[],2018-11-20 23:10:47,0.0,0,0,4862359,2018-11-20 23:10:47,,0.0,0.0,,,0.0,0.0,0.0,88
1,[],11,[],2019-01-26 05:46:53,105693.92622875,0.00019803999999999999446879950237843104332569055259227752685546875,0.000000007077098028,6505117,2019-01-26 05:46:53,btc,234.8279219100724,324.99793,0.00019803999999999999446879950237843104332569055259227752685546875,btc,181467.69112358,0.0,8.468266147253777,89
0,[],2,[],2019-01-20 23:31:45,0.0,0,0,6477083,2019-01-20 23:31:45,,0.0,0.0,0,,0.0,0.0,0.0,91
0,[],17,[],2019-01-25 15:53:53,0.0,0,0,6499612,2019-01-25 15:53:53,btc,0.0,0.0,0,btc,0.0,0.0,0.0,91
1,[],12,[],2019-01-26 05:46:54,356173.58822083997,0.000002300000000000000001799775606325937360452371649444103240966796875,0.00000000008219211,6505118,2019-01-26 05:46:54,btc,0.2291172002372368,0.0,0.000002300000000000000001799775606325937360452371649444103240966796875,btc,23047.27726277,0.1642988744924779,0.22225690089997058,91
0.00000000009190790000000001,[],22,[],2019-01-26 05:46:58,31170424.666666668,5.5144740000000006e-18,1.9706358852180004e-22,6505119,2019-01-26 05:46:58,LTC,8.97477495,0.0,0.00000006,LTC,75272634.1,3.2034682360800006e-13,1.20185727,95
0,[],17,[],2019-01-25 15:48:18,0.0,0,0,6499440,2019-01-25 15:48:18,btc,0.0,0.0,0,btc,0.0,0.0,0.0,96
0.00000000009190790000000001,[],4,[],2019-01-26 05:46:59,133071841.32373343,9.466513700000001e-17,3.3829249362909006e-21,6505120,2019-01-26 05:46:59,ltc,1.4002258603431261,0.0,0.00000103,ltc,68667697.45383172,0.00752203,7.147600660850892e-10,96
1,[],12,[],2019-01-26 05:46:59,1204334.0,0.00000001,0.00000000000035735700000000004,6505121,2019-01-26 05:46:59,btc,255059.2635896603,0.0,0.00000001,btc,7846613.56674301,3.48e-06,0.01204334,96
1,[],4,[],2019-01-26 05:47:01,1579771.18604431,0.00000042,0.000000000015008994000000003,6505122,2019-01-26 05:47:01,btc,0.3265274656902659,0.0,0.00000042,btc,488132.6180125,0.02317562,0.1756471172077524,99
0,[],2,[],2019-01-20 23:23:55,0.0,0,0,6476914,2019-01-20 23:23:55,,0.0,0.0,0,,0.0,0.0,0.0,100
1,[],4,[],2019-01-26 05:47:02,132903.99903743,0.00004310,0.00000000154020867,6505123,2019-01-26 05:47:02,btc,1.5255201329323198,0.0,0.00004310,btc,28268.26867731,1.51172453,3.0321896883401545,100
1,[],22,[],2019-01-26 05:47:05,50000.0,0.00000001,0.00000000000035735700000000004,6505124,2019-01-26 05:47:05,BTC,23.49896609,0.0,0.00000001,BTC,10277.22,0.0,0.0005,101
1,[],4,[],2019-01-26 05:47:05,101959.01570413,0.00000108,0.000000000038594556000000006,6505125,2019-01-26 05:47:05,btc,0.4112604665124641,0.0,0.00000108,btc,139921.83046688,0.01677104,0.0528870432860177,103
0,[],22,[],2019-01-26 05:47:09,0.0,0,0,6505126,2019-01-26 05:47:09,,1.07253299,0.0,0,,94300.0,0.0,0.0,107
1,[],26,[],2019-01-26 05:47:09,0.0,0.00000000,0,6505127,2019-01-26 05:47:09,btc,0.0,0.0,0.00000000,btc,0.0,0.0,0.0,107
1,[],5,[],2019-01-26 05:47:11,3e-08,0.00000002,0.0000000000007147140000000001,6505128,2019-01-26 05:47:11,btc,3.26648547,0.02665159,0.00000002,btc,1.589e-05,0.0,0.10355855,112
1,[],22,[],2019-01-26 05:47:14,43782.0,0.00000001,0.00000000000035735700000000004,6505129,2019-01-26 05:47:14,BTC,2.84243449,0.0,0.00000001,BTC,977103.5833333334,0.0,0.00043782,112
0,[],27,[],2019-01-26 05:47:16,0.0,0,0,6505130,2019-01-26 05:47:16,,1.25356065,0.0,0,"btc,eth",1328.0,0.0,0.0,112
1,[],4,[],2019-01-26 05:47:17,455049.40681638,0.00000451,0.00000000016116800700000002,6505131,2019-01-26 05:47:17,btc,0.4493725534580055,0.0,0.00000451,btc,75825.35977261,0.09758852,0.453931984481578,113
1,[],5,[],2019-01-26 05:47:18,2.922e-05,0.00000417,0.000000000149017869,6505132,2019-01-26 05:47:18,btc,2.31979727,0.0,0.00000417,btc,0.00347079,0.0,0.25745742,113
1,[],17,[],2019-01-25 15:48:03,233369.0,0.00000004,0.0000000000014253280000000002,6499431,2019-01-25 15:48:03,btc,1.337629057597492,0.0,0.00000004,btc,72546.975,0.0,0.00543476,116
0,[],27,[],2019-01-26 05:47:21,0.0,0,0,6505133,2019-01-26 05:47:21,,0.0,0.0,0,btc,0.0,0.0,0.0,116
1,[],4,[],2019-01-26 05:47:22,74528.90228535,0.00002536,0.0000000009062573520000001,6505134,2019-01-26 05:47:22,btc,0.7535802504510356,0.0,0.00002536,btc,25976.33995694,2.18708764,1.2865957967684423,120
1,[],7,[],2019-01-26 05:47:24,4167.75089727,0.000017980000000000000647502884643103016060194931924343109130859375,0.0000000006425278860000001,6505135,2019-01-26 05:47:24,btc,95.01981056692063,62.5577699,0.000017980000000000000647502884643103016060194931924343109130859375,btc,26084.10517962,0.00112609,0.0477729855714731,120
1,[],20,[],2019-01-26 05:47:26,1211987.8588,0.000000013,0.0000000000004645641,6505136,2019-01-26 05:47:26,btc,31.4064986826774,0.0,0.000000013,btc,1110340.5464,0.0,0.0067998317606,125
1,[],22,[],2019-01-26 05:47:29,68433.0,0.00000001,0.00000000000035735700000000004,6505137,2019-01-26 05:47:29,BTC,0.01415863,0.0,0.00000001,BTC,293039.4,0.0,0.00068433,126
0,[],2,[],2019-01-20 23:25:46,0.0,0,0,6476969,2019-01-20 23:25:46,,0.0,0.0,0,,0.0,0.0,0.0,131
0,[],17,[],2019-01-25 15:50:14,0.0,0,0,6499505,2019-01-25 15:50:14,btc,0.0008451375975800001,0.0,0,btc,30.89614684,0.0,0.0,131
1,[],4,[],2019-01-26 05:47:31,311725.1425749,0.00001500,0.0000000005360355000000001,6505138,2019-01-26 05:47:31,btc,0.6547083826139308,0.0,0.00001500,btc,34128.12949619,0.29065874,0.307699514511028,131
1,[],4,[],2019-01-26 05:47:34,6060.80312071,0.00019989,0.0000000071432090730000004,6505139,2019-01-26 05:47:34,btc,1.6263552933341472,0.0,0.00019989,btc,203.60257325,0.00056797,0.0102560874397142,135
1,[],3,[],2019-01-26 05:47:35,630375.80018509,0.00000005,0.000000000001786785,6505140,2019-01-26 05:47:35,btc,0.2624969497584369,259729.031147,0.00000005,btc,984029.68036222,0.0,0.019925937337035,136
1,[],4,[],2019-01-26 05:47:36,79583.58112611,0.00000178,0.00000000006360954600000001,6505141,2019-01-26 05:47:36,btc,0.4799334913579616,0.0,0.00000178,btc,185574.28005837,0.10367929,0.0879950852350126,137
1,[],12,[],2019-01-26 05:47:38,303273.87283407,0.00000181000000000000003456111265232042484285557293333113193511962890625,0.000000000064681617,6505142,2019-01-26 05:47:38,btc,11798.819670633447,0.0,0.00000181000000000000003456111265232042484285557293333113193511962890625,btc,131571.25973822,0.0687054729255468,0.0369272560000073,137
1,[],17,[],2019-01-25 15:53:39,12500.0,0.0000001,0.00000000000356339,6499603,2019-01-25 15:53:39,btc,0.5782815519287362,0.0,0.0000001,btc,4834.207754,0.0,0.00125,142
1,[],5,[],2019-01-26 05:47:39,0.0010976,0.00003422,0.000000001222875654,6505143,2019-01-26 05:47:39,btc,10.52497247,3.89322036,0.00003422,btc,0.00318682,0.0,1.97432075,142
1,[],20,[],2019-01-26 05:47:41,156396.1444,0.00003006,0.000000001074215142,6505144,2019-01-26 05:47:41,btc,2.50540661,27.77,0.00003006,btc,5107.1322,0.0010487559125,0.2871417276758,142
1,[],22,[],2019-01-26 05:47:45,990.0,0.00001880,0.00000000067183116,6505145,2019-01-26 05:47:45,BTC,0.00069415,0.0,0.00001880,BTC,9.0,0.0,0.00022106,142
0.0,[],25,[],2019-01-26 05:47:46,0.0,0,0,6505146,2019-01-26 05:47:46,,0.0,0.0,0.0,btc,0.0,0.0,0.0,142
1,[],28,[],2019-01-26 05:47:47,78430.0,0.00002000,0.000000000714714,6505147,2019-01-26 05:47:47,btc,0.052664499742,46579.5723,0.00002000,btc,1386.7223,0.0,0.0242247,142
0,[],22,[],2019-01-25 15:57:33,0.0,0,0,6499726,2019-01-25 15:57:33,,59.04258297,0.0,0,,718491265.8,0.0,0.0,143
1,[],21,[],2019-01-26 05:47:48,49309835.18694518,0.00000029,0.000000000010363353,6505148,2019-01-26 05:47:48,btc,36.81247224137106,11058787.1110253,0.00000029,btc,72838715.26426525,3.35806757,9.147004719351191,145
0,[],22,[],2019-01-26 05:47:51,0.0,0,0,6505149,2019-01-26 05:47:51,,4.31668284,0.0,0,,1427838.5,0.0,0.0,146
,[],22,[],2018-11-20 23:01:11,0.0,0,0,4862114,2018-11-20 23:01:11,,2.56807021,0.0,,,61828.4988236,0.0,0.0,147
1,[],12,[],2019-01-26 05:41:18,8707378.72383479,0.00000268000000000000017518647123238029195135823101736605167388916015625,0.00000000009566045600000001,6504979,2019-01-26 05:41:18,btc,17.07384140960934,0.0,0.00000268000000000000017518647123238029195135823101736605167388916015625,btc,111210.72407238,0.01255734,0.122167940000016,148
1,[],4,[],2019-01-26 05:47:52,113516.4976487,0.00000037,0.000000000013222209000000001,6505150,2019-01-26 05:47:52,btc,0.6903655380733367,0.0,0.00000037,btc,513873.1719915,0.0,0.0318037643534905,152
0,[],22,[],2019-01-26 05:47:54,0.0,0,0,6505151,2019-01-26 05:47:54,,0.0,0.0,0,,0.0,0.0,0.0,152
1,[],5,[],2019-01-26 05:47:55,0.0,0,0,6505152,2019-01-26 05:47:55,btc,4.34000855,1.928e-05,0,btc,0.00161275,0.0,0.0,153
,[],16,[],2019-01-11 15:38:59,0.0,0,0,6366141,2019-01-11 15:38:59,btc,0.0,0.0,,btc,0.0,0.0,0.0,155
0,[],23,[],2019-01-20 23:24:29,0.0,0,0,6476932,2019-01-20 23:24:29,,0.0,0.0,0,,0.0,0.0,0.0,156
0,[],22,[],2019-01-26 05:47:58,0.0,0,0,6505153,2019-01-26 05:47:58,,6.78948922,0.0,0,,4337721.742592593,0.0,0.0,156
1,[],22,[],2019-01-26 05:48:02,7906.0,0.00000801,0.000000000286242957,6505154,2019-01-26 05:48:02,BTC,43.78612537,0.0,0.00000801,BTC,1033.584498154164,0.0293087,0.00743836,157
0,[],22,[],2019-01-26 05:48:05,0.0,0,0,6505155,2019-01-26 05:48:05,,50175.67300261,0.0,0,,53770788.04179466,0.0,0.0,158
,[],17,[],2018-11-20 22:56:10,0.0,0,0,4861976,2018-11-20 22:56:10,btc,1.1265625,0.0,,btc,1000.0,0.0,0.0,159
,[],20,[],2018-11-20 22:56:12,0.0,0,0,4861977,2018-11-20 22:56:12,btc,11912.7940471,0.0,,btc,34413894.3617,0.0,0.0,159
1,[],17,[],2019-01-25 15:48:46,29784.95,0.000001,0.0000000000356332,6499458,2019-01-25 15:48:46,btc,0.0353989844335,0.0,0.000001,btc,196.82520268,0.0,0.00716147,168
1,[],12,[],2019-01-26 05:48:07,185736.82068965,0.000009929999999999999794170722766661896230289130471646785736083984375,0.000000000354855501,6505156,2019-01-26 05:48:07,btc,6.650607976031643,0.0,0.000009929999999999999794170722766661896230289130471646785736083984375,btc,13918.21908934,0.0031134522,0.1035475503999625,168
1,[],22,[],2019-01-26 05:48:10,1433447.0,0.00000001,0.00000000000035735700000000004,6505157,2019-01-26 05:48:10,BTC,1.13388286,0.0,0.00000001,BTC,690107.5537281231,4.516e-05,0.01433447,169
1,[],22,[],2019-01-26 05:48:14,164877.6,0.00000055,0.000000000019654635,6505158,2019-01-26 05:48:14,BTC,2.47084271,0.0,0.00000055,BTC,69718.56439849624,0.00810935,0.01914546,171
1,[],22,[],2019-01-26 05:41:46,75422.87719298246,0.00000019,0.000000000006781898,6504989,2019-01-26 05:41:46,BTC,2.84612777,0.0,0.00000019,BTC,242012.3394102434,6.836e-05,0.00378514,173
1,[],5,[],2019-01-26 05:41:47,5.868e-05,0.00000430,0.00000000015348506,6504990,2019-01-26 05:41:47,btc,0.39786867,0.0293415,0.00000430,btc,0.00035757,0.0,0.82358512,175
1,[],22,[],2019-01-26 05:48:18,60516.0,0.00000130,0.00000000004645641,6505159,2019-01-26 05:48:18,BTC,0.61033917,0.0,0.00000130,BTC,107747.01752081183,0.02803992,0.05120864,176
1,[],7,[],2019-01-26 05:48:19,0.0,0,0,6505160,2019-01-26 05:48:19,btc,10977.354263488538,1399.0,0,btc,121979470.32860084,1.399e-05,0.0,178
0,[],22,[],2019-01-26 05:48:22,0.0,0,0,6505161,2019-01-26 05:48:22,,1.00242428,0.0,0,,57512.0,0.0,0.0,178
0,[],2,[],2019-01-20 23:28:34,0.0,0,0,6477001,2019-01-20 23:28:34,,0.0,0.0,0,,0.0,0.0,0.0,178
0,[],23,[],2019-01-20 23:25:08,0.0,0,0,6476952,2019-01-20 23:25:08,,0.0,0.0,0,,0.0,0.0,0.0,179
1,[],5,[],2019-01-26 05:48:23,6e-08,0.00000003,0.000000000001072071,6505162,2019-01-26 05:48:23,btc,16.07981081,0.09490106,0.00000003,btc,2.114e-05,0.0,2.42167491,179
1,[],22,[],2019-01-26 05:48:27,9086992.5,0.00000002,0.0000000000007147140000000001,6505163,2019-01-26 05:48:27,BTC,5.54881226,0.0,0.00000002,"BTC,LTC",17821776.318656635,0.01340245,0.39987798,179
1,[],22,[],2019-01-26 05:48:31,1011.8709677419355,0.00000031,0.000000000011078067000000001,6505164,2019-01-26 05:48:31,BTC,0.01978668,0.0,0.00000031,"BTC,LTC",15746.816254853482,1.9e-06,0.00026202,180
1,[],26,[],2019-01-26 05:48:31,0.0,0.00000020,0.00000000000714714,6505165,2019-01-26 05:48:31,btc,0.0,6005.99009998,0.00000020,btc,0.0,0.0,0.0,180
1,[],17,[],2019-01-25 15:52:29,10504.725,0.0000001,0.00000000000356339,6499572,2019-01-25 15:52:29,btc,5.207116757528441,0.0,0.0000001,btc,7944.1527587,0.0,0.0010504725,180
,[],7,[],2018-11-20 22:58:01,562227.975654,0.00000085,0.000000000036176765,4862015,2018-11-20 22:58:01,btc,21836.6059674,2491.87645172,,btc,749999.041456,0.00211021,0.127565380455,183
,[],5,[],2019-01-10 08:11:41,0.0,0,0,6347036,2019-01-10 08:11:41,btc,82.15055501,0.00261,,btc,1.19002445,0.0,0.0,187
,[],17,[],2018-11-16 20:58:10,4062536.27273,0.00000001,0.000000000000550501,4708775,2018-11-16 20:58:10,btc,3.36492563466,0.195460381006,,"btc,eth",110697919.549,0.0,0.0157628953496,187
1,[],24,[],2019-01-26 05:48:32,0.0,0.000000000001,3.57357e-17,6505166,2019-01-26 05:48:32,btc,0.0,0.0,0.000000000001,btc,0.0,0.0,0.0,187
0,[],22,[],2019-01-26 05:48:39,0.0,0,0,6505167,2019-01-26 05:48:39,,1.19413437,0.0,0,,14499.956201072173,0.0,0.0,191
0,[],22,[],2019-01-26 05:48:44,0.0,0,0,6505168,2019-01-26 05:48:44,,0.0,0.0,0,,0.0,0.0,0.0,197
0,[],23,[],2019-01-20 23:31:41,0.0,0,0,6477079,2019-01-20 23:31:41,,0.0,0.0,0,,0.0,0.0,0.0,199
1,[],26,[],2019-01-26 05:48:44,0.0,0.00000000,0,6505169,2019-01-26 05:48:44,btc,0.0,763278.0,0.00000000,btc,0.0,0.0,0.0,199
0,[],17,[],2019-01-25 15:51:02,0.0,0,0,6499537,2019-01-25 15:51:02,btc,6.802544163851783,0.0,0,btc,105897.55575295,0.0,0.0,200
0,[],2,[],2019-01-20 23:30:49,0.0,0,0,6477059,2019-01-20 23:30:49,,0.0,0.0,0,,0.0,0.0,0.0,201
1,[],4,[],2019-01-25 15:51:35,2084389.58565343,0.00000936,0.000000000333526752,6499557,2019-01-25 15:51:35,btc,2.0092503037378524,0.0,0.00000936,btc,160195.80207885,0.19272417,1.242687955921835,211
1,[],7,[],2019-01-26 05:48:48,19108718.65493527,0.000001179999999999999925426948273188276772316385176964104175567626953125,0.000000000042168126,6505170,2019-01-26 05:48:48,btc,16317791.361277448,302364.766982,0.000001179999999999999925426948273188276772316385176964104175567626953125,btc,12750796.50613925,0.0,9.010319892978218,212
1,[],12,[],2019-01-25 02:44:32,207462.42853209,0.000001080000000000000035831255497387193287295303889550268650054931640625,0.000000000038610756000000006,6493050,2019-01-25 02:44:32,btc,85023.03793723314,0.0,0.000001080000000000000035831255497387193287295303889550268650054931640625,btc,43675.73520027,0.000146250909087,0.0348620860622024,213
1,[],5,[],2019-01-26 05:48:50,4.21e-06,0.00000029,0.000000000010363353,6505171,2019-01-26 05:48:50,btc,0.86515981,0.02601921,0.00000029,btc,2.831e-05,0.0,0.19817166,213
1,[],24,[],2019-01-26 05:48:50,0.0,0.000000050000,0.000000000001786785,6505172,2019-01-26 05:48:50,btc,0.0,0.0,0.000000050000,btc,0.0,0.0,0.0,213
1,[],26,[],2019-01-26 05:48:50,0.0,0.00000003,0.000000000001072071,6505173,2019-01-26 05:48:50,btc,0.0,0.0,0.00000003,btc,0.0,0.0,0.0,213
1,[],22,[],2019-01-26 05:42:25,303952.2,0.00000005,0.00000000000178471,6505006,2019-01-26 05:42:25,BTC,70.21637514,0.0,0.00000005,BTC,198489.86129395306,0.0,0.00594161,216
1,[],27,[],2019-01-26 05:42:27,5087945.0,0.00000015,0.00000000000535413,6505007,2019-01-26 05:42:27,btc,619.87938651916,0.0,0.00000015,"btc,ltc",268416.09411,0.0,0.0535075,216
1,[],22,[],2019-01-26 05:48:54,296264.8247499803,0.00000220,0.00000000007861854,6505174,2019-01-26 05:48:54,BTC,12677.79459356,0.0,0.00000220,BTC,338644.40131833754,0.02382058,0.4193704,217
0,[],27,[],2019-01-26 05:43:14,0.0,0,0,6505010,2019-01-26 05:43:14,,0.0747309448198,0.0,0,btc,1605140.29226592,0.0,0.0,219
0.0000000000000057999999999999996,[],28,[],2019-01-26 05:43:16,203816286.198,2.3200579999999998e-18,8.28126142636e-23,6505011,2019-01-26 05:43:16,doge,82414.3393717675,14112.0,0.00040001,"btc,doge",4409472.34751,0.0,1.746213195967455e-11,219
1,[],7,[],2019-01-26 05:48:55,0.0,0,0,6505175,2019-01-26 05:48:55,btc,302.59303086911063,0.0,0,btc,135155897.1214003,0.0,0.0,219
1,[],22,[],2019-01-26 05:43:23,211961.0,0.00000085,0.000000000030340070000000004,6505012,2019-01-26 05:43:23,BTC,2.09044433,0.0,0.00000085,BTC,21440.55212317522,0.00204165,0.02774618,221
1,[],24,[],2019-01-26 05:43:24,0.0,0.000000550000,0.000000000019631810000000002,6505013,2019-01-26 05:43:24,btc,0.0,10699.71229,0.000000550000,btc,0.0,0.0071656,0.0,221
1,[],26,[],2019-01-26 05:43:24,0.0,0.00000020,0.00000000000713884,6505014,2019-01-26 05:43:24,btc,0.0,11404.0,0.00000020,btc,0.0,0.0,0.0,231
1,[],26,[],2019-01-26 05:43:25,0.0,0.00000004,0.0000000000014277680000000001,6505015,2019-01-26 05:43:25,btc,0.0,0.0,0.00000004,btc,0.0,0.0,0.0,234
0,[],27,[],2019-01-26 05:43:27,0.0,0,0,6505016,2019-01-26 05:43:27,,0.001146299618,0.0,0,"btc,eth",11462.99618,0.0,0.0,234
0,[],22,[],2019-01-25 20:35:43,0.0,0,0,6501978,2019-01-25 20:35:43,,3.07852116,0.0,0,,90316025.08996265,0.0,0.0,235
1,[],4,[],2019-01-26 05:43:28,618658.11980545,0.00000105,0.00000000003747891,6505017,2019-01-26 05:43:28,btc,0.1770190731113574,0.0,0.00000105,btc,137620.72877872,0.02188104,0.138495560327238,236
1,[],24,[],2019-01-26 05:43:28,0.0,0.000000010000,0.00000000000035694200000000004,6505018,2019-01-26 05:43:28,btc,0.0,0.0,0.000000010000,btc,0.0,0.0,0.0,236
1,[],20,[],2019-01-26 05:43:30,34625733.207,0.000000068,0.0000000000024272056,6505019,2019-01-26 05:43:30,btc,14.3477940197039,14536706.4697,0.000000068,btc,25261035.3288,0.9797838466629,1.2423397002459,237
0,[],22,[],2019-01-26 05:43:32,0.0,0,0,6505020,2019-01-26 05:43:32,,0.04083605,0.0,0,,4179.0,0.0,0.0,237
1,[],4,[],2019-01-26 05:43:33,5329381.45356221,0.00000031,0.000000000011065202,6505021,2019-01-26 05:43:33,btc,0.5058579624889216,0.0,0.00000031,btc,1492430.18096447,0.19206631,1.4648662633025875,238
1,[],5,[],2019-01-26 05:43:34,3.96e-06,0.00000032,0.000000000011422144000000001,6505022,2019-01-26 05:43:34,btc,0.67647434,0.03287039,0.00000032,btc,2.906e-05,0.0,0.18426404,238
1,[],22,[],2019-01-26 05:43:38,257457.25,0.00000004,0.0000000000014277680000000001,6505023,2019-01-26 05:43:38,BTC,15.41177932,0.0,0.00000004,BTC,248115.19643307183,0.00115631,0.00829841,249
0.00000000009188810000000001,[],22,[],2019-01-26 05:43:41,2565300.8,4.594405000000001e-18,1.63993610951e-22,6505024,2019-01-26 05:43:41,LTC,0.43661897,0.0,0.00000005,LTC,12803035.29,5.00170819206e-13,0.05186212,252
1,[],28,[],2019-01-26 05:43:43,3107121.392,0.00000008,0.0000000000028555360000000003,6505025,2019-01-26 05:43:43,btc,164692.82775123123,19016.2,0.00000008,btc,1142592.6695,0.0,0.04603724994,256
0,[],27,[],2019-01-26 05:43:45,0.0,0,0,6505026,2019-01-26 05:43:45,,4.96668,0.0,0,"btc,eth",90.59,0.0,0.0,257
1,[],22,[],2019-01-26 05:43:48,49905.0,0.00000006,0.0000000000021416520000000002,6505027,2019-01-26 05:43:48,BTC,35605.68137805,0.0,0.00000006,BTC,715807.3310213444,0.00036497,0.00056762,258
1,[],22,[],2019-01-26 05:43:52,6321.654666666666,0.00000750,0.0000000002677065,6505028,2019-01-26 05:43:52,BTC,4.68656113,0.0,0.00000750,BTC,6062.297238095238,0.0017653,0.03134727,262
1,[],5,[],2019-01-26 05:43:53,5.333e-05,0.00000213,0.000000000076028646,6505029,2019-01-26 05:43:53,btc,34448.29634158,0.38126207,0.00000213,btc,11111.11519994,0.0,0.25595361,264
1,[],20,[],2019-01-26 05:43:55,1780373.7659,0.0000038,0.00000000013563796,6505030,2019-01-26 05:43:55,btc,5.0335020729717,55943.5123,0.0000038,btc,81706.0816,0.2652551717699,0.033705947146,264
1,[],22,[],2019-01-26 05:43:58,165743.0,0.00000003,0.0000000000010708260000000001,6505031,2019-01-26 05:43:58,BTC,6.33564888,0.0,0.00000003,BTC,223918.3801039501,0.00079509,0.00397663,271
0,[],22,[],2019-01-26 05:44:01,0.0,0,0,6505032,2019-01-26 05:44:01,,115.10659377,0.0,0,,11510659368.0,0.0,0.0,272
0.0000000000000057999999999999996,[],28,[],2019-01-26 05:44:03,342858025610.12,5.8e-21,2.0702636e-25,6505033,2019-01-26 05:44:03,doge,4410001.925805787,14848206495.371,0.00000100,doge,133977909751.7134,0.0,5.72841515430127e-10,272
