pairValue,buyBook,exchangeId,sellBook,updated,buyTotal,satoshiPrice,usdPrice,exchangeLogId,created,bestPair,sellTotalBtc,volume,pairPrice,activePairs,sellTotal,volumeBtc,buyTotalBtc,coinId
1,[],3,[],2019-05-08 02:40:00,32373.922639556557,0.01142832000000000049200199470078587182797491550445556640625,0.000000669353273904,7576459,2019-05-08 02:40:00,btc,8.84388696754655,15.3543068419,0.01142832000000000049200199470078587182797491550445556640625,btc,24.949716129293,0.0,0.6088460214889506,1
1,[],4,[],2019-05-08 02:40:01,207733.83920044,0.01131028,0.000000662439706516,7576460,2019-05-08 02:40:01,btc,9.04834648714129,0.0,0.01131028,btc,399.05846618,2.71018809,0.5458556055607021,1
1,[],5,[],2019-05-08 02:40:05,0.0,0,0,7576461,2019-05-08 02:40:05,btc,0.0,0.05250433,0,btc,0.0,0.0,0.0,1
1,[],10,[],2019-05-08 02:40:08,185019.26792642,0.00997295,0.000000584112689615,7576462,2019-05-08 02:40:08,btc,6524.859644126019,1235.56620309,0.00997295,btc,1439.05530571,0.0,4.0048271039324765,1
1,[],12,[],2019-05-08 02:40:10,71.29176179,0.01119000000000000029365399001335390494205057621002197265625,0.0000006553949430000001,7576463,2019-05-08 02:40:10,btc,0.2251405523469,0.0,0.01119000000000000029365399001335390494205057621002197265625,btc,16.31574566,0.1919593818435,0.2783877460145,1
1,[],20,[],2019-05-08 02:40:12,975.4937,0.010710352,0.0000006273021035344001,7576464,2019-05-08 02:40:12,btc,0.0779887833495,0.0279,0.010710352,btc,5.1346,0.0003417546375,0.1768658276678,1
1,[],21,[],2019-05-08 02:40:13,2124.21870048,0.01123444000000000005112799073,0.0000006579977804680001,7576465,2019-05-08 02:40:13,btc,14.682099930543336,6261.14436666,0.01123444000000000005112799073003770899958908557891845703125,"btc,eth",1723.70650462,38.87484519673618,15.521004297814779,1
0,[],22,[],2019-05-08 02:40:16,0.0,0,0,7576466,2019-05-08 02:40:16,,0.3163308,0.0,0,,0.2527518593615956,0.0,0.0,1
1,[],24,[],2019-05-08 02:40:16,0.0,0.000000000000,0,7576467,2019-05-08 02:40:16,btc,0.0,0.0,0.000000000000,btc,0.0,0.0,0.0,1
0.0,[],25,[],2019-05-08 02:40:17,0.0,0,0,7576468,2019-05-08 02:40:17,btc,17.199999999422264,449.06433567,0.0,btc,1499.95851375,5.1623,0.0,1
1,[],26,[],2019-05-08 02:40:20,0.0,0,0,7576469,2019-05-08 02:40:20,,0.0,0.0,0,,0.0,0.0,0.0,1
1,[],28,[],2019-05-08 02:40:22,987.9,0.01131000,0.0000006624233070000001,7576470,2019-05-08 02:40:22,btc,0.160832048,362982.25,0.01131000,btc,8.7307,0.0,0.024551096,1
0,[],2,[],2019-01-20 23:28:45,0.0,0,0,6477011,2019-01-20 23:28:45,,0.0,0.0,0,,0.0,0.0,0.0,1
1,[],5,[],2019-05-08 02:40:24,0.0,0,0,7576471,2019-05-08 02:40:24,btc,0.0,0.0650156,0,btc,0.0,0.0,0.0,2
1,[],22,[],2019-05-08 02:40:28,9148.0,0.00000001,0.000000000000585697,7576472,2019-05-08 02:40:28,BTC,21.00846647,0.0,0.00000001,"BTC,XMR",24148.96059725142,0.0,0.00095635,2
1,[],5,[],2019-05-08 02:40:29,0.0,0,0,7576473,2019-05-08 02:40:29,btc,0.0,0.48671691,0,btc,0.0,0.0,0.0,3
1,[],12,[],2019-05-08 02:40:30,2522204.05650287,0.000000159,0.000000000009312582300000001,7576474,2019-05-08 02:40:30,btc,2714596.613574649,0.0,0.000000159,btc,3868192.738198,0.06016894340316775,0.27976923073667165,3
0,[],28,[],2019-05-08 02:40:32,0.0,0,0,7576475,2019-05-08 02:40:32,,0.0,0.0,0,,0.0,0.0,0.0,3
0,[],2,[],2019-01-20 23:31:32,0.0,0,0,6477077,2019-01-20 23:31:32,,0.0,0.0,0,,0.0,0.0,0.0,4
1,[],4,[],2019-04-26 19:14:12,610911.70993152,0.00000026,0.000000000013566046,7471614,2019-04-26 19:14:12,btc,31.457742656463164,0.0,0.00000026,btc,718733.71307795,0.00142695,0.0638464483338706,4
0,[],12,[],2019-04-25 23:08:22,0.0,0,0,7459310,2019-04-25 23:08:22,btc,1111851.94727753,0.0,0,btc,953412.0,0.0,0.0,5
0,[],2,[],2019-01-20 23:31:51,0.0,0,0,6477087,2019-01-20 23:31:51,,0.0,0.0,0,,0.0,0.0,0.0,6
1,[],11,[],2019-05-08 02:40:35,5064415.307535999,0.00000001,0.000000000000585697,7576476,2019-05-08 02:40:35,btc,9576.542781859494,717767.0,0.00000001,btc,47218201.75253575,0.0,0.05064415307536,6
1,[],3,[],2019-05-08 02:40:35,11070.2110299703,0.00017007000000000000307191772019876907506841234862804412841796875,0.000000009960948879000001,7576477,2019-05-08 02:40:35,btc,19.04436892506651,42.9438395808,0.00017007000000000000307191772019876907506841234862804412841796875,btc,314.713226454214,0.0,0.029214076622611725,7
1,[],4,[],2019-05-08 02:40:36,38871.21967428,0.00018715,0.000000010961319355,7576478,2019-05-08 02:40:36,btc,8.58217776113684,0.0,0.00018715,btc,36645.13271892,4.0976252,3.308561357873985,7
1,[],5,[],2019-05-08 02:40:37,0.0,0,0,7576479,2019-05-08 02:40:37,btc,0.0,0.17047996,0,btc,0.0,0.0,0.0,7
1,[],20,[],2019-04-07 22:06:50,3201475.0482,0.000000001,0.000000000000051590000000000004,7213932,2019-04-07 22:06:50,btc,30.8005781811902,0.0,0.000000001,btc,23077405.3926,0.0,0.0032014750482,8
0,[],2,[],2019-01-20 23:22:42,0.0,0,0,6476876,2019-01-20 23:22:42,,0.0,0.0,0,,0.0,0.0,0.0,9
0,[],23,[],2019-01-20 23:22:48,0.0,0,0,6476878,2019-01-20 23:22:48,,0.0,0.0,0,,0.0,0.0,0.0,9
1,[],4,[],2019-05-08 02:40:38,20107428.61143691,0.00000081,0.000000000047441457,7576480,2019-05-08 02:40:38,btc,4.5923318579981665,0.0,0.00000081,btc,3376944.70925369,0.69451024,0.7448311164110791,9
1,[],28,[],2019-05-08 02:40:40,18055.0,0.00000021,0.000000000012299637000000001,7576481,2019-05-08 02:40:40,btc,2708.774353000864,3541622.0,0.00000021,btc,24560.2792,0.0,0.00186155,9
1,[],1,[],2019-02-17 23:31:42,1822507.21,0.00000181000000000000003456111265232042484285557293333113193511962890625,0.000000000066086901,6701244,2019-02-17 23:31:42,btc,3.6990969245,17153386.5,0.00000181000000000000003456111265232042484285557293333113193511962890625,btc,1997391.71,31.11772986,3.2610482446,9
1,[],4,[],2019-02-17 11:22:43,4341674.27126056,0.00000002,0.0000000000007272960000000001,6696112,2019-02-17 11:22:43,btc,0.1997230937751353,0.0,0.00000002,btc,4109766.79808031,0.00215132,0.0479381022052112,10
0,[],2,[],2019-01-20 23:23:08,0.0,0,0,6476890,2019-01-20 23:23:08,,0.0,0.0,0,,0.0,0.0,0.0,12
1,[],4,[],2019-05-08 02:40:41,9733858.01938213,0.00000074,0.000000000043341578,7576482,2019-05-08 02:40:41,btc,7.188026034986922,0.0,0.00000074,btc,5250110.92263844,1.65791964,2.496228016583027,12
1,[],5,[],2019-05-08 02:40:42,0.0,0,0,7576483,2019-05-08 02:40:42,btc,0.0,0.08338588,0,btc,0.0,0.0,0.0,12
0.0,[],25,[],2019-05-08 02:40:43,0.0,0,0,7576484,2019-05-08 02:40:43,,0.0,0.0,0.0,btc,0.0,0.0,0.0,12
1,[],4,[],2019-05-08 02:33:16,32014172.11439043,0.00000634,0.00000000037070931,7576335,2019-05-08 02:33:16,btc,3.2335790309481083,0.0,0.00000634,btc,359507.71452783,0.40181824,0.9462323127515291,13
1,[],10,[],2019-05-08 02:33:18,534749.62045269,0.00000637,0.000000000372463455,7576336,2019-05-08 02:33:18,btc,666793.5759319619,5984.27791714,0.00000637,btc,742680.38368832,0.0,0.4239999416274714,13
1,[],21,[],2019-05-08 02:33:20,1495162.03771853,0.000006520000000000000255529104820,0.00000000038123418,7576337,2019-05-08 02:33:20,btc,4.194131863576415,831165.61405249,0.000006520000000000000255529104820073627024612505920231342315673828125,btc,566155.24642572,5.47118713,7.36796667345041,13
1,[],4,[],2019-05-08 02:40:45,1141333.68112902,0.00000091,0.000000000053298427,7576485,2019-05-08 02:40:45,btc,5.504010714689081,0.0,0.00000091,btc,1173937.09591532,0.00345994,0.2482881216503442,14
1,[],12,[],2019-05-08 02:40:46,254847.97521854,0.00000083,0.000000000048612851000000005,7576486,2019-05-08 02:40:46,btc,0.1182001493401338,0.0,0.00000083,btc,14480.86895597,1.00899100899e-05,0.0283862399999641,14
1,[],26,[],2019-05-08 02:40:46,0.0,0.00000050,0.00000000002928485,7576487,2019-05-08 02:40:46,btc,0.0,0.0,0.00000050,btc,0.0,0.0,0.0,14
0,[],17,[],2019-05-03 00:53:32,0.0,0,0,7558876,2019-05-03 00:53:32,btc,0.0,0.0,0,btc,0.0,0.0,0.0,14
0,[],4,[],2019-05-08 02:40:48,0.0,0,0,7576488,2019-05-08 02:40:48,,0.0,0.0,0,,0.0,0.0,0.0,15
,[],12,[],2018-12-01 15:15:48,204241.84496,0.00000489,0.000000000202473384,5260204,2018-12-01 15:15:48,btc,49.5475654835,0.0,,btc,35763.2193806,0.0163153972027625,0.0203389899998,15
0,[],2,[],2019-01-20 23:23:38,0.0,0,0,6476906,2019-01-20 23:23:38,,0.0,0.0,0,,0.0,0.0,0.0,18
1,[],4,[],2019-05-08 02:25:30,32070.88229646,0.00001258,0.0000000007359425800000001,7576187,2019-05-08 02:25:30,btc,1.1076332024336888,0.0,0.00001258,btc,14086.37468252,0.02374171,0.1117740753430625,18
1,[],10,[],2019-05-08 02:25:32,169367.82461609,0.00001374,0.0000000008038037400000001,7576188,2019-05-08 02:25:32,btc,15.878675683600127,3500.37615386,0.00001374,btc,33515.03117907,0.0,0.5168891510229369,18
1,[],12,[],2019-05-08 02:25:33,221172.87077164,0.0000132300000000000003859933206395993465775973163545131683349609375,0.00000000077396823,7576189,2019-05-08 02:25:33,btc,33215.31955784998,0.0,0.0000132300000000000003859933206395993465775973163545131683349609375,btc,1186.00896527,0.0013918285550321,0.0145563441401908,18
0,[],17,[],2019-05-03 00:53:39,0.0,0,0,7558882,2019-05-03 00:53:39,btc,0.0,0.0,0,btc,0.0,0.0,0.0,18
0,[],2,[],2019-01-20 23:24:19,0.0,0,0,6476924,2019-01-20 23:24:19,,0.0,0.0,0,,0.0,0.0,0.0,19
1,[],3,[],2019-05-08 02:40:50,152854.47971223333,0.000011009999999999999618243741450474004750503809191286563873291015625,0.000000000644852397,7576489,2019-05-08 02:40:50,btc,0.26464499474572617,877.51601513,0.000011009999999999999618243741450474004750503809191286563873291015625,btc,7252.566877867577,0.0,0.0412705748146094,19
1,[],4,[],2019-05-08 02:40:50,408556.6475732,0.00001310,0.00000000076726307,7576490,2019-05-08 02:40:50,btc,3.6328497036979495,0.0,0.00001310,btc,122110.44608255,0.79105826,0.849561547977466,19
1,[],5,[],2019-05-08 02:40:52,0.0,0,0,7576491,2019-05-08 02:40:52,btc,0.0,0.00082205,0,btc,0.0,0.0,0.0,19
1,[],12,[],2019-05-08 02:40:53,191890.75536214,0.000015059999999999999805550508769069750769631355069577693939208984375,0.0000000008820596820000001,7576492,2019-05-08 02:40:53,btc,0.2816195647094515,0.0,0.000015059999999999999805550508769069750769631355069577693939208984375,btc,2599.44046912,0.0069008554557162,0.0887182953407203,19
0,[],27,[],2019-05-08 02:41:11,0.0,0,0,7576493,2019-05-08 02:41:11,,0.0,0.0,0,btc,0.0,0.0,0.0,19
1,[],4,[],2019-05-08 02:33:37,1889069.11944487,0.00000011,0.000000000006431865,7576347,2019-05-08 02:33:37,btc,5.280175126319464,0.0,0.00000011,btc,2275880.8131896,0.00032894,0.0662675897814302,20
1,[],4,[],2019-05-08 02:41:12,75300989.78118359,0.00000001,0.000000000000585697,7576494,2019-05-08 02:41:12,btc,39314.5864462735,0.0,0.00000001,btc,55078957.98986641,0.00740364,0.7530098978118358,21
1,[],12,[],2019-05-08 02:41:13,3839997.0,0.00000001,0.000000000000585697,7576495,2019-05-08 02:41:13,btc,2895.662070440849,0.0,0.00000001,btc,7239497.29970026,0.000195024975025,0.03839997,21
0,[],17,[],2019-05-03 00:53:51,0.0,0,0,7558891,2019-05-03 00:53:51,btc,0.0,0.0,0,btc,0.0,0.0,0.0,21
1,[],12,[],2019-05-08 02:41:15,8286746410.808,0.0000000005,0.000000000000029284850000000006,7576496,2019-05-08 02:41:15,btc,311119401330.6468,0.0,0.0000000005,btc,2897119252.622782,0.2795231772136434,1.980197288204,23
0.0000000002881882,[],27,[],2019-05-08 02:41:25,5890161.0,5.763764e-18,3.3758192835080003e-22,7576497,2019-05-08 02:41:25,eth,10182.629540686012,492772007.65999997,0.00000002,eth,4620346.3444,2.84022155703623e-09,1.8583732502422e-11,23
1,[],4,[],2019-05-08 02:33:46,778304.79999192,0.00000031,0.000000000018126165,7576352,2019-05-08 02:33:46,btc,13.970382644290654,0.0,0.00000031,btc,2175166.74189179,0.01587662,0.0806151805179955,24
1,[],22,[],2019-05-08 02:33:49,1021.76,0.00000100,0.00000000005847149999999999,7576353,2019-05-08 02:33:49,BTC,7.415e-05,0.0,0.00000100,BTC,23.919354838709676,0.0,0.00011186,24
0.0,[],25,[],2019-05-08 02:33:50,0.0,0,0,7576354,2019-05-08 02:33:50,,0.0,0.0,0.0,btc,0.0,0.0,0.0,24
1,[],4,[],2019-05-08 02:33:51,26967297.87137571,0.00000571,0.00000000033387226499999996,7576355,2019-05-08 02:33:51,btc,13.879458994490896,0.0,0.00000571,btc,315981.22291403,0.12956068,0.6003996807531531,26
1,[],10,[],2019-05-08 02:33:53,117672.16877763,0.00000852,0.00000000049817718,7576356,2019-05-08 02:33:53,btc,25.641426576107587,2170.88818698,0.00000852,btc,19798.01927609,0.0,0.0686104792516006,26
0,[],2,[],2019-01-20 23:25:56,0.0,0,0,6476976,2019-01-20 23:25:56,,0.0,0.0,0,,0.0,0.0,0.0,26
1,[],11,[],2019-04-30 04:16:17,7094566.83690364,0.00000006,0.000000000003115554,7518027,2019-04-30 04:16:17,btc,67504.138725751,6116.07566417,0.00000006,btc,6591680.7351637,0.0,0.38529422037817224,27
1,[],5,[],2019-04-26 09:47:06,0.0,0,0,7465326,2019-04-26 09:47:06,btc,0.0,0.0,0,btc,0.0,0.0,0.0,27
1,[],3,[],2019-04-28 02:38:55,141621.60361514,0.00000001,0.0000000000005253330000000001,7491060,2019-04-28 02:38:55,btc,2.501704004580372,921815.184511,0.00000001,btc,21091882.2176418,0.0,0.0014162160361513999,27
1,[],4,[],2019-05-08 02:41:26,1547028388.4899154,0.00000001,0.000000000000585697,7576498,2019-05-08 02:41:26,btc,5.035386794703339,0.0,0.00000001,"btc,ltc",277367217.6744893,0.69947285,9.810465962050365,29
1,[],7,[],2019-05-08 02:41:28,106858448.2164338,0.00000001,0.000000000000585697,7576499,2019-05-08 02:41:28,btc,46550610.68752912,12928223.4608,0.00000001,btc,42684335.40717261,0.25856447,1.068584482164338,29
0,[],17,[],2019-05-03 01:11:25,0.0,0,0,7559066,2019-05-03 01:11:25,btc,0.0,0.0,0,btc,0.0,0.0,0.0,30
1,[],4,[],2019-05-08 02:41:28,1593755.6680723,0.00000012,0.0000000000070283640000000004,7576500,2019-05-08 02:41:28,btc,3.9386202842111477,0.0,0.00000012,btc,2178718.52132353,0.01573883,0.0454520213646502,30
1,[],4,[],2019-05-08 02:41:31,178659.87380341,0.00006093,0.000000003568651821,7576501,2019-05-08 02:41:31,btc,6.494225046025538,0.0,0.00006093,btc,63281.4343101,1.0349543,0.7382204361609275,31
1,[],21,[],2019-05-08 02:41:32,86795.16687402,0.00006163000000000000454854903742,0.0000000036096506110000004,7576502,2019-05-08 02:41:32,btc,4.596326506646548,246314.38424965,0.000061630000000000004548549037419746809973730705678462982177734375,btc,66094.35454632,15.30556977,4.965612326353771,31
0,[],2,[],2019-01-20 23:28:43,0.0,0,0,6477009,2019-01-20 23:28:43,,0.0,0.0,0,,0.0,0.0,0.0,32
1,[],12,[],2019-03-30 07:55:10,40641173.964,0.00000003,0.000000000001228359,7108785,2019-03-30 07:55:10,btc,4233210.82356125,0.0,0.00000003,btc,28378394.68333462,0.0126927883965248,0.90752895892,33
0,[],4,[],2019-05-08 02:41:33,0.0,0,0,7576503,2019-05-08 02:41:33,,0.0,0.0,0,,0.0,0.0,0.0,33
0,[],4,[],2019-05-08 02:41:34,0.0,0,0,7576504,2019-05-08 02:41:34,,3.9085057623874766,0.0,0,,153380491.01291487,0.0,0.0,34
1,[],5,[],2019-05-08 02:41:36,0.0,0,0,7576505,2019-05-08 02:41:36,btc,0.0,0.01756514,0,btc,0.0,0.0,0.0,34
0.000000000133684,[],4,[],2019-05-02 18:17:45,3384239970.6360936,1.3368400000000002e-18,7.293946092400001e-23,7556428,2019-05-02 18:17:45,ltc,5.381102735485169e-08,0.0,0.00000001,ltc,6862894551.7408495,0.0,4.524187362345155e-09,36
1,[],5,[],2019-05-02 18:17:46,0.0,0,0,7556429,2019-05-02 18:17:46,btc,0.0,0.0,0,btc,0.0,0.0,0.0,36
0.0000000002926451,[],17,[],2019-05-02 18:17:47,200000.0,2.9264510000000002e-18,1.596703856561e-22,7556430,2019-05-02 18:17:47,eth,0.20942468735267253,0.0,0.00000001,"btc,eth",1018272.20243647,0.0,5.852902e-13,36
0.000000000133684,[],27,[],2019-05-02 18:17:55,7883196.008,1.3368400000000002e-18,7.293946092400001e-23,7556431,2019-05-02 18:17:55,ltc,25567.4086131264,0.0,0.00000001,"ltc,eth",21753551.64,0.0,1.0538571751334722e-11,36
1,[],17,[],2019-05-03 01:11:36,211752.74075282,0.00000025,0.000000000013700074999999998,7559074,2019-05-03 01:11:36,btc,0.055484923955058496,0.0,0.00000025,"btc,eth",1387.19918473,0.0,0.0005381851887916605,37
1,[],4,[],2019-05-08 02:41:38,465068.6633228,0.00000025,0.000000000014642425,7576506,2019-05-08 02:41:38,btc,19772.892141374126,0.0,0.00000025,btc,994570.90586836,0.01340896,0.0699171392133356,37
1,[],12,[],2019-05-08 02:41:39,1092901.85026754,0.00000025,0.000000000014642425,7576507,2019-05-08 02:41:39,btc,61604.976850021805,0.0,0.00000025,btc,589871.13574247,0.032454526222073,0.1139165435794961,37
1,[],27,[],2019-05-08 02:41:45,1600.0,0.00000015,0.000000000008785455000000001,7576508,2019-05-08 02:41:45,btc,24.12824334291843,0.0,0.00000015,btc,5839.49448498,0.0,3e-05,37
1,[],5,[],2019-05-08 02:41:46,0.0,0,0,7576509,2019-05-08 02:41:46,btc,0.0,0.1282634,0,btc,0.0,0.0,0.0,42
1,[],12,[],2019-05-08 02:41:47,366452.0606874,0.000001709999999999999933207183062944256590753866476006805896759033203125,0.000000000100154187,7576510,2019-05-08 02:41:47,btc,1222251.009172137,0.0,0.000001709999999999999933207183062944256590753866476006805896759033203125,btc,46576.41104088,0.3881209551214936,0.0763434189998599,42
1,[],27,[],2019-05-08 02:41:55,3256.0,0.00000015,0.000000000008785455000000001,7576511,2019-05-08 02:41:55,btc,1.8179904929696,0.0,0.00000015,"btc,eth",2428.82344975,0.0,0.0002475000005955697,42
1,[],12,[],2019-03-13 09:13:29,1112112.0,0.00000001,0.000000000000386531,6919902,2019-03-13 09:13:29,btc,29058.00478931866,0.0,0.00000001,btc,5967681.93306694,9.99000999e-07,0.01112112,43
1,[],5,[],2019-04-26 22:38:52,0.0,0,0,7474154,2019-04-26 22:38:52,btc,0.0,0.02638891,0,btc,0.0,0.0,0.0,43
0,[],17,[],2019-04-26 22:38:53,0.0,0,0,7474155,2019-04-26 22:38:53,btc,0.0,0.0,0,btc,0.0,0.0,0.0,43
1,[],12,[],2019-03-05 01:54:08,639326.02,0.00000004,0.000000000001486676,6845775,2019-03-05 01:54:08,btc,11116042.728239931,0.0,0.00000004,btc,1103841.4595604,0.0003330765234764,0.014975410599999999,44
1,[],4,[],2019-05-08 02:41:56,132618120.28332849,0.00000001,0.000000000000585697,7576512,2019-05-08 02:41:56,btc,436.78341820551464,0.0,0.00000001,"btc,ltc",23104644.59584506,0.00190427,0.2982144773800439,49
0.0000000001263361,[],4,[],2019-05-08 02:41:58,74425594.26074694,7.8328382e-17,4.5876698352254e-21,7576513,2019-05-08 02:41:58,ltc,21614.64109216471,0.0,0.00000062,ltc,97474337.29269224,0.04123626,1.6980496597112818e-09,52
0,[],22,[],2019-05-08 02:34:29,0.0,0,0,7576373,2019-05-08 02:34:29,,10304.87709543,0.0,0,,310505736.4566013,0.0,0.0,57
0.0000000002879263,[],27,[],2019-05-08 02:34:36,10000.0,2.879263e-18,1.6835482650449999e-22,7576374,2019-05-08 02:34:36,eth,0.0,0.0,0.00000001,"btc,eth",0.0,0.0,2.879263e-14,57
0.0000000001265123,[],4,[],2019-05-08 02:34:38,1137495462.4045448,1.265123e-18,7.39736394945e-23,7576375,2019-05-08 02:34:38,ltc,19.111262871933626,0.0,0.00000001,ltc,5679709113.001969,0.0,1.4390716718836247e-09,58
1,[],12,[],2019-05-08 02:34:39,1569877994.0,0.0000000001,0.00000000000000584715,7576376,2019-05-08 02:34:39,btc,11897178.368655747,0.0,0.0000000001,btc,4319625305.783216,0.000807353012287716,0.15698779940000002,58
0.0000000001114313,[],22,[],2019-05-08 02:34:42,137438.0,1.114313e-18,6.51555525795e-23,7576377,2019-05-08 02:34:42,XMR,69.17854956,0.0,0.00000001,XMR,9877516.6,1.16405593232e-13,0.00137438,58
1,[],17,[],2019-05-03 01:12:09,1200000.0,0.0000000001,0.00000000000000548003,7559085,2019-05-03 01:12:09,btc,1e+24,0.0,0.0000000001,"btc,eth",39516342.31952568,0.0,0.00010000000058666061,58
1,[],5,[],2019-05-08 02:34:44,0.0,0,0,7576378,2019-05-08 02:34:44,btc,0.0,0.03074657,0,btc,0.0,0.0,0.0,61
1,[],22,[],2019-05-08 02:34:47,13613.833333333334,0.00000012,0.0000000000070165799999999996,7576379,2019-05-08 02:34:47,BTC,1002.29626883,0.0,0.00000012,BTC,15392.180177125656,0.0,0.00153269,61
1,[],26,[],2019-05-08 02:34:47,0.0,0.00000100,0.00000000005847149999999999,7576380,2019-05-08 02:34:47,btc,0.0,0.0,0.00000100,btc,0.0,0.0,0.0,61
0.0000000002879263,[],27,[],2019-05-08 02:34:55,100000.0,2.879263e-18,1.6835482650449999e-22,7576381,2019-05-08 02:34:55,eth,1.9482732497246655,0.0,0.00000001,"btc,eth",13266.51663696,0.0,2.879263e-13,61
1,[],28,[],2019-05-08 02:35:39,1039.304,0.00000008,0.00000000000467772,7576382,2019-05-08 02:35:39,btc,2.056501795415105,726.0,0.00000008,btc,10022.46650005,0.0,2.439304e-05,61
1,[],4,[],2019-05-08 02:35:40,1274566.69488793,0.00000105,0.000000000061395075,7576383,2019-05-08 02:35:40,btc,1.1005396479913736,0.0,0.00000105,btc,444586.25001212,0.0268378,0.853642351488684,67
0.0,[],25,[],2019-05-08 02:35:42,0.0,0,0,7576384,2019-05-08 02:35:42,,0.0,0.0,0.0,btc,0.0,0.0,0.0,67
1,[],12,[],2019-05-08 02:35:43,735523.33333333,0.00000016,0.00000000000935544,7576385,2019-05-08 02:35:43,btc,55556348.252461724,0.0,0.00000016,btc,1496155.9410833,0.006957246103896,0.0243660299999996,71
,[],5,[],2018-11-20 23:02:39,1.5e-07,0.00000005,0.000000000002128045,4862160,2018-11-20 23:02:39,btc,2.84511358,0.0,,btc,0.00036572,0.0,0.07381892,74
1,[],5,[],2019-05-08 02:35:44,0.0,0,0,7576386,2019-05-08 02:35:44,btc,0.0,0.02596588,0,btc,0.0,0.0,0.0,75
0,[],4,[],2019-05-08 02:35:46,0.0,0,0,7576387,2019-05-08 02:35:46,,133703.4206350529,0.0,0,,35139929.46753003,0.0,0.0,81
0,[],20,[],2019-01-25 09:30:31,0.0,0,0,6495923,2019-01-25 09:30:31,btc,0.0,0.0,0,btc,0.0,0.0,0.0,81
1,[],4,[],2019-05-08 02:35:48,30905.01448595,0.00006798,0.00000000397489257,7576388,2019-05-08 02:35:48,btc,18.769287340028967,0.0,0.00006798,btc,27409.35988073,0.27862203,0.5907399790307618,82
1,[],21,[],2019-05-08 02:35:48,332133.43890268,0.00006503000000000000587700027532,0.000000003802401645,7576389,2019-05-08 02:35:48,btc,3.809937062958223,10006.9462776,0.000065030000000000005877000275322785682874382473528385162353515625,btc,51074.94061258,0.67467868,1.9887469560961286,82
0,[],17,[],2019-03-25 22:42:34,0.0,0,0,7038780,2019-03-25 22:42:34,btc,0.0445064681804024,0.0,0,btc,995513.18476001,0.0,0.0,84
0.00000000013644,[],4,[],2019-05-01 19:17:39,299701867.376,1.3644e-18,7.259508504e-23,7542161,2019-05-01 19:17:39,ltc,1.6769037726995486,0.0,0.00000001,ltc,427823536.87452894,0.00010978,4.089132278478144e-10,85
,[],22,[],2018-11-20 23:09:34,3408.1,0.0000001,0.0000000000041895,4862324,2018-11-20 23:09:34,BTC,0.04624735,0.0,,BTC,4990.0,0.0,0.00033081,86
1,[],22,[],2019-05-08 02:35:52,89999.0,0.00000001,0.000000000000584715,7576390,2019-05-08 02:35:52,BTC,3.66432991,0.0,0.00000001,BTC,332904.29736842104,0.0,0.00089999,87
1,[],27,[],2019-05-08 02:35:59,10674.0,0.00000001,0.000000000000584715,7576391,2019-05-08 02:35:59,btc,4.960707720736,0.0,0.00000001,btc,10175.62841,0.0,0.00010674,87
,[],2,[],2018-11-20 23:10:47,0.0,0,0,4862359,2018-11-20 23:10:47,,0.0,0.0,,,0.0,0.0,0.0,88
1,[],11,[],2019-05-08 02:36:00,79641.71029399,0.00013002000000000000536071187440256835543550550937652587890625,0.00000000760246443,7576392,2019-05-08 02:36:00,btc,170.63325229460256,39.53470524,0.00013002000000000000536071187440256835543550550937652587890625,btc,170106.61313991,0.0,4.473970492260423,89
0,[],2,[],2019-01-20 23:31:45,0.0,0,0,6477083,2019-01-20 23:31:45,,0.0,0.0,0,,0.0,0.0,0.0,91
1,[],12,[],2019-05-08 02:36:04,386129.40556397,0.00000065,0.000000000038006475,7576393,2019-05-08 02:36:04,btc,73.20110573802265,0.0,0.00000065,btc,150573.40672814,0.0025982820955282,0.0396687711999632,91
1,[],22,[],2019-05-08 02:36:08,76014.0,0.0000008,0.0000000000467772,7576394,2019-05-08 02:36:08,BTC,0.1,0.0,0.0000008,"BTC,LTC",1.0,0.0,0.0017135,91
0,[],17,[],2019-05-03 01:12:26,0.0,0,0,7559096,2019-05-03 01:12:26,btc,0.0,0.0,0,btc,0.0,0.0,0.0,91
1,[],22,[],2019-04-09 20:17:52,374949.73333333334,0.00000015,0.000000000007771935,7235704,2019-04-09 20:17:52,BTC,6.87372503,0.0,0.00000015,"BTC,LTC",159980.01196797504,1.1e-05,0.80510266,95
0.0000000001265123,[],4,[],2019-05-08 02:36:09,553123341.095867,8.855861e-17,5.178154764615e-21,7576395,2019-05-08 02:36:09,ltc,11.263486201838388,0.0,0.0000007,ltc,126291382.72440238,0.07630521,1.8458505300795227e-09,96
0,[],12,[],2019-05-08 02:36:10,0.0,0,0,7576396,2019-05-08 02:36:10,btc,25054.263518130076,0.0,0,btc,6821705.82664734,0.0,0.0,96
0,[],17,[],2019-05-03 01:12:32,0.0,0,0,7559100,2019-05-03 01:12:32,btc,0.0,0.0,0,btc,0.0,0.0,0.0,96
1,[],4,[],2019-04-14 03:32:46,1039404.33283278,0.00000038,0.000000000019245518,7293458,2019-04-14 03:32:46,btc,4.170086055365747,0.0,0.00000038,btc,3097704.34561074,0.06260606,0.1859928211030784,99
1,[],4,[],2019-05-08 02:36:12,354209.18774285,0.00003317,0.000000001939499655,7576397,2019-05-08 02:36:12,btc,6.695434185300081,0.0,0.00003317,btc,116109.20966532,0.35062708,0.4009220877463758,100
0,[],2,[],2019-01-20 23:23:55,0.0,0,0,6476914,2019-01-20 23:23:55,,0.0,0.0,0,,0.0,0.0,0.0,100
1,[],22,[],2019-05-08 02:42:01,130000.0,0.00000001,0.000000000000585697,7576514,2019-05-08 02:42:01,BTC,24.83526409,0.0,0.00000001,BTC,11187.719,0.0,0.0013,101
1,[],4,[],2019-05-08 02:27:53,547812.4161507,0.00000603,0.00000000035276103,7576247,2019-05-08 02:27:53,btc,249.9924579147834,0.0,0.00000603,btc,337217.18005762,3.96799818,0.398169877774085,103
1,[],12,[],2019-05-08 02:36:18,115906370.51292,0.000000005,0.0000000000002923575,7576399,2019-05-08 02:36:18,btc,468525135.5848875,0.0,0.000000005,btc,108222842.3394105,0.00488511804695316,0.24061564671276,105
1,[],27,[],2019-05-08 02:36:28,11976.0,0.00000001,0.000000000000584715,7576400,2019-05-08 02:36:28,btc,0.0689357688051137,0.0,0.00000001,btc,864584.59450753,0.0,0.00011976,105
1,[],22,[],2019-04-21 00:17:26,21333.0,0.00000001,0.000000000000532493,7385819,2019-04-21 00:17:26,BTC,51.38182867,0.0,0.00000001,BTC,470435.0,0.0,0.00021333,107
1,[],26,[],2019-04-21 00:17:26,0.0,0.00000000,0,7385820,2019-04-21 00:17:26,btc,0.0,0.0,0.00000000,btc,0.0,0.0,0.0,107
1,[],5,[],2019-05-08 02:36:30,0.0,0,0,7576401,2019-05-08 02:36:30,btc,0.0,0.0,0,btc,0.0,0.0,0.0,112
0,[],22,[],2019-05-08 02:36:32,0.0,0,0,7576402,2019-05-08 02:36:32,,2.79003697,0.0,0,,1380942.0833333333,0.0,0.0,112
1,[],27,[],2019-05-08 02:36:41,1.0,0.00000001,0.000000000000584715,7576403,2019-05-08 02:36:41,btc,1.25032588,0.0,0.00000001,"btc,eth",1819.0,0.0,1e-08,112
1,[],4,[],2019-05-08 02:36:42,358829.67979711,0.00000161,0.000000000094139115,7576404,2019-05-08 02:36:42,btc,4.783754247251305,0.0,0.00000161,btc,520729.15367377,0.04973985,0.2369467809218396,113
1,[],5,[],2019-05-08 02:36:43,0.0,0,0,7576405,2019-05-08 02:36:43,btc,0.0,0.0,0,btc,0.0,0.0,0.0,113
1,[],17,[],2019-04-26 02:17:47,162738.278,0.00000004,0.0000000000021069000000000002,7461287,2019-04-26 02:17:47,btc,1.3331140273775473,0.0,0.00000004,btc,51796.221,0.0,0.00230953112,116
0,[],27,[],2019-04-26 02:19:51,0.0,0,0,7461288,2019-04-26 02:19:51,,0.0,0.0,0,,0.0,0.0,0.0,116
1,[],4,[],2019-05-07 20:09:28,131822.85721655,0.00001022,0.00000000060230548,7572994,2019-05-07 20:09:28,btc,132.18460413545117,0.0,0.00001022,btc,268070.13193351,0.06918336,1.0489745103085106,120
1,[],7,[],2019-05-07 20:09:30,9501.79941055,0.000011699999999999999788190263583231853772304020822048187255859375,0.0000000006895277999999999,7572995,2019-05-07 20:09:30,btc,231185.88817567716,62.23644451,0.000011699999999999999788190263583231853772304020822048187255859375,btc,4076.97424313,0.00072692,0.018013380795019,120
1,[],20,[],2019-04-07 18:42:29,1914137.0852,0.000000035,0.0000000000017871910000000002,7211992,2019-04-07 18:42:29,btc,32.2497668025648,25528.85,0.000000035,btc,1001975.4986,0.00089350975,0.0152723574729,125
1,[],22,[],2019-05-08 02:36:46,110000.0,0.00000001,0.000000000000584715,7576406,2019-05-08 02:36:46,BTC,0.032061,0.0,0.00000001,BTC,299316.7611111111,0.0,0.0011,126
0,[],2,[],2019-01-20 23:25:46,0.0,0,0,6476969,2019-01-20 23:25:46,,0.0,0.0,0,,0.0,0.0,0.0,131
1,[],4,[],2019-05-08 02:42:02,1859618.5798313,0.00000958,0.000000000561097726,7576515,2019-05-08 02:42:02,btc,3.708368942798133,0.0,0.00000958,btc,167697.04646064,0.07956396,0.4972645942394201,131
1,[],17,[],2019-05-03 01:13:10,10000.0,0.00000001,0.000000000000548003,7559115,2019-05-03 01:13:10,btc,0.0953976503951408,0.0,0.00000001,btc,5037.62507334,0.0,0.0001,131
1,[],4,[],2019-05-08 02:36:47,4709.55685075,0.00012819,0.000000007495461585,7576407,2019-05-08 02:36:47,btc,6.011520554264437,0.0,0.00012819,btc,191.61415747,0.0,0.0079468379584711,135
1,[],3,[],2019-05-08 02:36:48,530498.0,0.00000001,0.000000000000584715,7576408,2019-05-08 02:36:48,btc,0.1029057631805504,129896.5,0.00000001,btc,1124104.34967245,0.0,0.00530498,136
1,[],4,[],2019-05-08 02:36:48,3488094.83041747,0.00000213,0.000000000124544295,7576409,2019-05-08 02:36:48,btc,319.57260363984824,0.0,0.00000213,btc,512529.51394479,0.10182303,0.7501284974073673,137
1,[],12,[],2019-05-08 02:36:50,331318.89681307,0.00000206000000000000018206681821897330308956952649168670177459716796875,0.00000000012045129000000002,7576410,2019-05-08 02:36:50,btc,48520.51744275961,0.0,0.00000206000000000000018206681821897330308956952649168670177459716796875,btc,43308.24229997,0.0015537265834079,0.0375385899999278,137
1,[],4,[],2019-05-08 02:36:50,49085.36798297,0.00003430,0.00000000200557245,7576411,2019-05-08 02:36:50,btc,5.110863470455444,0.0,0.00003430,btc,69569.04778072,0.41025749,0.1491410191114509,142
1,[],5,[],2019-05-08 02:36:52,0.0,0,0,7576412,2019-05-08 02:36:52,btc,0.0,0.0778861,0,btc,0.0,0.0,0.0,142
1,[],20,[],2019-05-08 02:36:54,167397.6553,0.00003401,0.0000000019886157149999997,7576413,2019-05-08 02:36:54,btc,1.7086003245498,0.0,0.00003401,btc,8215.5399,0.0,0.059830778549,142
1,[],22,[],2019-05-08 02:36:56,1370.0,0.00000200,0.00000000011694299999999999,7576414,2019-05-08 02:36:56,BTC,3.2756588,0.0,0.00000200,BTC,1135.5948275773155,0.0,0.0003632,142
0.0,[],25,[],2019-05-08 02:36:58,0.0,0,0,7576415,2019-05-08 02:36:58,,0.0,0.0,0.0,btc,0.0,0.0,0.0,142
1,[],28,[],2019-05-08 02:37:28,79102.0,0.00003311,0.000000001935991365,7576416,2019-05-08 02:37:28,btc,0.0632226924,231305.2875,0.00003311,btc,611.87303,0.0,0.07347342,142
1,[],17,[],2019-05-03 01:13:16,32967.38636364,0.00000088,0.000000000048224264,7559122,2019-05-03 01:13:16,btc,20.06976206696776,0.0,0.00000088,btc,2746.079105,0.0,0.0105613000000032,142
0,[],22,[],2019-05-08 02:37:30,0.0,0,0,7576417,2019-05-08 02:37:30,,66.66505393,0.0,0,,938775805.8,0.0,0.0,143
0,[],22,[],2019-02-25 15:42:22,0.0,0,0,6783783,2019-02-25 15:42:22,,4.2131946,0.0,0,,2322156.0,0.0,0.0,146
,[],22,[],2018-11-20 23:01:11,0.0,0,0,4862114,2018-11-20 23:01:11,,2.56807021,0.0,,,61828.4988236,0.0,0.0,147
1,[],12,[],2019-04-21 06:38:04,193091.5971266,0.00000071,0.000000000037635183,7388679,2019-04-21 06:38:04,btc,2.301232411611175,0.0,0.00000071,btc,9957.48302385,0.00023528,0.0313308199999888,148
1,[],4,[],2019-03-19 21:31:25,255810.0415942,0.00000029,0.000000000011615747,6982695,2019-03-19 21:31:25,btc,218.94922712414143,0.0,0.00000029,btc,793529.37642722,0.00117,0.0608347789473395,152
0,[],22,[],2019-03-19 21:31:27,0.0,0,0,6982696,2019-03-19 21:31:27,,0.0,0.0,0,,0.0,0.0,0.0,152
1,[],5,[],2019-04-26 09:36:59,0.0,0,0,7465040,2019-04-26 09:36:59,btc,0.0,0.0,0,btc,0.0,0.0,0.0,153
,[],16,[],2019-01-11 15:38:59,0.0,0,0,6366141,2019-01-11 15:38:59,btc,0.0,0.0,,btc,0.0,0.0,0.0,155
0,[],22,[],2019-05-08 02:37:34,0.0,0,0,7576418,2019-05-08 02:37:34,,6.80191271,0.0,0,,4673448.342592592,0.0,0.0,156
0,[],23,[],2019-01-20 23:24:29,0.0,0,0,6476932,2019-01-20 23:24:29,,0.0,0.0,0,,0.0,0.0,0.0,156
1,[],22,[],2019-05-08 02:37:37,7066.0,0.00000800,0.0000000004677719999999999,7576419,2019-05-08 02:37:37,BTC,1.79802465,0.0,0.00000800,BTC,802.6461988741639,0.0,0.00062996,157
0,[],22,[],2019-05-07 22:25:46,0.0,0,0,7574238,2019-05-07 22:25:46,,50234.60468402,0.0,0,,54786159.03179465,0.0,0.0,158
,[],17,[],2018-11-20 22:56:10,0.0,0,0,4861976,2018-11-20 22:56:10,btc,1.1265625,0.0,,btc,1000.0,0.0,0.0,159
,[],20,[],2018-11-20 22:56:12,0.0,0,0,4861977,2018-11-20 22:56:12,btc,11912.7940471,0.0,,btc,34413894.3617,0.0,0.0,159
1,[],12,[],2019-05-08 02:37:38,263198.40235586,0.000003719999999999999958717918080441933170732227154076099395751953125,0.00000000021751397999999998,7576420,2019-05-08 02:37:38,btc,13.563118412453575,0.0,0.000003719999999999999958717918080441933170732227154076099395751953125,btc,11473.94438736,0.0044741876328583,0.0477878292629702,168
1,[],17,[],2019-05-03 01:13:36,42852.0,0.00000002,0.000000000001096006,7559132,2019-05-03 01:13:36,btc,0.04279856251542,0.0,0.00000002,btc,274.46171372,0.0,0.00052852,168
1,[],22,[],2019-05-07 03:57:18,743122.0,0.00000001,0.000000000000593596,7562020,2019-05-07 03:57:18,BTC,41.40912107,0.0,0.00000001,BTC,1593401.2737547632,0.00342649,0.00743122,169
1,[],22,[],2019-05-08 02:37:42,193990.0,0.00000002,0.00000000000116943,7576421,2019-05-08 02:37:42,BTC,30.18907168,0.0,0.00000002,BTC,442417.35474695155,8.48e-06,0.0019408,171
1,[],22,[],2019-05-08 02:37:46,195000.0,0.0000001,0.00000000000584715,7576422,2019-05-08 02:37:46,BTC,22.16509548,0.0,0.0000001,"BTC,LTC",655710.8764972081,0.00151561,0.008886,173
1,[],5,[],2019-05-06 19:49:32,0.0,0,0,7559281,2019-05-06 19:49:32,btc,0.0,0.00023336,0,btc,0.0,0.0,0.0,175
1,[],22,[],2019-05-08 02:37:49,90671.0,0.00000001,0.000000000000584715,7576423,2019-05-08 02:37:49,BTC,394.0276142,0.0,0.00000001,BTC,136275.61833431243,3.68e-05,0.00090671,176
1,[],7,[],2019-05-08 02:37:51,0.0,0,0,7576424,2019-05-08 02:37:51,btc,520269.7650962537,999.000999,0,btc,18977820.08196943,9.99e-06,0.0,178
0,[],22,[],2019-05-08 02:37:53,0.0,0,0,7576425,2019-05-08 02:37:53,,1.00242428,0.0,0,,57512.0,0.0,0.0,178
0,[],2,[],2019-01-20 23:28:34,0.0,0,0,6477001,2019-01-20 23:28:34,,0.0,0.0,0,,0.0,0.0,0.0,178
1,[],5,[],2019-05-08 02:37:55,0.0,0,0,7576426,2019-05-08 02:37:55,btc,0.0,0.12509815,0,btc,0.0,0.0,0.0,179
1,[],22,[],2019-05-08 02:37:58,3038615.0,0.00000001,0.000000000000584715,7576427,2019-05-08 02:37:58,BTC,5.33210563,0.0,0.00000001,BTC,13997968.411946677,0.008462,0.03038615,179
0,[],23,[],2019-01-20 23:25:08,0.0,0,0,6476952,2019-01-20 23:25:08,,0.0,0.0,0,,0.0,0.0,0.0,179
1,[],22,[],2019-05-08 02:38:02,641258.971048321,0.0000008,0.0000000000467772,7576428,2019-05-08 02:38:02,BTC,39.28291866,0.0,0.0000008,"BTC,LTC",153547.80311938145,0.0,0.55417964,180
1,[],26,[],2019-05-08 02:38:02,0.0,0.00000120,0.0000000000701658,7576429,2019-05-08 02:38:02,btc,0.0,50.0,0.00000120,btc,0.0,0.0,0.0,180
1,[],17,[],2019-05-03 01:13:56,20504.725000000002,0.0000001,0.00000000000548003,7559141,2019-05-03 01:13:56,btc,5.2010695838400265,0.0,0.0000001,btc,5033.45945,0.0,0.0011504725,180
,[],7,[],2018-11-20 22:58:01,562227.975654,0.00000085,0.000000000036176765,4862015,2018-11-20 22:58:01,btc,21836.6059674,2491.87645172,,btc,749999.041456,0.00211021,0.127565380455,183
,[],5,[],2019-01-10 08:11:41,0.0,0,0,6347036,2019-01-10 08:11:41,btc,82.15055501,0.00261,,btc,1.19002445,0.0,0.0,187
1,[],24,[],2019-04-30 17:34:05,0.0,0.000000000014,7.396256000000001e-16,7526291,2019-04-30 17:34:05,btc,0.0,0.0,0.000000000014,btc,0.0,0.0,0.0,187
,[],17,[],2018-11-16 20:58:10,4062536.27273,0.00000001,0.000000000000550501,4708775,2018-11-16 20:58:10,btc,3.36492563466,0.195460381006,,"btc,eth",110697919.549,0.0,0.0157628953496,187
0,[],22,[],2019-04-25 02:54:07,0.0,0,0,7447896,2019-04-25 02:54:07,,7.54794454,0.0,0,,76361.7243344055,0.0,0.0,191
0,[],22,[],2019-05-08 02:38:07,0.0,0,0,7576430,2019-05-08 02:38:07,,0.0,0.0,0,,0.0,0.0,0.0,197
0,[],23,[],2019-01-20 23:31:41,0.0,0,0,6477079,2019-01-20 23:31:41,,0.0,0.0,0,,0.0,0.0,0.0,199
0.0000000001265123,[],22,[],2019-05-08 02:38:10,54734331.0,2.530246e-18,1.47947278989e-22,7576431,2019-05-08 02:38:10,LTC,18.75578347,0.0,0.00000002,LTC,35255414.0,0.0,0.64068281,199
1,[],26,[],2019-05-08 02:38:10,0.0,0.00000000,0,7576432,2019-05-08 02:38:10,btc,0.0,0.0,0.00000000,btc,0.0,0.0,0.0,199
0,[],2,[],2019-01-20 23:30:49,0.0,0,0,6477059,2019-01-20 23:30:49,,0.0,0.0,0,,0.0,0.0,0.0,201
1,[],4,[],2019-01-25 15:51:35,2084389.58565343,0.00000936,0.000000000333526752,6499557,2019-01-25 15:51:35,btc,2.0092503037378524,0.0,0.00000936,btc,160195.80207885,0.19272417,1.242687955921835,211
1,[],7,[],2019-05-08 02:38:14,16784048.01445779,0.00000089,0.000000000052039635,7576433,2019-05-08 02:38:14,btc,15559126.120007144,265871.209649,0.00000089,btc,12018902.0465489,0.0,1.8830896365328225,212
1,[],5,[],2019-05-07 13:02:51,0.0,0,0,7566706,2019-05-07 13:02:51,btc,0.0,0.43032184,0,btc,0.0,0.0,0.0,213
1,[],24,[],2019-05-07 13:02:52,0.0,0.000000050000,0.000000000002968865,7566707,2019-05-07 13:02:52,btc,0.0,0.0,0.000000050000,btc,0.0,0.0,0.0,213
1,[],26,[],2019-05-07 13:02:52,0.0,0.00000040,0.00000000002375092,7566708,2019-05-07 13:02:52,btc,0.0,0.0,0.00000040,btc,0.0,0.0,0.0,213
1,[],12,[],2019-01-25 02:44:32,207462.42853209,0.000001080000000000000035831255497387193287295303889550268650054931640625,0.000000000038610756000000006,6493050,2019-01-25 02:44:32,btc,85023.03793723314,0.0,0.000001080000000000000035831255497387193287295303889550268650054931640625,btc,43675.73520027,0.000146250909087,0.0348620860622024,213
0,[],22,[],2019-05-08 02:38:17,0.0,0,0,7576434,2019-05-08 02:38:17,,11.27092232,0.0,0,,2240817.2040649247,0.0,0.0,216
1,[],27,[],2019-05-08 02:38:27,30596.0,0.00000001,0.000000000000584715,7576435,2019-05-08 02:38:27,btc,61.55970639203932,5500.0,0.00000001,"btc,ltc",215976.557308,5.5e-05,0.00030596,216
1,[],22,[],2019-05-08 02:38:30,313233.70588235295,0.00000136,0.00000000007952123999999999,7576436,2019-05-08 02:38:30,BTC,12055.02965732,0.0,0.00000136,BTC,450385.0437013252,0.01222472,0.08823411,217
1,[],7,[],2019-05-08 02:38:33,0.0,0,0,7576437,2019-05-08 02:38:33,btc,111302.56967336107,0.0,0,btc,137382971.78428552,0.0,0.0,219
0,[],27,[],2019-05-08 02:38:39,0.0,0,0,7576438,2019-05-08 02:38:39,,0.01810337,0.0,0,btc,1580037.0,0.0,0.0,219
0.0000000000000043000000000000005,[],28,[],2019-05-08 02:38:42,489172109.014,2.580043e-18,1.508589842745e-22,7576439,2019-05-08 02:38:42,doge,3650128.9693764625,17712.15,0.00060001,"btc,doge",44730760.5033,0.0,2.7641976786462748e-11,219
1,[],22,[],2019-05-08 02:38:45,398200.0,0.00000004,0.00000000000233886,7576440,2019-05-08 02:38:45,BTC,56.8288224,0.0,0.00000004,BTC,148582.84827387411,0.00101065,0.012982,221
1,[],24,[],2019-05-08 02:38:45,0.0,0.000000010000,0.000000000000584715,7576441,2019-05-08 02:38:45,btc,0.0,0.0,0.000000010000,btc,0.0,0.0,0.0,221
1,[],20,[],2019-05-08 02:38:47,12166794.498,0.000000011,0.0000000000006431865,7576442,2019-05-08 02:38:47,btc,100092.89424664243,0.0,0.000000011,btc,22929825.5625,0.0,0.053329530791,224
0,[],22,[],2019-05-08 02:38:49,0.0,0,0,7576443,2019-05-08 02:38:49,,0.0,0.0,0,,0.0,0.0,0.0,224
1,[],26,[],2019-05-08 02:38:50,0.0,0.00000026,0.00000000001520259,7576444,2019-05-08 02:38:50,btc,0.0,0.0,0.00000026,btc,0.0,0.0,0.0,231
1,[],26,[],2019-05-08 02:38:52,0.0,0.00000005,0.000000000002923575,7576445,2019-05-08 02:38:52,btc,0.0,0.0,0.00000005,btc,0.0,0.0,0.0,234
0.0000000002879263,[],27,[],2019-05-08 02:38:59,10000.0,2.879263e-18,1.6835482650449999e-22,7576446,2019-05-08 02:38:59,eth,0.01134836604,0.0,0.00000001,"btc,eth",11462.996,0.0,2.879263e-14,234
1,[],4,[],2019-04-29 21:02:20,217188.93193785,0.00000080,0.00000000004151584,7514327,2019-04-29 21:02:20,btc,5.239800103892936,0.0,0.00000080,btc,797346.30008933,0.0,0.0590549781555679,236
1,[],24,[],2019-04-29 21:02:20,0.0,0.000000100000,0.00000000000518948,7514328,2019-04-29 21:02:20,btc,0.0,0.0,0.000000100000,btc,0.0,0.0,0.0,236
1,[],5,[],2019-05-06 20:53:15,0.0,0,0,7559637,2019-05-06 20:53:15,btc,0.0,0.20253514,0,btc,0.0,0.0,0.0,237
1,[],20,[],2019-05-06 20:53:18,38173217.6136,0.000000083,0.0000000000047460728,7559638,2019-05-06 20:53:18,btc,21342.514614200165,8832375.7238,0.000000083,btc,27701499.3386,0.7554403456107,1.3621107610479,237
1,[],22,[],2019-05-06 20:53:20,343938.0,0.00000009,0.000000000005146344,7559639,2019-05-06 20:53:20,BTC,1.20267422,0.0,0.00000009,BTC,17930.94871794872,0.0,0.01017442,237
1,[],4,[],2019-05-08 02:39:00,25175583.4367327,0.00000014,0.00000000000818601,7576447,2019-05-08 02:39:00,btc,3.1881107562944675,0.0,0.00000014,btc,8609114.9787748,1.26507648,1.122088483300016,238
1,[],5,[],2019-05-08 02:39:02,0.0,0,0,7576448,2019-05-08 02:39:02,btc,0.0,0.06730019,0,btc,0.0,0.0,0.0,238
0,[],22,[],2019-03-12 16:49:32,0.0,0,0,6914458,2019-03-12 16:49:32,,0.40415746,0.0,0,,526736.5639027493,0.0,0.0,249
0,[],22,[],2019-05-08 02:39:04,0.0,0,0,7576449,2019-05-08 02:39:04,,3.31610872,0.0,0,,28317807.771216933,0.0,0.0,252
1,[],28,[],2019-05-08 02:39:07,41561158.199,0.00000035,0.000000000020465025,7576450,2019-05-08 02:39:07,btc,3.348529607419,194914.3492,0.00000035,btc,2882027.2029,0.0,0.6037740771,256
1,[],22,[],2019-05-08 02:39:10,1088993.5,0.00000002,0.00000000000116943,7576451,2019-05-08 02:39:10,BTC,21.88116616,0.0,0.00000002,BTC,522884.63333384093,2.75e-06,0.01124633,258
1,[],22,[],2019-03-13 00:07:30,47146.0,0.00000001,0.000000000000387233,6917028,2019-03-13 00:07:30,BTC,2.415167,0.0,0.00000001,BTC,157.0,0.0,0.00047146,259
1,[],5,[],2019-05-08 02:39:11,0.0,0,0,7576452,2019-05-08 02:39:11,btc,0.0,0.37607299,0,btc,0.0,0.0,0.0,264
1,[],20,[],2019-05-08 02:39:13,1263398.1754,0.000001066,0.000000000062330619,7576453,2019-05-08 02:39:13,btc,4.8269570006036,59572.9743,0.000001066,btc,95751.7266,0.0758448377062,0.0203170885075,264
0,[],22,[],2019-04-12 17:57:27,0.0,0,0,7278186,2019-04-12 17:57:27,,66.37522201,0.0,0,,677842.4169881374,0.0,0.0,271
0,[],22,[],2019-05-08 02:39:16,0.0,0,0,7576454,2019-05-08 02:39:16,,33051802.3172899,0.0,0,,15696307799.7,0.0,0.0,272
0.0000000000000043000000000000005,[],28,[],2019-05-08 02:39:26,400736115975.5,1.032e-21,6.0342588e-26,7576455,2019-05-08 02:39:26,doge,26831809.841179468,930730060.07,0.00000024,doge,353980979136.509,0.0,2.21294859105847e-10,272
1,[],22,[],2019-05-08 02:39:29,168039.7,0.00000013,0.000000000007601295,7576456,2019-05-08 02:39:29,BTC,427.42495672,0.0,0.00000013,BTC,249705.37764460206,0.0,0.00918978,281
1,[],22,[],2019-05-08 02:39:33,113561.6,0.00000002,0.00000000000116943,7576457,2019-05-08 02:39:33,BTC,536.90453142,0.0,0.00000002,"BTC,LTC",590775.6256135202,0.00114157,0.00742255,286
0,[],22,[],2019-05-08 02:39:36,0.0,0,0,7576458,2019-05-08 02:39:36,,7337883.38050348,0.0,0,,1307674043.2797825,0.0,0.0,294
