pairValue,buyBook,exchangeId,sellBook,updated,buyTotal,satoshiPrice,usdPrice,exchangeLogId,created,bestPair,sellTotalBtc,volume,pairPrice,activePairs,sellTotal,volumeBtc,buyTotalBtc,coinId
1,[],5,[],2019-03-15 18:49:51,0.0,0,0,6939949,2019-03-15 18:49:51,btc,0.0,0.08616578,0,btc,0.0,0.0,0.0,1
1,[],3,[],2019-03-15 20:28:45,30536.3750909754,0.01316341000000000038827607795610674656927585601806640625,0.0000005166585771360001,6940523,2019-03-15 20:28:45,btc,61.12328781705126,2.67859962706,0.01316341000000000038827607795610674656927585601806640625,btc,25.314094727819,0.0,0.24635392971981088,1
1,[],4,[],2019-03-15 20:28:46,207784.23867003,0.01306752,0.000000512894932992,6940524,2019-03-15 20:28:46,btc,13.930862656400253,0.0,0.01306752,btc,280.38337412,1.72146386,1.5219273490852685,1
1,[],10,[],2019-03-15 20:30:48,413743.86337893,0.01105,0.00000043370808000000006,6940525,2019-03-15 20:30:48,btc,6521.202950589286,2169.79153319,0.01105,btc,888.34079873,0.0,4.48367861570156,1
1,[],12,[],2019-03-15 20:30:51,114.58975806,0.01316999999999999941546757753485508146695792675018310546875,0.000000516917232,6940526,2019-03-15 20:30:51,btc,0.287027930932,0.0,0.01316999999999999941546757753485508146695792675018310546875,btc,21.23900423,0.0740689404786,0.4414314558458,1
1,[],20,[],2019-03-15 20:30:53,1152.4756,0.01050023,0.00000041212982740800003,6940527,2019-03-15 20:30:53,btc,0.0552085068997,0.0,0.01050023,btc,2.4565,0.0,0.0959959153641,1
1,[],21,[],2019-03-15 20:30:54,2084.48176129,0.01320236999999999973065545333,0.000000518187741552,6940528,2019-03-15 20:30:54,btc,24.690313768553963,9836.732297940001,0.01320236999999999973065545333383852266706526279449462890625,"btc,eth",3060.18955814,125.44452170636468,19.3511927368263,1
1,[],22,[],2019-03-15 20:33:33,0.07686088253968254,0.01260000,0.00000049454496,6940529,2019-03-15 20:33:33,BTC,0.31439419,0.0,0.01260000,BTC,0.12751438772928525,0.0,0.00096785,1
1,[],24,[],2019-03-15 20:33:33,0.0,0.000000000000,0,6940530,2019-03-15 20:33:33,btc,0.0,0.0,0.000000000000,btc,0.0,0.0,0.0,1
0.0,[],25,[],2019-03-15 20:33:36,0.0,0,0,6940531,2019-03-15 20:33:36,btc,48.81679999713596,636.16279038,0.0,btc,3613.49014696,8.443,0.0,1
1,[],26,[],2019-03-15 20:33:36,0.0,0,0,6940532,2019-03-15 20:33:36,,0.0,0.0,0,,0.0,0.0,0.0,1
1,[],28,[],2019-03-15 20:33:38,993.038,0.01232000,0.000000483555072,6940533,2019-03-15 20:33:38,btc,0.147901439075,18052.7,0.01232000,btc,7.9421,0.0,0.087801256,1
0,[],2,[],2019-01-20 23:28:45,0.0,0,0,6477011,2019-01-20 23:28:45,,0.0,0.0,0,,0.0,0.0,0.0,1
1,[],5,[],2019-03-15 20:33:42,0.0,0,0,6940534,2019-03-15 20:33:42,btc,0.0,0.00132672,0,btc,0.0,0.0,0.0,2
0,[],22,[],2019-03-15 20:35:21,0.0,0,0,6940535,2019-03-15 20:35:21,,0.0,0.0,0,,0.0,0.0,0.0,2
1,[],5,[],2019-03-15 20:35:23,0.0,0,0,6940536,2019-03-15 20:35:23,btc,0.0,0.12929512,0,btc,0.0,0.0,0.0,3
1,[],12,[],2019-03-15 20:35:25,2731144.84977979,0.000000211,0.0000000000082816656,6940537,2019-03-15 20:35:25,btc,22818.310397638616,0.0,0.000000211,btc,994953.18461538,0.13530198769932428,0.38541406307933207,3
0,[],28,[],2019-03-15 20:35:26,0.0,0,0,6940538,2019-03-15 20:35:26,,0.0,0.0,0,,0.0,0.0,0.0,3
0,[],2,[],2019-01-20 23:31:32,0.0,0,0,6477077,2019-01-20 23:31:32,,0.0,0.0,0,,0.0,0.0,0.0,4
1,[],4,[],2019-03-15 20:35:27,405970.04269002,0.00000032,0.000000000012559872,6940539,2019-03-15 20:35:27,btc,32.054377285213484,0.0,0.00000032,btc,719459.46322796,0.00558149,0.0478160437254754,4
1,[],12,[],2019-03-15 20:35:29,444940.0,0.00000002,0.000000000000784992,6940540,2019-03-15 20:35:29,btc,1111742.17693489,0.0,0.00000002,btc,760710.33266733,0.0,0.00485804,5
0,[],2,[],2019-01-20 23:31:51,0.0,0,0,6477087,2019-01-20 23:31:51,,0.0,0.0,0,,0.0,0.0,0.0,6
1,[],11,[],2019-03-15 20:35:31,4128120.39882,0.00000002,0.000000000000784992,6940541,2019-03-15 20:35:31,btc,9568.19311769159,95000.0,0.00000002,btc,42762212.926142,0.0,0.0488047513342,6
1,[],3,[],2019-03-15 20:35:32,1087.833962084558,0.000154759999999999988719301402539940681890584528446197509765625,0.000000006074268096,6940542,2019-03-15 20:35:32,btc,29.634085403952064,0.0,0.000154759999999999988719301402539940681890584528446197509765625,btc,239.122414578101,0.0,0.03439493781756314,7
1,[],4,[],2019-03-15 20:35:33,78982.61130975,0.00021200,0.0000000083209152,6940543,2019-03-15 20:35:33,btc,9.273091823411107,0.0,0.00021200,btc,34378.13829362,8.97414491,5.240800640421327,7
1,[],5,[],2019-03-15 20:35:34,0.0,0,0,6940544,2019-03-15 20:35:34,btc,0.0,1.72719324,0,btc,0.0,0.0,0.0,7
1,[],20,[],2019-02-20 02:16:17,39399275.8418,0.000000001,0.0000000000000390183,6728586,2019-02-20 02:16:17,btc,116.9737569154545,525.0,0.000000001,btc,56932965.8895,5.25e-07,0.0393992758418,8
0,[],2,[],2019-01-20 23:22:42,0.0,0,0,6476876,2019-01-20 23:22:42,,0.0,0.0,0,,0.0,0.0,0.0,9
0,[],23,[],2019-01-20 23:22:48,0.0,0,0,6476878,2019-01-20 23:22:48,,0.0,0.0,0,,0.0,0.0,0.0,9
1,[],4,[],2019-03-15 20:35:36,1577923.43166581,0.00000164,0.000000000064369344,6940545,2019-03-15 20:35:36,btc,7.685022077155317,0.0,0.00000164,btc,3209726.26331844,1.66965975,1.6166788875835163,9
1,[],28,[],2019-03-15 20:35:38,26353.0,0.00000159,0.000000000062406864,6940546,2019-03-15 20:35:38,btc,2708.770603154283,3541039.0,0.00000159,btc,17073.9197,0.0,0.0147295,9
1,[],1,[],2019-02-17 23:31:42,1822507.21,0.00000181000000000000003456111265232042484285557293333113193511962890625,0.000000000066086901,6701244,2019-02-17 23:31:42,btc,3.6990969245,17153386.5,0.00000181000000000000003456111265232042484285557293333113193511962890625,btc,1997391.71,31.11772986,3.2610482446,9
1,[],4,[],2019-02-17 11:22:43,4341674.27126056,0.00000002,0.0000000000007272960000000001,6696112,2019-02-17 11:22:43,btc,0.1997230937751353,0.0,0.00000002,btc,4109766.79808031,0.00215132,0.0479381022052112,10
0,[],2,[],2019-01-20 23:23:08,0.0,0,0,6476890,2019-01-20 23:23:08,,0.0,0.0,0,,0.0,0.0,0.0,12
1,[],4,[],2019-03-15 20:35:39,6434899.82716119,0.00000201,0.00000000007889169600000001,6940547,2019-03-15 20:35:39,btc,17.424878428507824,0.0,0.00000201,btc,6231048.99755486,13.11319781,5.065987373661667,12
1,[],5,[],2019-03-15 20:35:41,0.0,0,0,6940548,2019-03-15 20:35:41,btc,0.0,1.16474482,0,btc,0.0,0.0,0.0,12
0.0,[],25,[],2019-03-15 20:35:42,0.0,0,0,6940549,2019-03-15 20:35:42,,0.0,0.0,0.0,btc,0.0,0.0,0.0,12
1,[],4,[],2019-03-15 20:35:43,31990273.33993213,0.00001042,0.00000000040898083200000003,6940550,2019-03-15 20:35:43,btc,3.144552083408666,0.0,0.00001042,btc,228496.4048447,7.58015042,1.3927646150040922,13
1,[],10,[],2019-03-15 20:35:45,438580.31906776,0.00000987,0.00000000038739355200000003,6940551,2019-03-15 20:35:45,btc,666777.2159732161,80785.6575184,0.00000987,btc,651183.63552778,0.0,0.2893757590130129,13
1,[],21,[],2019-03-15 20:35:46,534054.45765176,0.00001047999999999999961046350666,0.000000000411335808,6940552,2019-03-15 20:35:46,btc,15.19046891838713,14236544.56393765,0.000010479999999999999610463506660718024932066327892243862152099609375,btc,1287462.00794807,135.65256747,5.2000435433529555,13
1,[],4,[],2019-03-15 20:35:47,1881264.44464552,0.00000081,0.000000000031792176000000003,6940553,2019-03-15 20:35:47,btc,5.502645847339375,0.0,0.00000081,btc,1004903.83896533,0.09465806,0.2974604522651566,14
1,[],12,[],2019-03-15 20:35:49,283048.71232876,0.00000073,0.000000000028652208,6940554,2019-03-15 20:35:49,btc,0.055978100721642,0.0,0.00000073,btc,13758.54919045,0.00071296,0.0239367699999948,14
1,[],26,[],2019-03-15 20:35:59,0.0,0.00000050,0.0000000000196248,6940555,2019-03-15 20:35:59,btc,0.0,0.0,0.00000050,btc,0.0,0.0,0.0,14
0,[],17,[],2019-03-15 19:51:41,0.0,0,0,6940359,2019-03-15 19:51:41,btc,0.0,0.0,0,btc,0.0,0.0,0.0,14
0,[],4,[],2019-03-15 20:36:00,0.0,0,0,6940556,2019-03-15 20:36:00,,0.0,0.0,0,,0.0,0.0,0.0,15
,[],12,[],2018-12-01 15:15:48,204241.84496,0.00000489,0.000000000202473384,5260204,2018-12-01 15:15:48,btc,49.5475654835,0.0,,btc,35763.2193806,0.0163153972027625,0.0203389899998,15
0,[],2,[],2019-01-20 23:23:38,0.0,0,0,6476906,2019-01-20 23:23:38,,0.0,0.0,0,,0.0,0.0,0.0,18
1,[],4,[],2019-03-15 20:36:02,25519.00654944,0.00001660,0.00000000065154336,6940557,2019-03-15 20:36:02,btc,3.7730732925798036,0.0,0.00001660,btc,18173.01769306,0.05581738,0.0665829369219931,18
1,[],10,[],2019-03-15 20:36:04,783660.90699634,0.00001521,0.000000000596986416,6940558,2019-03-15 20:36:04,btc,15.409442225982055,10066.3016168,0.00001521,btc,13500.7661649,0.0,0.1283231602532501,18
1,[],12,[],2019-03-15 20:36:05,313724.86668388,0.000016099999999999998318532534735680883386521600186824798583984375,0.0000000006319185599999999,6940559,2019-03-15 20:36:05,btc,33214.740702171446,0.0,0.000016099999999999998318532534735680883386521600186824798583984375,btc,1574.94680991,0.0133208709197152,0.0254735596973674,18
0,[],17,[],2019-03-15 20:36:07,0.0,0,0,6940560,2019-03-15 20:36:07,btc,0.0,0.0,0,btc,0.0,0.0,0.0,18
0,[],2,[],2019-01-20 23:24:19,0.0,0,0,6476924,2019-01-20 23:24:19,,0.0,0.0,0,,0.0,0.0,0.0,19
1,[],3,[],2019-03-15 20:36:08,120828.72358001734,0.0000204000000000000011944438493838305248573306016623973846435546875,0.0000000008006918400000001,6940561,2019-03-15 20:36:08,btc,0.6760554721806504,578.655510801,0.0000204000000000000011944438493838305248573306016623973846435546875,btc,14934.950066107873,0.0,0.058186678304091966,19
1,[],4,[],2019-03-15 20:36:08,218734.16159136,0.00001964,0.0000000007708621440000001,6940562,2019-03-15 20:36:08,btc,2.73430525774891,0.0,0.00001964,btc,84415.47725221,1.35544108,2.265506999203432,19
1,[],5,[],2019-03-15 20:36:10,0.0,0,0,6940563,2019-03-15 20:36:10,btc,0.0,0.0,0,btc,0.0,0.0,0.0,19
1,[],12,[],2019-03-15 20:36:11,192198.75268817,0.000019369999999999999197586308952168110408820211887359619140625,0.000000000760264752,6940564,2019-03-15 20:36:11,btc,0.7015563941788215,0.0,0.000019369999999999999197586308952168110408820211887359619140625,btc,442.84086563,0.0,0.0395609699999658,19
0,[],27,[],2019-03-15 20:36:13,0.0,0,0,6940565,2019-03-15 20:36:13,,0.0,0.0,0,btc,0.0,0.0,0.0,19
1,[],4,[],2019-03-15 20:36:14,2776006.59355758,0.00000012,0.0000000000047099520000000005,6940566,2019-03-15 20:36:14,btc,7.3822217746397,0.0,0.00000012,btc,2872436.96906976,0.00065089,0.0773074578980249,20
1,[],4,[],2019-03-15 20:36:15,98537787.9883036,0.00000002,0.000000000000784992,6940567,2019-03-15 20:36:15,btc,39174.341009564916,0.0,0.00000002,btc,53649765.60673696,0.00198394,1.0991608126667125,21
1,[],12,[],2019-03-15 20:36:16,1755012.0,0.00000001,0.000000000000392496,6940568,2019-03-15 20:36:16,btc,1247.5331502721579,0.0,0.00000001,btc,2594503.1078921,0.0003581771828172,0.01755012,21
0,[],17,[],2019-03-15 20:36:28,0.0,0,0,6940569,2019-03-15 20:36:28,btc,0.0,0.0,0,btc,0.0,0.0,0.0,21
1,[],12,[],2019-03-15 20:36:29,2615993632.0,0.0000000001,0.0000000000000039249600000000006,6940570,2019-03-15 20:36:29,btc,1933695.4348533975,0.0,0.0000000001,btc,1708801897.8865025,0.05392540793316683,0.2615993632,23
0,[],27,[],2019-03-15 20:36:32,0.0,0,0,6940571,2019-03-15 20:36:32,,13.83979783885341,0.0,0,eth,6296692.91714486,0.0,0.0,23
1,[],4,[],2019-03-15 20:36:33,653886.11034008,0.00000050,0.0000000000196248,6940572,2019-03-15 20:36:33,btc,9.940290324427936,0.0,0.00000050,btc,1615190.39606906,0.02044954,0.1633360455100996,24
1,[],22,[],2019-03-15 20:39:44,11.76,0.00000100,0.0000000000392496,6940573,2019-03-15 20:39:44,BTC,7.415e-05,0.0,0.00000100,BTC,23.919354838709676,0.0,1.176e-05,24
0.0,[],25,[],2019-03-15 20:39:45,0.0,0,0,6940574,2019-03-15 20:39:45,,0.0,0.0,0.0,btc,0.0,0.0,0.0,24
1,[],4,[],2019-03-15 20:39:46,28259966.35776056,0.00000614,0.000000000240992544,6940575,2019-03-15 20:39:46,btc,58.56325297634004,0.0,0.00000614,btc,241945.2364266,0.31983931,0.5280984797636773,26
1,[],10,[],2019-03-15 20:39:49,601588.17796761,0.00000543,0.00000000021312532799999998,6940576,2019-03-15 20:39:49,btc,26.08049622416475,3317.74433149,0.00000543,btc,14365.9645187,0.0,0.1493826520697409,26
0,[],2,[],2019-01-20 23:25:56,0.0,0,0,6476976,2019-01-20 23:25:56,,0.0,0.0,0,,0.0,0.0,0.0,26
1,[],3,[],2019-03-15 20:39:49,10188536.54084747,0.00000001,0.000000000000392496,6940577,2019-03-15 20:39:49,btc,2.0419950364540074,30360.5,0.00000001,btc,14990829.16060025,0.0,0.10188536540847469,27
1,[],5,[],2019-03-15 20:39:50,0.0,0,0,6940578,2019-03-15 20:39:50,btc,0.0,0.00059427,0,btc,0.0,0.0,0.0,27
1,[],11,[],2019-03-15 20:39:51,8489638.24590115,0.00000006,0.000000000002354976,6940579,2019-03-15 20:39:51,btc,67506.1992155516,5956.66666667,0.00000006,btc,7966196.08369704,0.0,0.4689379049180229,27
1,[],4,[],2019-03-15 20:39:52,2207827474.508555,0.00000002,0.000000000000784992,6940580,2019-03-15 20:39:52,btc,2.9333118400037153,0.0,0.00000002,"btc,ltc",279300801.14627814,4.79315146,11.150454673166276,29
1,[],7,[],2019-03-15 20:39:53,35611182.13418711,0.00000001,0.000000000000392496,6940581,2019-03-15 20:39:53,btc,44461604.29289064,674.32567432,0.00000001,btc,52437394.81183364,1.349e-05,0.3561118213418711,29
1,[],4,[],2019-03-15 20:39:54,4104720.10429166,0.00000017,0.0000000000066724320000000004,6940582,2019-03-15 20:39:54,btc,2.679682764807129,0.0,0.00000017,btc,2172705.32705326,0.00696322,0.1115020654621205,30
0,[],17,[],2019-03-15 19:54:28,0.0,0,0,6940384,2019-03-15 19:54:28,btc,0.0,0.0,0,btc,0.0,0.0,0.0,30
1,[],4,[],2019-03-15 20:40:06,188406.28627389,0.00005705,0.0000000022391896800000002,6940583,2019-03-15 20:40:06,btc,9.808641386707802,0.0,0.00005705,btc,119122.38273036,0.90130457,2.165125950248755,31
1,[],21,[],2019-03-15 20:40:06,34961.29426921,0.00005834000000000000047285092508,0.000000002289821664,6940584,2019-03-15 20:40:06,btc,6.804917746728148,87647.55791682,0.000058340000000000000472850925081758077794802375137805938720703125,btc,108096.87065044,5.03519886,1.8331575917408645,31
0,[],2,[],2019-01-20 23:28:43,0.0,0,0,6477009,2019-01-20 23:28:43,,0.0,0.0,0,,0.0,0.0,0.0,32
1,[],4,[],2019-03-15 20:40:07,406318153.97661185,0.00000004,0.000000000001569984,6940585,2019-03-15 20:40:07,btc,8.619626073182314,0.0,0.00000004,"btc,ltc",173255112.02455977,1.09731959,9.00011805539546,33
1,[],12,[],2019-03-15 20:40:08,26245990.658999998,0.00000004,0.000000000001569984,6940586,2019-03-15 20:40:08,btc,2818210.44363984,0.0,0.00000004,btc,18396636.40159832,0.0059054880519485,0.6045511767199999,33
1,[],4,[],2019-03-15 20:40:09,91458410.99231108,0.00000001,0.000000000000392496,6940587,2019-03-15 20:40:09,btc,3.411493831105054,0.0,0.00000001,btc,104251855.77846406,0.02341417,0.9145841099231107,34
1,[],5,[],2019-03-15 20:40:10,0.0,0,0,6940588,2019-03-15 20:40:10,btc,0.0,0.00085242,0,btc,0.0,0.0,0.0,34
0,[],17,[],2019-03-15 19:32:35,0.0,0,0,6940210,2019-03-15 19:32:35,btc,0.0746458281240218,0.0,0,btc,4105386.20243647,0.0,0.0,36
0.00000000014940709999999998,[],4,[],2019-03-15 20:40:11,3901616982.0586705,1.494071e-18,5.86416891216e-23,6940589,2019-03-15 20:40:11,ltc,5.001331038596454e-08,0.0,0.00000001,ltc,6536747689.486486,0.0,5.82929278600138e-09,36
1,[],5,[],2019-03-15 20:40:13,0.0,0,0,6940590,2019-03-15 20:40:13,btc,0.0,0.0,0,btc,0.0,0.0,0.0,36
0.0000000003486339,[],27,[],2019-03-15 20:40:16,998000.16325,3.486339e-18,1.3683741121440002e-22,6940591,2019-03-15 20:40:16,eth,223.68719070580784,0.0,0.00000001,"ltc,eth",12165396.31058689,0.0,1.4910834271448417e-12,36
1,[],4,[],2019-03-15 19:55:13,220231.05903053,0.00000061,0.0000000000239791,6940392,2019-03-15 19:55:13,btc,19772.479170955554,0.0,0.00000061,btc,583227.30833285,0.00461045,0.0921713412247568,37
1,[],12,[],2019-03-15 19:55:15,637329.01914187,0.00000057,0.0000000000224067,6940393,2019-03-15 19:55:15,btc,22.441507715479023,0.0,0.00000057,btc,406204.19886167,0.0322756940104182,0.1581078324886834,37
1,[],17,[],2019-03-15 19:55:26,1752.74075282,0.00000025,0.0000000000098275,6940394,2019-03-15 19:55:26,btc,0.055484923777095005,0.0,0.00000025,btc,1319.19918473,0.0,0.00043818518820499993,37
1,[],27,[],2019-03-15 19:55:28,14685.567,0.00000045,0.0000000000176895,6940395,2019-03-15 19:55:28,btc,24.25536383611233,0.0,0.00000045,btc,6518.38138508,0.0,0.00480032515,37
1,[],5,[],2019-03-15 20:40:19,0.0,0,0,6940592,2019-03-15 20:40:19,btc,0.0,0.04446748,0,btc,0.0,0.0,0.0,42
1,[],12,[],2019-03-15 20:40:20,254785.65519005,0.0000009,0.00000000003532464,6940593,2019-03-15 20:40:20,btc,5.619086330650342,0.0,0.0000009,btc,45048.47437179,0.0098621049039124,0.0202887899999811,42
0.0000000003486339,[],27,[],2019-03-15 20:40:22,2000.0,3.486339e-18,1.3683741121440002e-22,6940594,2019-03-15 20:40:22,eth,0.00315028,0.0,0.00000001,"btc,eth",11.007,0.0,6.972678000000001e-15,42
1,[],5,[],2019-03-15 20:40:25,0.0,0,0,6940595,2019-03-15 20:40:25,btc,0.0,0.00127779,0,btc,0.0,0.0,0.0,43
1,[],12,[],2019-03-13 09:13:29,1112112.0,0.00000001,0.000000000000386531,6919902,2019-03-13 09:13:29,btc,29058.00478931866,0.0,0.00000001,btc,5967681.93306694,9.99000999e-07,0.01112112,43
0,[],17,[],2019-03-15 19:55:51,0.0,0,0,6940398,2019-03-15 19:55:51,btc,0.0,0.0,0,btc,0.0,0.0,0.0,43
1,[],12,[],2019-03-05 01:54:08,639326.02,0.00000004,0.000000000001486676,6845775,2019-03-05 01:54:08,btc,11116042.728239931,0.0,0.00000004,btc,1103841.4595604,0.0003330765234764,0.014975410599999999,44
1,[],4,[],2019-03-15 20:40:26,297956519.58054495,0.00000002,0.000000000000784992,6940596,2019-03-15 20:40:26,btc,757.6284911401685,0.0,0.00000002,"btc,ltc",16677265.66842695,0.002683,0.27953051389737704,49
0.00000000014940709999999998,[],4,[],2019-03-15 20:40:28,227928824.8073521,1.494071e-18,5.86416891216e-23,6940597,2019-03-15 20:40:28,ltc,25.901654685192213,0.0,0.00000001,ltc,10157741836.692127,0.0,3.4054184720874537e-10,52
0,[],22,[],2019-03-15 20:43:08,0.0,0,0,6940598,2019-03-15 20:43:08,,4428.59026215,0.0,0,,305937213.5359664,0.0,0.0,57
0.0000000003486339,[],27,[],2019-03-15 20:43:11,2000.0,3.486339e-18,1.3683741121440002e-22,6940599,2019-03-15 20:43:11,eth,0.0,0.0,0.00000001,"btc,eth",0.0,0.0,6.972678000000001e-15,57
0.00000000014940709999999998,[],4,[],2019-03-15 20:43:13,533282046.992,2.988142e-18,1.172833782432e-22,6940600,2019-03-15 20:43:13,ltc,18.65761760893763,0.0,0.00000002,ltc,4687030173.42737,0.0,1.0280954340002547e-09,58
1,[],12,[],2019-03-15 20:43:14,1137984451.0,0.0000000003,0.00000000000001177488,6940601,2019-03-15 20:43:14,btc,4023056.4965586765,0.0,0.0000000003,btc,1554314339.152847,0.05262682032607393,0.2797194294,58
0.0000000001300403,[],22,[],2019-03-15 20:44:47,137438.0,1.300403e-18,5.10402975888e-23,6940602,2019-03-15 20:44:47,XMR,69.1795942,0.0,0.00000001,XMR,9887963.0,0.0,0.00137438,58
0,[],17,[],2019-03-15 19:56:16,0.0,0,0,6940405,2019-03-15 19:56:16,btc,1e+24,0.0,0,btc,49226522.0897055,0.0,0.0,58
1,[],5,[],2019-03-15 20:44:49,0.0,0,0,6940603,2019-03-15 20:44:49,btc,0.0,0.0113438,0,btc,0.0,0.0,0.0,61
1,[],22,[],2019-03-15 20:45:44,13757.0,0.00000012,0.0000000000047099520000000005,6940604,2019-03-15 20:45:44,BTC,1002.2960049,0.0,0.00000012,BTC,14976.68361146909,0.0,0.00154987,61
1,[],26,[],2019-03-15 20:45:44,0.0,0.00000800,0.0000000003139968,6940605,2019-03-15 20:45:44,btc,0.0,0.0,0.00000800,btc,0.0,0.0,0.0,61
1,[],27,[],2019-03-15 20:45:46,4411.22008,0.00000047,0.000000000018447312,6940606,2019-03-15 20:45:46,btc,2.8850305703141323,0.0,0.00000047,"btc,eth",19862.59257617,0.0,0.0012437599595324237,61
1,[],28,[],2019-03-15 20:45:53,13880.304,0.0000005,0.0000000000196248,6940607,2019-03-15 20:45:53,btc,2.056329762300105,882.0,0.0000005,btc,9751.57500005,0.0,0.00566391304,61
1,[],4,[],2019-03-15 20:45:54,1481920.22606548,0.00000213,0.00000000008360164800000001,6940608,2019-03-15 20:45:54,btc,9.679404841113156,0.0,0.00000213,btc,823994.58967663,0.14109534,1.3854774250970212,67
0.0,[],25,[],2019-03-15 20:45:55,0.0,0,0,6940609,2019-03-15 20:45:55,,0.0,0.0,0.0,btc,0.0,0.0,0.0,67
1,[],12,[],2019-03-15 20:45:57,1572004.63562447,0.00000014,0.000000000005494944,6940610,2019-03-15 20:45:57,btc,1111115.169551714,0.0,0.00000014,btc,941233.56603612,0.0083079945715335,0.0816136841918175,71
,[],5,[],2018-11-20 23:02:39,1.5e-07,0.00000005,0.000000000002128045,4862160,2018-11-20 23:02:39,btc,2.84511358,0.0,,btc,0.00036572,0.0,0.07381892,74
1,[],5,[],2019-03-15 20:45:59,0.0,0,0,6940611,2019-03-15 20:45:59,btc,0.0,0.0,0,btc,0.0,0.0,0.0,75
0,[],20,[],2019-01-25 09:30:31,0.0,0,0,6495923,2019-01-25 09:30:31,btc,0.0,0.0,0,btc,0.0,0.0,0.0,81
1,[],4,[],2019-03-15 20:46:00,13382103.94481309,0.00000001,0.000000000000392496,6940612,2019-03-15 20:46:00,btc,11370.019787479292,0.0,0.00000001,btc,39920990.88589334,0.00028514,0.1338210394481309,81
1,[],4,[],2019-03-15 20:46:02,23753.82767077,0.00007969,0.000000003127800624,6940613,2019-03-15 20:46:02,btc,18.13845538904098,0.0,0.00007969,btc,12445.42031725,0.04632296,0.0895609108626455,82
1,[],21,[],2019-03-15 20:46:03,923583.39930039,0.00008050000000000000514518982975,0.0000000031595928000000003,6940614,2019-03-15 20:46:03,btc,3.0109363835749137,9132.24550676,0.0000805000000000000051451898297472098420257680118083953857421875,btc,33212.17073472,0.71737578,4.057404044915982,82
0,[],17,[],2019-03-15 18:54:23,0.0,0,0,6940046,2019-03-15 18:54:23,btc,0.0447233088476774,0.0,0,btc,999127.19588126,0.0,0.0,84
0.00000000014940709999999998,[],4,[],2019-03-15 20:46:15,170698605.1963211,4.482213e-18,1.759250673648e-22,6940615,2019-03-15 20:46:15,ltc,1.6762915537448868,0.0,0.00000003,ltc,389338476.6317419,0.0,3.7660735577395026e-10,85
,[],22,[],2018-11-20 23:09:34,3408.1,0.0000001,0.0000000000041895,4862324,2018-11-20 23:09:34,BTC,0.04624735,0.0,,BTC,4990.0,0.0,0.00033081,86
1,[],22,[],2019-03-15 20:49:43,111869.83333333333,0.00000006,0.0000000000023549760000000002,6940616,2019-03-15 20:49:43,BTC,2.07824106,0.0,0.00000006,BTC,165278.94736842104,0.00034069,0.00185219,87
1,[],27,[],2019-03-15 20:49:45,55.0,0.00000001,0.000000000000392496,6940617,2019-03-15 20:49:45,btc,5.087355898429583,0.0,0.00000001,btc,23359.90385968,0.0,5.5e-07,87
,[],2,[],2018-11-20 23:10:47,0.0,0,0,4862359,2018-11-20 23:10:47,,0.0,0.0,,,0.0,0.0,0.0,88
1,[],11,[],2019-03-15 20:49:47,92803.80225293,0.0001455499999999999871137801310538861798704601824283599853515625,0.00000000571277928,6940618,2019-03-15 20:49:47,btc,611.6947432753846,1326.20263912,0.0001455499999999999871137801310538861798704601824283599853515625,btc,99236.28433108,0.0,6.2418288178645565,89
0,[],2,[],2019-01-20 23:31:45,0.0,0,0,6477083,2019-01-20 23:31:45,,0.0,0.0,0,,0.0,0.0,0.0,91
0,[],17,[],2019-03-15 18:00:26,0.0,0,0,6939550,2019-03-15 18:00:26,btc,0.0,0.0,0,btc,0.0,0.0,0.0,91
1,[],12,[],2019-03-15 20:49:49,280441.4699552,0.00000083,0.000000000032577168,6940619,2019-03-15 20:49:49,btc,58.42610778945928,0.0,0.00000083,btc,85984.98088573,9.3422907093e-06,0.04361209809998,91
1,[],22,[],2019-03-15 20:51:40,65900.0,0.00000001,0.000000000000392496,6940620,2019-03-15 20:51:40,BTC,3e-06,0.0,0.00000001,BTC,1.0,0.0,0.000659,91
0,[],22,[],2019-03-15 20:52:30,0.0,0,0,6940621,2019-03-15 20:52:30,,3.31498785,0.0,0,,37200566.889473684,0.0,0.0,95
0.00000000014940709999999998,[],4,[],2019-03-15 20:52:31,632759634.2979062,7.769169199999999e-17,3.0493678343232e-21,6940622,2019-03-15 20:52:31,ltc,11.904788240474838,0.0,0.00000052,ltc,135953199.2712333,0.0,1.570140939251086e-09,96
0,[],12,[],2019-03-15 20:52:32,0.0,0,0,6940623,2019-03-15 20:52:32,btc,10.675070516643357,0.0,0,btc,3189616.66433565,0.0,0.0,96
0,[],17,[],2019-03-15 20:52:34,0.0,0,0,6940624,2019-03-15 20:52:34,btc,0.0,0.0,0,btc,0.0,0.0,0.0,96
1,[],4,[],2019-03-15 03:18:27,3741781.64750534,0.00000030,0.00000000001164369,6933939,2019-03-15 03:18:27,btc,3.1415705615866827,0.0,0.00000030,btc,2614934.46977896,0.10910643,0.560295321154128,99
0,[],2,[],2019-01-20 23:23:55,0.0,0,0,6476914,2019-01-20 23:23:55,,0.0,0.0,0,,0.0,0.0,0.0,100
1,[],4,[],2019-03-15 20:52:35,286863.63760512,0.00003416,0.000000001340766336,6940625,2019-03-15 20:52:35,btc,12.12323777067136,0.0,0.00003416,btc,186480.37849564,3.2542349,1.5461931323359765,100
1,[],22,[],2019-03-15 20:55:16,120000.0,0.00000002,0.000000000000784992,6940626,2019-03-15 20:55:16,BTC,24.82891609,0.0,0.00000002,BTC,11877.22,0.0,0.0014,101
1,[],4,[],2019-03-15 20:55:17,456523.36531877,0.00000089,0.000000000034932144,6940627,2019-03-15 20:55:17,btc,276.1962645041218,0.0,0.00000089,btc,512356.10474157,0.02413644,0.2280209280391618,103
1,[],12,[],2019-03-15 20:55:21,34767206.0,0.000000007,0.0000000000002747472,6940628,2019-03-15 20:55:21,btc,3218940.2689019125,0.0,0.000000007,btc,80506514.43360926,0.00746532544155848,0.052679408000000004,105
0,[],27,[],2019-03-15 20:55:22,0.0,0,0,6940629,2019-03-15 20:55:22,,36.609683327666005,0.0,0,btc,1428542.52239724,0.0,0.0,105
1,[],22,[],2019-03-15 20:57:53,9328.0,0.00000001,0.000000000000392496,6940630,2019-03-15 20:57:53,BTC,51.10837004,0.0,0.00000001,BTC,470435.0,0.0,9.328e-05,107
1,[],26,[],2019-03-15 20:57:53,0.0,0.00000000,0,6940631,2019-03-15 20:57:53,btc,0.0,0.0,0.00000000,btc,0.0,0.0,0.0,107
1,[],5,[],2019-03-15 20:57:55,0.0,0,0,6940632,2019-03-15 20:57:55,btc,0.0,0.00031637,0,btc,0.0,0.0,0.0,112
1,[],22,[],2019-03-15 20:59:17,1966.0,0.00000001,0.000000000000392496,6940633,2019-03-15 20:59:17,BTC,2.7794366,0.0,0.00000001,BTC,826409.0833333334,0.0,1.966e-05,112
0.0000000003486339,[],27,[],2019-03-15 20:59:19,2000.0,3.486339e-18,1.3683741121440002e-22,6940634,2019-03-15 20:59:19,eth,1.24996908,0.0,0.00000001,"btc,eth",1289.0,0.0,6.972678000000001e-15,112
1,[],4,[],2019-03-15 20:59:20,1322509.27228223,0.00000200,0.0000000000784992,6940635,2019-03-15 20:59:20,btc,5.299282939402746,0.0,0.00000200,btc,379952.79199586,0.10136206,1.042443108505402,113
1,[],5,[],2019-03-15 20:59:22,0.0,0,0,6940636,2019-03-15 20:59:22,btc,0.0,0.00027126,0,btc,0.0,0.0,0.0,113
1,[],17,[],2019-03-15 20:59:33,152738.278,0.00000004,0.000000000001569984,6940637,2019-03-15 20:59:33,btc,1.33680302678,0.0,0.00000004,btc,50696.221,0.0,0.0022095311199999998,116
0,[],27,[],2019-03-15 20:59:35,0.0,0,0,6940638,2019-03-15 20:59:35,,0.0,0.0,0,btc,0.0,0.0,0.0,116
1,[],4,[],2019-03-15 20:59:35,73103.6139347,0.00003601,0.000000001413378096,6940639,2019-03-15 20:59:35,btc,84.41714779925854,0.0,0.00003601,btc,28727.91161617,0.66495484,1.3628840423579087,120
1,[],7,[],2019-03-15 20:59:37,21307.44202757,0.000025729999999999999290949126429239868230069987475872039794921875,0.000000001009892208,6940640,2019-03-15 20:59:37,btc,126637.41340071065,181.48409346,0.000025729999999999999290949126429239868230069987475872039794921875,btc,33284.29927523,0.00739258,0.0638983716350002,120
1,[],20,[],2019-03-15 20:59:39,1587519.2174,0.000000034,0.0000000000013344864,6940641,2019-03-15 20:59:39,btc,32.3019317846648,30898.05,0.000000034,btc,1028084.0986,0.0010505337,0.0126587020626,125
1,[],22,[],2019-03-15 21:02:58,3053.0,0.00000001,0.000000000000392496,6940642,2019-03-15 21:02:58,BTC,0.01444887,0.0,0.00000001,BTC,296263.5111111111,0.0,3.053e-05,126
0,[],2,[],2019-01-20 23:25:46,0.0,0,0,6476969,2019-01-20 23:25:46,,0.0,0.0,0,,0.0,0.0,0.0,131
1,[],4,[],2019-03-15 21:02:59,131812.5356987,0.00001184,0.00000000046471526400000003,6940643,2019-03-15 21:02:59,btc,3.413835591455074,0.0,0.00001184,btc,129927.23548334,0.05398473,0.4640968939339,131
0,[],17,[],2019-03-15 21:03:01,0.0,0,0,6940644,2019-03-15 21:03:01,btc,0.0009561751951600001,0.0,0,btc,35.42829368,0.0,0.0,131
1,[],4,[],2019-03-15 21:03:02,4617.79548593,0.00016699,0.000000006554290704,6940645,2019-03-15 21:03:02,btc,1.641853737176339,0.0,0.00016699,btc,302.65462358,0.00203238,0.0185140370061116,135
1,[],3,[],2019-03-07 00:20:44,877702.73244099,0.00000004,0.00000000000154846,6863392,2019-03-07 00:20:44,btc,0.119366241821405,0.0,0.00000004,btc,760637.99421222,0.0,0.023771231960604298,136
1,[],4,[],2019-03-15 21:03:03,470535.10442837,0.00000136,0.000000000053379456000000003,6940646,2019-03-15 21:03:03,btc,38.66219481383999,0.0,0.00000136,btc,563236.98779417,0.04688602,0.0348661884012269,137
1,[],12,[],2019-03-15 21:03:04,163568.43136286,0.00000101999999999999997501889774376149233603428001515567302703857421875,0.000000000040034592,6940647,2019-03-15 21:03:04,btc,7.501028829673234,0.0,0.00000101999999999999997501889774376149233603428001515567302703857421875,btc,5834.10433536,0.0012817631717251,0.0138517099999933,137
1,[],4,[],2019-03-15 21:03:05,13015.78419013,0.00003884,0.000000001524454464,6940648,2019-03-15 21:03:05,btc,28.4736245530108,0.0,0.00003884,btc,44812.24011239,0.41576294,0.3246443590039978,142
1,[],5,[],2019-03-15 21:03:07,0.0,0,0,6940649,2019-03-15 21:03:07,btc,0.0,0.14315799,0,btc,0.0,0.0,0.0,142
1,[],17,[],2019-03-15 21:03:09,22967.386363640002,0.00000088,0.000000000034539648,6940650,2019-03-15 21:03:09,btc,20.06991335275332,0.0,0.00000088,btc,2746.079105,0.0,0.0104613000000032,142
1,[],20,[],2019-03-15 21:03:11,153115.1856,0.00003333,0.000000001308189168,6940651,2019-03-15 21:03:11,btc,0.3359272671272,3.02,0.00003333,btc,2242.1971,9.06935e-05,0.3112479476627,142
1,[],22,[],2019-03-15 21:04:37,1470.2803921568627,0.00001020,0.00000000040034592,6940652,2019-03-15 21:04:37,BTC,3.0054103,0.0,0.00001020,BTC,910.5995,0.0,0.00121106,142
0.0,[],25,[],2019-03-15 21:04:39,0.0,0,0,6940653,2019-03-15 21:04:39,,0.0,0.0,0.0,btc,0.0,0.0,0.0,142
1,[],28,[],2019-03-15 21:04:45,76600.0,0.00002270,0.00000000089096592,6940654,2019-03-15 21:04:45,btc,0.067100461059305,1837.0,0.00002270,btc,552.61077999,0.0,0.0154572,142
0,[],22,[],2019-03-15 21:06:08,0.0,0,0,6940655,2019-03-15 21:06:08,,65.83990167,0.0,0,,1043231670.8,0.0,0.0,143
0,[],22,[],2019-02-25 15:42:22,0.0,0,0,6783783,2019-02-25 15:42:22,,4.2131946,0.0,0,,2322156.0,0.0,0.0,146
,[],22,[],2018-11-20 23:01:11,0.0,0,0,4862114,2018-11-20 23:01:11,,2.56807021,0.0,,,61828.4988236,0.0,0.0,147
1,[],12,[],2019-03-15 21:06:10,374917.52059041,0.00000260999999999999999835960211302943179134672391228377819061279296875,0.000000000102441456,6940656,2019-03-15 21:06:10,btc,8.029495642607596,0.0,0.00000260999999999999999835960211302943179134672391228377819061279296875,btc,108229.34825701,0.0951258858967694,0.1469623599998744,148
1,[],4,[],2019-03-15 21:06:11,215860.9181246,0.00000027,0.000000000010597392000000001,6940657,2019-03-15 21:06:11,btc,218.95071601357486,0.0,0.00000027,btc,805282.68165608,0.00181861,0.0492198099147659,152
0,[],22,[],2019-03-15 21:07:11,0.0,0,0,6940658,2019-03-15 21:07:11,,0.0,0.0,0,,0.0,0.0,0.0,152
1,[],5,[],2019-03-15 21:07:12,0.0,0,0,6940659,2019-03-15 21:07:12,btc,0.0,0.0,0,btc,0.0,0.0,0.0,153
,[],16,[],2019-01-11 15:38:59,0.0,0,0,6366141,2019-01-11 15:38:59,btc,0.0,0.0,,btc,0.0,0.0,0.0,155
0,[],23,[],2019-01-20 23:24:29,0.0,0,0,6476932,2019-01-20 23:24:29,,0.0,0.0,0,,0.0,0.0,0.0,156
0,[],22,[],2019-03-15 21:08:19,0.0,0,0,6940660,2019-03-15 21:08:19,,6.7463775,0.0,0,,4673391.242592593,0.0,0.0,156
1,[],22,[],2019-03-15 21:09:21,7073.8,0.00005300,0.0000000020802288,6940661,2019-03-15 21:09:21,BTC,1.79802465,0.0,0.00005300,BTC,802.6461988741639,0.0,0.00104336,157
0,[],22,[],2019-03-15 21:10:54,0.0,0,0,6940662,2019-03-15 21:10:54,,50175.67608608,0.0,0,,54079135.04179466,0.0,0.0,158
,[],17,[],2018-11-20 22:56:10,0.0,0,0,4861976,2018-11-20 22:56:10,btc,1.1265625,0.0,,btc,1000.0,0.0,0.0,159
,[],20,[],2018-11-20 22:56:12,0.0,0,0,4861977,2018-11-20 22:56:12,btc,11912.7940471,0.0,,btc,34413894.3617,0.0,0.0,159
1,[],17,[],2019-03-15 16:17:14,29784.95,0.000001,0.000000000039308,6939015,2019-03-15 16:17:14,btc,0.03026736251542,0.0,0.000001,btc,144.46171372,0.0,0.00716147,168
1,[],12,[],2019-03-15 21:10:56,234423.98131675,0.000007430000000000000013179561608733791899794596247375011444091796875,0.000000000291624528,6940663,2019-03-15 21:10:56,btc,1.5539548143475552,0.0,0.000007430000000000000013179561608733791899794596247375011444091796875,btc,7554.61761904,0.0013983419,0.1122139012212625,168
0,[],22,[],2019-03-15 21:12:18,0.0,0,0,6940664,2019-03-15 21:12:18,,1.13364782,0.0,0,,524897.174707144,0.0,0.0,169
1,[],22,[],2019-03-15 21:12:55,195096.25,0.00000008,0.000000000003139968,6940665,2019-03-15 21:12:55,BTC,14.35186143,0.0,0.00000008,BTC,159427.3751826074,1.486e-05,0.0019885,171
1,[],22,[],2019-03-15 21:14:05,590027.4761904762,0.00000008,0.000000000003139968,6940666,2019-03-15 21:14:05,BTC,1.92605698,0.0,0.00000008,"BTC,LTC",349879.197337342,0.00163318,0.01399546,173
1,[],5,[],2019-03-05 01:59:40,0.0,0,0,6845846,2019-03-05 01:59:40,btc,0.0,0.00384852,0,btc,0.0,0.0,0.0,175
1,[],22,[],2019-03-15 21:15:40,37100.0,0.00000013,0.000000000005102448,6940667,2019-03-15 21:15:40,BTC,0.54397355,0.0,0.00000013,BTC,137776.41665725366,4.8e-05,0.002272,176
0,[],2,[],2019-01-20 23:28:34,0.0,0,0,6477001,2019-01-20 23:28:34,,0.0,0.0,0,,0.0,0.0,0.0,178
1,[],7,[],2019-03-15 21:15:42,0.0,0,0,6940668,2019-03-15 21:15:42,btc,410194.04876419745,0.0,0,btc,111901383.24861808,0.0,0.0,178
0,[],22,[],2019-03-15 21:16:26,0.0,0,0,6940669,2019-03-15 21:16:26,,1.00242438,0.0,0,,57522.0,0.0,0.0,178
0,[],23,[],2019-01-20 23:25:08,0.0,0,0,6476952,2019-01-20 23:25:08,,0.0,0.0,0,,0.0,0.0,0.0,179
1,[],5,[],2019-03-15 21:16:28,0.0,0,0,6940670,2019-03-15 21:16:28,btc,0.0,0.11874711,0,btc,0.0,0.0,0.0,179
1,[],22,[],2019-03-15 21:17:46,6867106.0,0.00000002,0.000000000000784992,6940671,2019-03-15 21:17:46,BTC,5.63082152,0.0,0.00000002,"BTC,LTC",17356276.489868753,0.0,0.37228284,179
1,[],22,[],2019-03-15 21:19:15,664792.453090909,0.00000125,0.000000000049062,6940672,2019-03-15 21:19:15,BTC,0.24210679,0.0,0.00000125,"BTC,LTC",77218.56103087122,0.00046423,0.56975016,180
1,[],26,[],2019-03-15 21:19:15,0.0,0.00000125,0.000000000049062,6940673,2019-03-15 21:19:15,btc,0.0,50.0,0.00000125,btc,0.0,0.0,0.0,180
1,[],17,[],2019-03-15 19:44:38,10504.725,0.0000001,0.00000000000392995,6940289,2019-03-15 19:44:38,btc,5.201069583844341,0.0,0.0000001,btc,5033.45945,0.0,0.0010504725,180
,[],7,[],2018-11-20 22:58:01,562227.975654,0.00000085,0.000000000036176765,4862015,2018-11-20 22:58:01,btc,21836.6059674,2491.87645172,,btc,749999.041456,0.00211021,0.127565380455,183
1,[],24,[],2019-03-15 21:19:15,0.0,0.000000000001,3.92496e-17,6940674,2019-03-15 21:19:15,btc,0.0,0.0,0.000000000001,btc,0.0,0.0,0.0,187
,[],5,[],2019-01-10 08:11:41,0.0,0,0,6347036,2019-01-10 08:11:41,btc,82.15055501,0.00261,,btc,1.19002445,0.0,0.0,187
,[],17,[],2018-11-16 20:58:10,4062536.27273,0.00000001,0.000000000000550501,4708775,2018-11-16 20:58:10,btc,3.36492563466,0.195460381006,,"btc,eth",110697919.549,0.0,0.0157628953496,187
0,[],22,[],2019-03-15 21:19:52,0.0,0,0,6940675,2019-03-15 21:19:52,,7.54797454,0.0,0,,79361.7243344055,0.0,0.0,191
0,[],22,[],2019-03-15 20:06:53,0.0,0,0,6940465,2019-03-15 20:06:53,,0.0,0.0,0,,0.0,0.0,0.0,197
0,[],23,[],2019-01-20 23:31:41,0.0,0,0,6477079,2019-01-20 23:31:41,,0.0,0.0,0,,0.0,0.0,0.0,199
0,[],22,[],2019-03-15 20:07:01,0.0,0,0,6940466,2019-03-15 20:07:01,,5.21637178,0.0,0,,22590043.5,0.0,0.0,199
1,[],26,[],2019-03-15 20:07:01,0.0,0.00000000,0,6940467,2019-03-15 20:07:01,btc,0.0,125857.0,0.00000000,btc,0.0,0.0,0.0,199
0,[],17,[],2019-01-30 16:32:01,0.0,0,0,6540827,2019-01-30 16:32:01,btc,6.802544163788159,0.0,0,btc,105897.55575295,0.0,0.0,200
0,[],2,[],2019-01-20 23:30:49,0.0,0,0,6477059,2019-01-20 23:30:49,,0.0,0.0,0,,0.0,0.0,0.0,201
1,[],4,[],2019-01-25 15:51:35,2084389.58565343,0.00000936,0.000000000333526752,6499557,2019-01-25 15:51:35,btc,2.0092503037378524,0.0,0.00000936,btc,160195.80207885,0.19272417,1.242687955921835,211
1,[],7,[],2019-03-15 20:07:05,6513254.1539106,0.000001080000000000000035831255497387193287295303889550268650054931640625,0.000000000042454800000000004,6940468,2019-03-15 20:07:05,btc,15476653.553466108,951901.92077,0.000001080000000000000035831255497387193287295303889550268650054931640625,btc,12494123.70347087,0.0,4.0063283234458895,212
1,[],24,[],2019-03-15 20:07:15,0.0,0.000000220000,0.0000000000086482,6940469,2019-03-15 20:07:15,btc,0.0,0.0,0.000000220000,btc,0.0,0.0,0.0,213
1,[],26,[],2019-03-15 20:07:15,0.0,0.00000010,0.000000000003931,6940470,2019-03-15 20:07:15,btc,0.0,0.0,0.00000010,btc,0.0,0.0,0.0,213
1,[],12,[],2019-01-25 02:44:32,207462.42853209,0.000001080000000000000035831255497387193287295303889550268650054931640625,0.000000000038610756000000006,6493050,2019-01-25 02:44:32,btc,85023.03793723314,0.0,0.000001080000000000000035831255497387193287295303889550268650054931640625,btc,43675.73520027,0.000146250909087,0.0348620860622024,213
1,[],5,[],2019-03-15 19:46:04,0.0,0,0,6940298,2019-03-15 19:46:04,btc,0.0,0.13297534,0,btc,0.0,0.0,0.0,213
1,[],22,[],2019-03-15 20:07:24,25000.0,0.00000001,0.0000000000003931,6940471,2019-03-15 20:07:24,BTC,2.2910283,0.0,0.00000001,BTC,748106.3963726171,0.0,0.00025,216
1,[],27,[],2019-03-15 20:07:27,1233122.0,0.00000003,0.0000000000011793,6940472,2019-03-15 20:07:27,btc,316.9775071147724,0.0,0.00000003,"btc,ltc",239299.924324,0.0,0.033757640000074716,216
1,[],22,[],2019-03-15 20:07:34,148525.11184210525,0.00000154,0.0000000000605374,6940473,2019-03-15 20:07:34,BTC,12543.60284256,0.0,0.00000154,BTC,434463.5853601404,0.02496047,0.14740694,217
1,[],7,[],2019-03-15 20:07:36,0.0,0,0,6940474,2019-03-15 20:07:36,btc,77971.81410323446,0.0,0,btc,135962412.7426053,0.0,0.0,219
0,[],27,[],2019-03-15 20:07:37,0.0,0,0,6940475,2019-03-15 20:07:37,,0.0404796,0.0,0,btc,2057905.0,0.0,0.0,219
0.0000000000000052,[],28,[],2019-03-15 20:07:39,171578396.705,9.1026e-18,3.5782320600000003e-22,6940476,2019-03-15 20:07:39,doge,96468.2202421225,14096.0,0.00175050,"btc,doge",6154491.80521,0.0,2.493544688178804e-11,219
1,[],22,[],2019-03-15 20:07:47,405511.0,0.00000008,0.0000000000031448,6940477,2019-03-15 20:07:47,BTC,18.10613233,0.0,0.00000008,BTC,101344.54541875875,0.0,0.01929233,221
1,[],24,[],2019-03-15 20:07:47,0.0,0.000000200000,0.000000000007862,6940478,2019-03-15 20:07:47,btc,0.0,0.0,0.000000200000,btc,0.0,0.0,0.0,221
1,[],20,[],2019-03-15 19:47:01,45307792.7453,0.000000003,0.0000000000001178985,6940309,2019-03-15 19:47:01,btc,49.3958753096225,1998024.1624,0.000000003,btc,14542781.0194,0.0141013513514,0.0532065366853,224
0,[],22,[],2019-03-15 19:47:13,0.0,0,0,6940310,2019-03-15 19:47:13,,0.0,0.0,0,,0.0,0.0,0.0,224
1,[],26,[],2019-03-15 20:07:47,0.0,0.00000035,0.0000000000137585,6940479,2019-03-15 20:07:47,btc,0.0,0.0,0.00000035,btc,0.0,0.0,0.0,231
1,[],26,[],2019-03-15 20:07:48,0.0,0.00000005,0.0000000000019655,6940480,2019-03-15 20:07:48,btc,0.0,0.0,0.00000005,btc,0.0,0.0,0.0,234
0.00000000034851830000000003,[],27,[],2019-03-15 20:07:49,2000.0,3.485183e-18,1.3700254373e-22,6940481,2019-03-15 20:07:49,eth,0.01134836604,0.0,0.00000001,"btc,eth",11462.996,0.0,6.9703660000000004e-15,234
1,[],4,[],2019-03-15 20:07:51,848791.2394338,0.00000089,0.0000000000349859,6940482,2019-03-15 20:07:51,btc,4.349605450384033,0.0,0.00000089,btc,1197967.29256386,0.12167899,0.2420175969923012,236
1,[],24,[],2019-03-15 20:07:51,0.0,0.000000500000,0.000000000019655,6940483,2019-03-15 20:07:51,btc,0.0,0.0,0.000000500000,btc,0.0,0.0,0.0,236
1,[],20,[],2019-03-15 20:07:53,218612431.1671,0.00000005,0.0000000000019655,6940484,2019-03-15 20:07:53,btc,10.467656360364,30102218.2686,0.00000005,btc,30707398.9157,1.5056524831985,0.4153166996133,237
0.00000000014943980000000002,[],22,[],2019-03-15 20:08:08,751594.9,2.5404766000000003e-17,9.986613514600002e-22,6940485,2019-03-15 20:08:08,LTC,1.2021423,0.0,0.00000017,LTC,14198.0,0.0,0.12541949,237
1,[],4,[],2019-03-15 20:08:10,9988998.39578961,0.00000038,0.0000000000149378,6940486,2019-03-15 20:08:10,btc,8.770394874264602,0.0,0.00000038,btc,10369692.45530581,1.6636524,2.609021109249621,238
1,[],5,[],2019-03-15 19:47:38,0.0,0,0,6940319,2019-03-15 19:47:38,btc,0.0,0.12931043,0,btc,0.0,0.0,0.0,238
0,[],22,[],2019-03-12 16:49:32,0.0,0,0,6914458,2019-03-12 16:49:32,,0.40415746,0.0,0,,526736.5639027493,0.0,0.0,249
0.00000000014943980000000002,[],22,[],2019-03-15 20:08:39,48086691.666666664,4.483194e-18,1.7623435614000002e-22,6940487,2019-03-15 20:08:39,LTC,0.95711324,0.0,0.00000003,LTC,18565111.353636365,2.6913629772640003e-12,1.04160377,252
1,[],28,[],2019-03-15 20:08:40,1773406.998,0.00000076,0.0000000000298756,6940488,2019-03-15 20:08:40,btc,164780.42767972205,277740.998,0.00000076,btc,478077.751,0.0,0.5026618414,256
1,[],22,[],2019-03-15 19:48:12,1335324.6666666667,0.00000003,0.000000000001178985,6940322,2019-03-15 19:48:12,BTC,31.4475434,0.0,0.00000003,BTC,594222.6068978057,8.57e-06,0.01899266,258
1,[],22,[],2019-03-13 00:07:30,47146.0,0.00000001,0.000000000000387233,6917028,2019-03-13 00:07:30,BTC,2.415167,0.0,0.00000001,BTC,157.0,0.0,0.00047146,259
1,[],20,[],2019-03-15 20:08:52,1244611.3706,0.0000021,0.000000000082551,6940489,2019-03-15 20:08:52,btc,7.1863131006799,45336.2046,0.0000021,btc,99665.0281,0.090867013736,0.0259890763877,264
1,[],5,[],2019-03-15 19:48:21,0.0,0,0,6940323,2019-03-15 19:48:21,btc,0.0,0.08288416,0,btc,0.0,0.0,0.0,264
0,[],22,[],2019-03-15 19:48:34,0.0,0,0,6940325,2019-03-15 19:48:34,,8.75669439,0.0,0,,483745.2241309945,0.0,0.0,271
0,[],22,[],2019-03-15 20:09:03,0.0,0,0,6940490,2019-03-15 20:09:03,,111821.54152134,0.0,0,,14042847597.692,0.0,0.0,272
0.0000000000000052,[],28,[],2019-03-15 20:09:05,179950115030.401,3.692e-21,1.4513252000000002e-25,6940491,2019-03-15 20:09:05,doge,147651641.4621758,6529525039.0,0.00000071,doge,242464980592.4124,0.0,4.30829144696401e-10,272
1,[],22,[],2019-03-15 20:09:25,141657.78,0.0000006,0.000000000023586,6940492,2019-03-15 20:09:25,BTC,380.63006223,0.0,0.0000006,"BTC,LTC",78711.72280311219,3.240000040348746e-05,0.04487913,281
1,[],22,[],2019-03-15 20:10:59,460071.0,0.00000012,0.0000000000047172,6940493,2019-03-15 20:10:59,BTC,1.28415218,0.0,0.00000012,BTC,230916.43751838012,0.00772841,0.03042787,286
0,[],22,[],2019-03-15 20:11:11,0.0,0,0,6940494,2019-03-15 20:11:11,,1044639.27757649,0.0,0,,747492492.0,0.0,0.0,294
