pairValue,buyBook,exchangeId,sellBook,updated,buyTotal,satoshiPrice,usdPrice,exchangeLogId,created,bestPair,sellTotalBtc,volume,pairPrice,activePairs,sellTotal,volumeBtc,buyTotalBtc,coinId
1,[],3,[],2019-02-24 01:20:38,30558.655199412762,0.01303253000000000050295767550778691656887531280517578125,0.000000539210502726,6770102,2019-02-24 01:20:38,btc,61.13143999183275,0.0,0.01303253000000000050295767550778691656887531280517578125,btc,26.226267523877002,0.0,0.3037229050076728,1
1,[],4,[],2019-02-24 01:20:39,302970.50220931,0.01302111,0.000000538738009362,6770103,2019-02-24 01:20:39,btc,9.249302597801284,0.0,0.01302111,btc,262.71583677,0.57094343,1.3605736484578355,1
1,[],5,[],2019-02-24 01:20:41,0.0,0,0,6770104,2019-02-24 01:20:41,btc,0.0,0.15222138,0,btc,0.0,0.0,0.0,1
1,[],10,[],2019-02-24 01:20:43,414361.22641484,0.01160836,0.000000480286608312,6770105,2019-02-24 01:20:43,btc,6522.752475708646,946.4745479,0.01160836,btc,1047.21790978,0.0,5.706581060058082,1
1,[],12,[],2019-02-24 01:20:46,10460.14422026,0.01306000000000000042799097599299784633331000804901123046875,0.000000540347052,6770106,2019-02-24 01:20:46,btc,0.1813740107613,0.0,0.01306000000000000042799097599299784633331000804901123046875,btc,6.52926784,0.2173763769997,0.6669483939113,1
1,[],20,[],2019-02-24 01:20:48,1150.728,0.010500214,0.0000004344379540788,6770107,2019-02-24 01:20:48,btc,0.0616431583457,0.2998,0.010500214,btc,2.788,0.0031635906448,0.0920030274227,1
1,[],21,[],2019-02-24 01:20:49,2470.23848965,0.01307874000000000015708767620,0.000000541122404508,6770108,2019-02-24 01:20:49,btc,28.843408909617715,8247.26647039,0.01307874000000000015708767620026264921762049198150634765625,"btc,eth",2986.90614518,98.94179186777885,23.57340635281529,1
1,[],22,[],2019-02-24 01:20:54,0.0163776,0.01300000,0.0000005378646,6770109,2019-02-24 01:20:54,BTC,0.31423927,0.0,0.01300000,BTC,0.11751954901960784,0.0,0.00020972,1
1,[],24,[],2019-02-24 01:20:54,0.0,0.000000000000,0,6770110,2019-02-24 01:20:54,btc,0.0,0.0,0.000000000000,btc,0.0,0.0,0.0,1
0.0,[],25,[],2019-02-24 01:20:55,0.0,0,0,6770111,2019-02-24 01:20:55,btc,19.552499998083363,348.39194908,0.0,btc,1462.85772554,4.508,0.0,1
1,[],26,[],2019-02-24 01:20:56,0.0,0,0,6770112,2019-02-24 01:20:56,,0.0,0.0,0,,0.0,0.0,0.0,1
1,[],28,[],2019-02-24 01:21:02,993.21,0.01323000,0.000000547380666,6770113,2019-02-24 01:21:02,btc,0.162839806,8648.5,0.01323000,btc,8.9,0.0,0.090071836,1
0,[],2,[],2019-01-20 23:28:45,0.0,0,0,6477011,2019-01-20 23:28:45,,0.0,0.0,0,,0.0,0.0,0.0,1
1,[],5,[],2019-02-24 01:21:02,0.0,0,0,6770114,2019-02-24 01:21:02,btc,0.0,0.0,0,btc,0.0,0.0,0.0,2
0.0000000001311626,[],22,[],2019-02-24 01:21:06,1148.0,1.4427886e-16,5.969422409412e-21,6770115,2019-02-24 01:21:06,XMR,21.01373823,0.0,0.00000110,XMR,14319.12581,0.0,0.00087635,2
1,[],5,[],2019-02-24 01:21:07,0.0,0,0,6770116,2019-02-24 01:21:07,btc,0.0,1.00340365,0,btc,0.0,0.0,0.0,3
1,[],12,[],2019-02-24 01:21:08,13143234.2595,0.000000175,0.000000000007240485,6770117,2019-02-24 01:21:08,btc,924396.5733898672,0.0,0.000000175,btc,8517930.64642417,0.23084099191220306,0.6422960798221999,3
0,[],28,[],2019-02-24 01:21:10,0.0,0,0,6770118,2019-02-24 01:21:10,,0.0,0.0,0,,0.0,0.0,0.0,3
0,[],2,[],2019-01-20 23:31:32,0.0,0,0,6477077,2019-01-20 23:31:32,,0.0,0.0,0,,0.0,0.0,0.0,4
1,[],4,[],2019-02-22 15:52:28,400439.70738348,0.00000032,0.000000000012596480000000001,6759744,2019-02-22 15:52:28,btc,31.576426407239886,0.0,0.00000032,btc,685876.08766458,0.0,0.0547125982053145,4
1,[],12,[],2019-02-22 14:50:14,1367032.5219999999,0.00000003,0.000000000001190475,6759350,2019-02-22 14:50:14,btc,11013869.583570713,0.0,0.00000003,btc,1211697.32371984,0.00024567976024,0.02065290044,5
0,[],2,[],2019-01-20 23:31:51,0.0,0,0,6477087,2019-01-20 23:31:51,,0.0,0.0,0,,0.0,0.0,0.0,6
1,[],11,[],2019-02-24 01:21:11,3301329.5,0.00000002,0.000000000000827484,6770119,2019-02-24 01:21:11,btc,9432.836945181234,61187.0,0.00000002,btc,41471686.95347657,0.0,0.033501425,6
1,[],3,[],2019-02-24 01:21:12,1091.857220066689,0.00015102999999999999563259078794175138682476244866847991943359375,0.000000006248745426,6770120,2019-02-24 01:21:12,btc,27.605796873748474,0.0,0.00015102999999999999563259078794175138682476244866847991943359375,btc,249.144760639695,0.0,0.03419745781762677,7
1,[],4,[],2019-02-24 01:21:12,96524.6713702,0.00025158,0.000000010408921236000001,6770121,2019-02-24 01:21:12,btc,22.6229795743869,0.0,0.00025158,btc,60845.63205906,8.00404245,5.533835026277295,7
1,[],5,[],2019-02-24 01:21:13,0.0,0,0,6770122,2019-02-24 01:21:13,btc,0.0,1.86044122,0,btc,0.0,0.0,0.0,7
1,[],20,[],2019-02-20 02:16:17,39399275.8418,0.000000001,0.0000000000000390183,6728586,2019-02-20 02:16:17,btc,116.9737569154545,525.0,0.000000001,btc,56932965.8895,5.25e-07,0.0393992758418,8
0,[],2,[],2019-01-20 23:22:42,0.0,0,0,6476876,2019-01-20 23:22:42,,0.0,0.0,0,,0.0,0.0,0.0,9
0,[],23,[],2019-01-20 23:22:48,0.0,0,0,6476878,2019-01-20 23:22:48,,0.0,0.0,0,,0.0,0.0,0.0,9
1,[],1,[],2019-02-17 23:31:42,1822507.21,0.00000181000000000000003456111265232042484285557293333113193511962890625,0.000000000066086901,6701244,2019-02-17 23:31:42,btc,3.6990969245,17153386.5,0.00000181000000000000003456111265232042484285557293333113193511962890625,btc,1997391.71,31.11772986,3.2610482446,9
1,[],4,[],2019-02-24 01:21:15,2029277.03639953,0.00000187,0.000000000077369754,6770123,2019-02-24 01:21:15,btc,4.47440729632068,0.0,0.00000187,btc,1978681.70751245,3.81953182,0.8939873109872372,9
1,[],28,[],2019-02-24 01:21:21,43300.0,0.00000166,0.00000000006868117200000001,6770124,2019-02-24 01:21:21,btc,2708.763440957195,1765705.51,0.00000166,btc,12613.2201,0.0,0.043148,9
1,[],4,[],2019-02-17 11:22:43,4341674.27126056,0.00000002,0.0000000000007272960000000001,6696112,2019-02-17 11:22:43,btc,0.1997230937751353,0.0,0.00000002,btc,4109766.79808031,0.00215132,0.0479381022052112,10
0,[],2,[],2019-01-20 23:23:08,0.0,0,0,6476890,2019-01-20 23:23:08,,0.0,0.0,0,,0.0,0.0,0.0,12
1,[],4,[],2019-02-24 01:21:21,3045157.8841608,0.00000131,0.000000000054200202000000004,6770125,2019-02-24 01:21:21,btc,15.596369683082015,0.0,0.00000131,btc,7446379.26922217,4.38033914,1.978875378720934,12
1,[],5,[],2019-02-24 01:21:23,0.0,0,0,6770126,2019-02-24 01:21:23,btc,0.0,0.91160216,0,btc,0.0,0.0,0.0,12
0.0,[],25,[],2019-02-24 01:21:24,0.0,0,0,6770127,2019-02-24 01:21:24,,0.0,0.0,0.0,btc,0.0,0.0,0.0,12
1,[],10,[],2019-02-23 23:19:31,487568.41920357,0.00000543,0.00000000022365355500000001,6769426,2019-02-23 23:19:31,btc,666802.6287864128,27417.7393837,0.00000543,btc,749112.83720961,0.0,0.364377679535344,13
1,[],4,[],2019-02-24 00:27:47,1347556.64670207,0.00000556,0.00000000022901640000000002,6769966,2019-02-24 00:27:47,btc,3.0616227764518675,0.0,0.00000556,btc,419563.63546102,1.10299036,0.4837648432985647,13
1,[],21,[],2019-02-24 00:27:51,400943.12467439,0.000005620000000000000402134922584,0.00000000023148780000000002,6769967,2019-02-24 00:27:51,btc,5.19974993392365,378656.78926499,0.00000562000000000000040213492258356353659110027365386486053466796875,btc,827364.41147618,2.18351392,2.062557286447689,13
0,[],17,[],2019-02-24 00:27:54,0.0,0,0,6769970,2019-02-24 00:27:54,btc,0.0,0.0,0,btc,0.0,0.0,0.0,14
1,[],4,[],2019-02-24 01:21:25,668687.6408384,0.00000131,0.000000000054200202000000004,6770128,2019-02-24 01:21:25,btc,12.743731235089454,0.0,0.00000131,btc,881835.60321932,0.01800344,0.1305039676083677,14
1,[],12,[],2019-02-24 01:21:26,119216.91304348,0.00000110999999999999996035831596741250137938550324179232120513916015625,0.000000000045925362,6770129,2019-02-24 01:21:26,btc,5.292060145055694,0.0,0.00000110999999999999996035831596741250137938550324179232120513916015625,btc,32406.19773647,0.0006957474847976,0.0242673700000004,14
1,[],26,[],2019-02-24 01:21:37,0.0,0.00000050,0.0000000000206871,6770130,2019-02-24 01:21:37,btc,0.0,0.0,0.00000050,btc,0.0,0.0,0.0,14
,[],12,[],2018-12-01 15:15:48,204241.84496,0.00000489,0.000000000202473384,5260204,2018-12-01 15:15:48,btc,49.5475654835,0.0,,btc,35763.2193806,0.0163153972027625,0.0203389899998,15
0,[],4,[],2019-02-24 01:21:38,0.0,0,0,6770131,2019-02-24 01:21:38,,0.0,0.0,0,,0.0,0.0,0.0,15
1,[],4,[],2019-02-24 00:27:56,25230.9576836,0.00001766,0.0000000007274154,6769973,2019-02-24 00:27:56,btc,1.2514093323141868,0.0,0.00001766,btc,9129.06842267,0.05306068,0.0700887051056562,18
1,[],10,[],2019-02-24 00:27:59,783252.17841833,0.0000171,0.0000000007043489999999999,6769974,2019-02-24 00:27:59,btc,15.496885502620342,15845.47824,0.0000171,btc,16398.37548463,0.0,0.1369680132393714,18
1,[],12,[],2019-02-24 00:28:00,199292.96779221,0.0000177300000000000013470301263307504768818034790456295013427734375,0.0000000007302987000000001,6769975,2019-02-24 00:28:00,btc,23.67731362681104,0.0,0.0000177300000000000013470301263307504768818034790456295013427734375,btc,2368.16273507,0.0152543040412352,0.0340359929692824,18
0,[],17,[],2019-02-23 22:19:47,0.0,0,0,6769242,2019-02-23 22:19:47,btc,0.0,0.0,0,btc,0.0,0.0,0.0,18
0,[],2,[],2019-01-20 23:23:38,0.0,0,0,6476906,2019-01-20 23:23:38,,0.0,0.0,0,,0.0,0.0,0.0,18
0,[],2,[],2019-01-20 23:24:19,0.0,0,0,6476924,2019-01-20 23:24:19,,0.0,0.0,0,,0.0,0.0,0.0,19
1,[],3,[],2019-02-24 01:21:39,120776.3141567528,0.00002203999999999999904500003200524815838434733450412750244140625,0.000000000911887368,6770132,2019-02-24 01:21:39,btc,0.5975024268914596,33.8698959167,0.00002203999999999999904500003200524815838434733450412750244140625,btc,11484.78606069032,0.0,0.07966178993169826,19
1,[],4,[],2019-02-24 01:21:39,557977.07555317,0.00002146,0.000000000887890332,6770133,2019-02-24 01:21:39,btc,2.3872317239034957,0.0,0.00002146,btc,67340.23824176,0.57495065,2.3041398573394947,19
1,[],5,[],2019-02-24 01:21:40,0.0,0,0,6770134,2019-02-24 01:21:40,btc,0.0,0.00031002,0,btc,0.0,0.0,0.0,19
1,[],12,[],2019-02-24 01:21:41,132604.9352518,0.00001849999999999999905696095037210824330031755380332469940185546875,0.0000000007654227,6770135,2019-02-24 01:21:41,btc,1.3585253084294138,0.0,0.00001849999999999999905696095037210824330031755380332469940185546875,btc,410.28656678,0.0019845967133284,0.077749100000016,19
0,[],27,[],2019-02-24 01:21:43,0.0,0,0,6770136,2019-02-24 01:21:43,,0.0,0.0,0,btc,0.0,0.0,0.0,19
1,[],4,[],2019-02-24 01:21:44,8070160.95424551,0.00000013,0.0000000000053786460000000004,6770137,2019-02-24 01:21:44,btc,7.376054659582633,0.0,0.00000013,btc,2843149.4360639,0.0,0.2584025451781454,20
0,[],17,[],2019-02-24 00:28:12,0.0,0,0,6769984,2019-02-24 00:28:12,btc,0.0,0.0,0,btc,0.0,0.0,0.0,21
1,[],4,[],2019-02-24 01:21:45,104150384.86437024,0.00000002,0.000000000000827484,6770138,2019-02-24 01:21:45,btc,359.51289750582265,0.0,0.00000002,btc,55731908.51417261,0.0,1.1707481411680452,21
1,[],12,[],2019-02-24 01:21:47,18647376.0,0.00000002,0.000000000000827484,6770139,2019-02-24 01:21:47,btc,670.3899289734848,0.0,0.00000002,btc,8544410.32857329,0.0,0.24518776,21
1,[],12,[],2019-02-24 01:21:49,3517877002.6808996,0.0000000002,0.00000000000000827484,6770140,2019-02-24 01:21:49,btc,875865842408.789,0.0,0.0000000002,btc,4724784145.118327,0.013940460979221555,0.40967664228299044,23
0.0000000003846458,[],27,[],2019-02-24 01:21:51,2000.0,3.846458e-18,1.591441225836e-22,6770141,2019-02-24 01:21:51,eth,1.3429826565934113,0.0,0.00000001,eth,1964879.85514486,0.0,7.692916e-15,23
1,[],4,[],2019-02-24 01:21:51,428298.27690107,0.00000060,0.00000000002482452,6770142,2019-02-24 01:21:51,btc,8.434154634006081,0.0,0.00000060,btc,1477523.34193587,0.0005328,0.1434740200069625,24
1,[],22,[],2019-02-24 01:21:55,11.76,0.00000100,0.0000000000413742,6770143,2019-02-24 01:21:55,BTC,7.415e-05,0.0,0.00000100,BTC,23.919354838709676,0.0,1.176e-05,24
0.0,[],25,[],2019-02-24 01:21:56,0.0,0,0,6770144,2019-02-24 01:21:56,,0.0,0.0,0.0,btc,0.0,0.0,0.0,24
0,[],2,[],2019-01-20 23:25:56,0.0,0,0,6476976,2019-01-20 23:25:56,,0.0,0.0,0,,0.0,0.0,0.0,26
1,[],4,[],2019-02-24 01:21:57,26867965.47973346,0.00000615,0.00000000025445133,6770145,2019-02-24 01:21:57,btc,73.3226890846647,0.0,0.00000615,btc,239781.67896986,0.08682571,0.4955772937553612,26
1,[],10,[],2019-02-24 01:21:59,689376.00309535,0.00000623,0.000000000257761266,6770146,2019-02-24 01:21:59,btc,25.92409507165083,6872.41781574,0.00000623,btc,13877.31853269,0.0,0.2200019927047534,26
1,[],3,[],2019-02-23 18:17:02,10659120.92303129,0.00000002,0.0000000000008202040000000002,6768225,2019-02-23 18:17:02,btc,2.9010609406228287,225458.199062,0.00000002,btc,18682481.51451327,0.0,0.1428299014392689,27
1,[],5,[],2019-02-23 18:17:03,0.0,0,0,6768226,2019-02-23 18:17:03,btc,0.0,0.03869042,0,btc,0.0,0.0,0.0,27
1,[],11,[],2019-02-23 18:17:06,9657302.940399151,0.00000005,0.0000000000020505100000000003,6768227,2019-02-23 18:17:06,btc,67506.53137702076,146281.413934,0.00000005,btc,8171781.9763934,0.0,0.450973774642923,27
1,[],4,[],2019-02-24 01:22:00,1393512994.0875413,0.00000002,0.000000000000827484,6770147,2019-02-24 01:22:00,btc,10.166291909935214,0.0,0.00000002,"btc,ltc",601669225.9069014,0.218505,9.450467194368741,29
1,[],7,[],2019-02-24 01:22:02,35193800.78316906,0.00000002,0.000000000000827484,6770148,2019-02-24 01:22:02,btc,44463896.8411907,10395.4798892,0.00000002,btc,60091061.60632691,0.00020791,0.35354440767815354,29
1,[],4,[],2019-02-24 01:22:03,1390763.92486984,0.00000031,0.000000000012826002,6770149,2019-02-24 01:22:03,btc,2.32607359346194,0.0,0.00000031,btc,1545623.15577061,0.00562545,0.0947697711241147,30
0,[],17,[],2019-02-23 23:28:39,0.0,0,0,6769644,2019-02-23 23:28:39,btc,0.0,0.0,0,btc,0.0,0.0,0.0,30
1,[],4,[],2019-02-24 01:22:04,1117710.63635248,0.00005686,0.0000000023525370120000002,6770150,2019-02-24 01:22:04,btc,5.095288243605658,0.0,0.00005686,btc,64390.80176486,0.58375583,1.10300976192867,31
1,[],21,[],2019-02-24 01:22:05,49209.56055315,0.00005645000000000000332182198415,0.00000000233557359,6770151,2019-02-24 01:22:05,btc,1.9084139518256156,65003.76011716,0.000056450000000000003321821984147987905089394189417362213134765625,btc,29454.83478068,3.73765812,2.5974264481730995,31
0,[],2,[],2019-01-20 23:28:43,0.0,0,0,6477009,2019-01-20 23:28:43,,0.0,0.0,0,,0.0,0.0,0.0,32
1,[],4,[],2019-02-24 01:22:06,352090462.1427106,0.00000004,0.000000000001654968,6770152,2019-02-24 01:22:06,btc,9.373656058116765,0.0,0.00000004,"btc,ltc",163952473.56875324,0.34555896,8.072593739588715,33
1,[],12,[],2019-02-24 01:22:07,16703432.379,0.00000005,0.00000000000206871,6770153,2019-02-24 01:22:07,btc,35620507.04496033,0.0,0.00000005,btc,89084893.1138858,0.0064404513986022,0.55130978895,33
1,[],4,[],2019-02-24 01:22:08,129287007.50772509,0.00000001,0.000000000000413742,6770154,2019-02-24 01:22:08,btc,4.182713892788633,0.0,0.00000001,btc,99074050.53921291,0.00597025,1.2928700750772508,34
1,[],5,[],2019-02-24 01:22:09,0.0,0,0,6770155,2019-02-24 01:22:09,btc,0.0,0.00693854,0,btc,0.0,0.0,0.0,34
0.0000000001251174,[],4,[],2019-02-24 01:22:09,1983036573.6706257,2.5023480000000002e-18,1.0353264662160001e-22,6770156,2019-02-24 01:22:09,ltc,2.6727004514572575e-08,0.0,0.00000002,ltc,3106986862.1399794,0.0,3.960439540156109e-09,36
1,[],5,[],2019-02-24 01:22:10,0.0,0,0,6770157,2019-02-24 01:22:10,btc,0.0,0.0,0,btc,0.0,0.0,0.0,36
0,[],17,[],2019-02-24 01:22:12,0.0,0,0,6770158,2019-02-24 01:22:12,btc,0.07464582862783672,0.0,0,btc,4105386.20243647,0.0,0.0,36
0.0000000003846458,[],27,[],2019-02-24 01:22:15,1000000.0,3.846458e-18,1.591441225836e-22,6770159,2019-02-24 01:22:15,eth,114.13449805688529,0.0,0.00000001,"ltc,eth",4163566.4875004,0.0,1.2563645680000001e-12,36
1,[],4,[],2019-02-23 23:20:59,316552.78414112,0.00000068,0.00000000002800818,6769464,2019-02-23 23:20:59,btc,19772.47496161791,0.0,0.00000068,btc,564895.6210062,0.00527489,0.1552516516053259,37
1,[],12,[],2019-02-23 23:21:00,431387.36513573,0.0000007,0.000000000028831950000000003,6769465,2019-02-23 23:21:00,btc,1347.0827549991616,0.0,0.0000007,btc,860558.94061338,0.0524120731257653,0.0857150800000008,37
1,[],27,[],2019-02-23 23:21:03,14685.567,0.00000045,0.000000000018534825000000003,6769466,2019-02-23 23:21:03,btc,25.83024737411233,0.0,0.00000045,btc,6763.38138508,0.0,0.00480032515,37
1,[],17,[],2019-02-23 22:21:02,1752.74075282,0.00000025,0.000000000010280650000000001,6769275,2019-02-23 22:21:02,btc,0.05548492400871832,0.0,0.00000025,btc,1387.19918473,0.0,0.00043818518820499993,37
1,[],5,[],2019-02-24 01:22:16,0.0,0,0,6770160,2019-02-24 01:22:16,btc,0.0,0.05410189,0,btc,0.0,0.0,0.0,42
1,[],12,[],2019-02-24 01:22:17,136767.72564711,0.00000095,0.00000000003930549,6770161,2019-02-24 01:22:17,btc,94.7003279510482,0.0,0.00000095,btc,110883.85271771,0.0018541504994997,0.0422920579650405,42
0.0000000003846458,[],27,[],2019-02-24 01:22:20,2000.0,3.846458e-18,1.591441225836e-22,6770162,2019-02-24 01:22:20,eth,0.00315028,0.0,0.00000001,"btc,eth",11.007,0.0,7.692916e-15,42
1,[],5,[],2019-02-24 01:22:20,0.0,0,0,6770163,2019-02-24 01:22:20,btc,0.0,0.08780061,0,btc,0.0,0.0,0.0,43
1,[],12,[],2019-02-24 01:22:22,3609997.0,0.00000001,0.000000000000413742,6770164,2019-02-24 01:22:22,btc,20003573.7125856,0.0,0.00000001,btc,37899081.27012986,0.00024792992008,0.03609997,43
0,[],17,[],2019-02-24 01:22:23,0.0,0,0,6770165,2019-02-24 01:22:23,btc,0.0,0.0,0,btc,0.0,0.0,0.0,43
1,[],12,[],2019-02-24 01:22:25,679482.0,0.00000005,0.00000000000206871,6770166,2019-02-24 01:22:25,btc,11115177.728639167,0.0,0.00000005,btc,1099285.39762234,3.7e-06,0.01729298,44
1,[],4,[],2019-02-24 01:22:26,304149651.54405814,0.00000002,0.000000000000827484,6770167,2019-02-24 01:22:26,btc,474.57053500070765,0.0,0.00000002,"btc,ltc",12283786.99500239,0.00010277,0.21753555582107656,49
0,[],4,[],2019-02-24 01:22:27,0.0,0,0,6770168,2019-02-24 01:22:27,,25.469936314809058,0.0,0,,10676088459.9399,0.0,0.0,52
0.0000000001311626,[],22,[],2019-02-24 01:22:31,80945862.0,1.311626e-18,5.42674764492e-23,6770169,2019-02-24 01:22:31,XMR,4366.90665423,0.0,0.00000001,XMR,254618181.67882353,0.0,0.80945862,57
0.0000000003846458,[],27,[],2019-02-24 01:22:33,2000.0,3.846458e-18,1.591441225836e-22,6770170,2019-02-24 01:22:33,eth,0.0,0.0,0.00000001,"btc,eth",0.0,0.0,7.692916e-15,57
0.0000000001251174,[],4,[],2019-02-24 01:22:34,889133559.7182373,3.753522e-18,1.552989699324e-22,6770171,2019-02-24 01:22:34,ltc,18.81130037047174,0.0,0.00000003,ltc,3904349288.926724,0.0,2.1229824792405977e-09,58
1,[],12,[],2019-02-24 01:22:34,1635197348.843957,0.0000000004,0.00000000000001654968,6770172,2019-02-24 01:22:34,btc,224005479514.1074,0.0,0.0000000004,btc,3716736448.2851906,0.00728777386213785,0.5294591994011392,58
0,[],17,[],2019-02-24 01:22:46,0.0,0,0,6770173,2019-02-24 01:22:46,btc,1e+24,0.0,0,btc,49226522.0897055,0.0,0.0,58
0.0000000001311626,[],22,[],2019-02-24 01:22:50,137438.0,1.311626e-18,5.42674764492e-23,6770174,2019-02-24 01:22:50,XMR,69.8835922,0.0,0.00000001,XMR,9887963.0,0.0,0.00137438,58
1,[],22,[],2019-02-24 01:22:55,5149.5,0.00000011,0.000000000004551162,6770176,2019-02-24 01:22:55,BTC,1002.29597012,0.0,0.00000011,BTC,14947.700278135757,0.0,0.00051596,61
1,[],26,[],2019-02-24 01:22:55,0.0,0.00000800,0.0000000003309936,6770177,2019-02-24 01:22:55,btc,0.0,0.0,0.00000800,btc,0.0,0.0,0.0,61
1,[],27,[],2019-02-24 01:22:57,2493.55,0.00000045,0.00000000001861839,6770178,2019-02-24 01:22:57,btc,7.847961250658426,0.0,0.00000045,"btc,eth",20831.38399471,0.0,0.00021559750376952885,61
1,[],28,[],2019-02-24 01:23:02,13882.304,0.0000005,0.0000000000206871,6770179,2019-02-24 01:23:02,btc,2.056328285685105,458.0,0.0000005,btc,9746.52450005,0.0,0.00566491304,61
1,[],5,[],2019-02-24 01:22:51,0.0,0,0,6770175,2019-02-24 01:22:51,btc,0.0,0.00332482,0,btc,0.0,0.0,0.0,61
1,[],4,[],2019-02-24 01:23:03,1470338.60994181,0.00000286,0.000000000118330212,6770180,2019-02-24 01:23:03,btc,11.350988833421177,0.0,0.00000286,btc,806396.35318653,0.12640498,1.4273066398136998,67
0.0,[],25,[],2019-02-24 01:23:06,0.0,0,0,6770181,2019-02-24 01:23:06,,0.0,0.0,0.0,btc,0.0,0.0,0.0,67
1,[],12,[],2019-02-24 01:23:07,2990018.47390196,0.0000002,0.00000000000827484,6770182,2019-02-24 01:23:07,btc,11115998.396486355,0.0,0.0000002,btc,2035256.66909684,0.0032035846453549,0.1024666364411115,71
,[],5,[],2018-11-20 23:02:39,1.5e-07,0.00000005,0.000000000002128045,4862160,2018-11-20 23:02:39,btc,2.84511358,0.0,,btc,0.00036572,0.0,0.07381892,74
1,[],5,[],2019-02-24 01:23:09,0.0,0,0,6770183,2019-02-24 01:23:09,btc,0.0,0.0,0,btc,0.0,0.0,0.0,75
1,[],4,[],2019-02-23 22:21:57,17233280.92031862,0.00000001,0.000000000000411226,6769300,2019-02-23 22:21:57,btc,11388.638595673243,0.0,0.00000001,btc,34444270.17624532,0.0,0.1723328092031862,81
0,[],20,[],2019-01-25 09:30:31,0.0,0,0,6495923,2019-01-25 09:30:31,btc,0.0,0.0,0,btc,0.0,0.0,0.0,81
1,[],4,[],2019-02-24 01:23:09,28551.13549799,0.00007586,0.000000003138646812,6770184,2019-02-24 01:23:09,btc,17.757992684424494,0.0,0.00007586,btc,12568.74742163,0.02265929,0.1337559675594073,82
1,[],21,[],2019-02-24 01:23:10,69187.81080881,0.00007671000000000000246854620078,0.0000000031738148820000003,6770185,2019-02-24 01:23:10,btc,2.272673899273538,2122.05563215,0.000076710000000000002468546200784516031490056775510311126708984375,btc,24033.59167344,0.16388326,2.395666969514159,82
0,[],17,[],2019-02-23 23:21:58,0.0,0,0,6769491,2019-02-23 23:21:58,btc,0.0447233088476774,0.0,0,btc,999127.19588126,0.0,0.0,84
0.0000000001251174,[],4,[],2019-02-24 01:23:22,159256323.8290889,5.0046960000000004e-18,2.0706529324320003e-22,6770186,2019-02-24 01:23:22,ltc,1.783042300387718,0.0,0.00000004,ltc,406284496.7403224,0.0,4.5561526499908723e-10,85
,[],22,[],2018-11-20 23:09:34,3408.1,0.0000001,0.0000000000041895,4862324,2018-11-20 23:09:34,BTC,0.04624735,0.0,,BTC,4990.0,0.0,0.00033081,86
0,[],22,[],2019-02-22 12:52:35,0.0,0,0,6758847,2019-02-22 12:52:35,,2.0760781,0.0,0,,140622.94736842104,0.0,0.0,87
0,[],27,[],2019-02-22 12:52:37,0.0,0,0,6758848,2019-02-22 12:52:37,,0.0,0.0,0,btc,0.0,0.0,0.0,87
,[],2,[],2018-11-20 23:10:47,0.0,0,0,4862359,2018-11-20 23:10:47,,0.0,0.0,,,0.0,0.0,0.0,88
1,[],11,[],2019-02-24 01:23:24,93385.41452725,0.0001500200000000000036086411636659931900794617831707000732421875,0.000000006206957484,6770187,2019-02-24 01:23:24,btc,608.2847458820852,521.0,0.0001500200000000000036086411636659931900794617831707000732421875,btc,92447.20167988,0.0,6.349554851281431,89
1,[],12,[],2019-02-24 01:23:25,427941.51080875,0.000001439999999999999977188928391991229460700196796096861362457275390625,0.000000000059578848,6770188,2019-02-24 01:23:25,btc,4.31802073467208,0.0,0.000001439999999999999977188928391991229460700196796096861362457275390625,btc,57375.0424304,0.0005144125090541,0.0398798302938091,91
0,[],17,[],2019-02-24 01:23:37,0.0,0,0,6770189,2019-02-24 01:23:37,btc,0.0,0.0,0,btc,0.0,0.0,0.0,91
0,[],22,[],2019-02-24 01:23:40,0.0,0,0,6770190,2019-02-24 01:23:40,,3.1e-06,0.0,0,,2.0,0.0,0.0,91
0,[],2,[],2019-01-20 23:31:45,0.0,0,0,6477083,2019-01-20 23:31:45,,0.0,0.0,0,,0.0,0.0,0.0,91
0.0000000001251174,[],22,[],2019-02-24 01:23:43,2791021.0,5.0046960000000004e-18,2.0706529324320003e-22,6770191,2019-02-24 01:23:43,LTC,8.53161599,0.0,0.00000004,LTC,71994962.1,4.27896503304e-13,0.09164084,95
0.0000000001251174,[],4,[],2019-02-24 01:23:44,655233920.508224,7.3819266e-17,3.0542130753372003e-21,6770192,2019-02-24 01:23:44,ltc,11.906313516868035,0.0,0.00000059,ltc,136515862.25854954,0.0,2.99012176616911e-09,96
1,[],12,[],2019-02-24 01:23:45,200.0,0.00000001,0.000000000000413742,6770193,2019-02-24 01:23:45,btc,255075.8876903879,0.0,0.00000001,btc,8638891.94636337,0.002618207982018,2e-06,96
0,[],17,[],2019-02-24 01:23:46,0.0,0,0,6770194,2019-02-24 01:23:46,btc,0.0,0.0,0,btc,0.0,0.0,0.0,96
1,[],4,[],2019-02-24 01:23:48,1446516.63639961,0.00000029,0.000000000011998518,6770195,2019-02-24 01:23:48,btc,2.9546521946853486,0.0,0.00000029,btc,2462533.8621224,0.02803784,0.1170182419594783,99
1,[],4,[],2019-02-24 01:23:49,1227713.85212127,0.00004235,0.00000000175219737,6770196,2019-02-24 01:23:49,btc,11.158574938549052,0.0,0.00004235,btc,141893.4838642,1.19837698,3.2421439628048927,100
0,[],2,[],2019-01-20 23:23:55,0.0,0,0,6476914,2019-01-20 23:23:55,,0.0,0.0,0,,0.0,0.0,0.0,100
1,[],22,[],2019-02-24 01:23:53,50000.0,0.00000001,0.000000000000413742,6770197,2019-02-24 01:23:53,BTC,23.49896609,0.0,0.00000001,BTC,10277.22,0.0,0.0005,101
1,[],4,[],2019-02-24 01:23:54,476101.53974091,0.00000091,0.000000000037650522000000005,6770198,2019-02-24 01:23:54,btc,256.2965681339653,0.0,0.00000091,btc,482255.43052668,0.01252339,0.2472938603713582,103
1,[],12,[],2019-02-24 01:23:56,58432572.0,0.000000012,0.0000000000004964904,6770199,2019-02-24 01:23:56,btc,137279342.42980963,0.0,0.000000012,btc,123558431.0289516,0.06211136742230752,0.182927896,105
1,[],27,[],2019-02-24 01:23:58,413810.89,0.00000001,0.000000000000413742,6770200,2019-02-24 01:23:58,btc,0.1943154355560939,0.0,0.00000001,btc,311075.05581977,0.0,0.0041381089,105
1,[],22,[],2019-02-24 01:24:03,9328.0,0.00000001,0.000000000000413742,6770201,2019-02-24 01:24:03,BTC,51.10837004,0.0,0.00000001,BTC,470435.0,0.0,9.328e-05,107
1,[],26,[],2019-02-24 01:24:03,0.0,0.00000000,0,6770202,2019-02-24 01:24:03,btc,0.0,0.0,0.00000000,btc,0.0,0.0,0.0,107
1,[],5,[],2019-02-24 01:24:04,0.0,0,0,6770203,2019-02-24 01:24:04,btc,0.0,1.088e-05,0,btc,0.0,0.0,0.0,112
1,[],22,[],2019-02-24 01:24:07,1966.0,0.00000001,0.000000000000413742,6770204,2019-02-24 01:24:07,BTC,2.81183288,0.0,0.00000001,BTC,808524.0833333334,0.0,1.966e-05,112
0.0000000003846458,[],27,[],2019-02-24 01:24:10,2000.0,3.846458e-18,1.591441225836e-22,6770205,2019-02-24 01:24:10,eth,1.35132491849924,0.0,0.00000001,"btc,eth",1328.641654,0.0,7.692916e-15,112
1,[],4,[],2019-02-24 01:24:11,369118.5453231,0.00000308,0.000000000127432536,6770206,2019-02-24 01:24:11,btc,72.10161724103696,0.0,0.00000308,btc,353862.87944044,0.05111763,0.1570459745044973,113
1,[],5,[],2019-02-24 01:24:12,0.0,0,0,6770207,2019-02-24 01:24:12,btc,0.0,0.0,0,btc,0.0,0.0,0.0,113
1,[],17,[],2019-02-24 01:24:14,152738.278,0.00000004,0.000000000001654968,6770208,2019-02-24 01:24:14,btc,1.3368030275584923,0.0,0.00000004,btc,51896.221,0.0,0.0022095311199999998,116
0,[],27,[],2019-02-24 01:24:16,0.0,0,0,6770209,2019-02-24 01:24:16,,0.0,0.0,0,btc,0.0,0.0,0.0,116
1,[],4,[],2019-02-24 01:24:16,102222.56012303,0.00002582,0.000000001068281844,6770210,2019-02-24 01:24:16,btc,28.11715529080796,0.0,0.00002582,btc,48204.84220005,0.22266431,0.7796537075449655,120
1,[],7,[],2019-02-24 01:24:19,211475.42177027,0.00002640000000000000134644899396629824650517548434436321258544921875,0.00000000109227888,6770211,2019-02-24 01:24:19,btc,115647.31621235279,73.20928757,0.00002640000000000000134644899396629824650517548434436321258544921875,btc,38342.6678596,0.00209943,0.0679523347359348,120
1,[],20,[],2019-02-23 23:23:09,1175077.5618,0.000000012,0.0000000000004942620000000001,6769518,2019-02-23 23:23:09,btc,31.9232981096527,10158.0,0.000000012,btc,1119871.1271,0.000121896,0.0033514319724,125
1,[],22,[],2019-02-24 01:24:23,3053.0,0.00000001,0.000000000000413742,6770212,2019-02-24 01:24:23,BTC,0.01444887,0.0,0.00000001,BTC,296263.5111111111,0.0,3.053e-05,126
1,[],4,[],2019-02-24 01:24:24,117525.0167373,0.00001390,0.0000000005751013800000001,6770213,2019-02-24 01:24:24,btc,21.073306042376394,0.0,0.00001390,btc,124758.17218459,0.19573719,0.4654954753530194,131
0,[],17,[],2019-02-24 01:24:25,0.0,0,0,6770214,2019-02-24 01:24:25,btc,0.0009561751951600001,0.0,0,btc,35.42829368,0.0,0.0,131
0,[],2,[],2019-01-20 23:25:46,0.0,0,0,6476969,2019-01-20 23:25:46,,0.0,0.0,0,,0.0,0.0,0.0,131
1,[],4,[],2019-02-24 01:24:27,4560.44205331,0.00017076,0.000000007065058392,6770215,2019-02-24 01:24:27,btc,1.6457141238952244,0.0,0.00017076,btc,331.25337767,0.00057477,0.009641806926197,135
1,[],3,[],2019-02-24 01:24:28,1522642.49571841,0.00000005,0.00000000000206871,6770216,2019-02-24 01:24:28,btc,0.1458942086247726,25853.5,0.00000005,btc,632925.53813868,0.0,0.0562254579470342,136
1,[],4,[],2019-02-24 01:24:29,262975.41413954,0.00000173,0.000000000071577366,6770217,2019-02-24 01:24:29,btc,38.871733924375825,0.0,0.00000173,btc,629498.60848261,0.10661136,0.0684250390666324,137
1,[],12,[],2019-02-24 01:24:30,337725.64330603,0.0000016800000000000000086801225929189484986636671237647533416748046875,0.000000000069508656,6770218,2019-02-24 01:24:30,btc,11807.597211098517,0.0,0.0000016800000000000000086801225929189484986636671237647533416748046875,btc,123073.38316351,0.0023266982517823,0.093556229999997,137
1,[],4,[],2019-02-24 01:24:31,228051.4642407,0.00004200,0.0000000017377164000000002,6770219,2019-02-24 01:24:31,btc,29.1576125563089,0.0,0.00004200,btc,45568.93496272,0.1589643,1.1594103730131102,142
1,[],5,[],2019-02-24 01:24:32,0.0,0,0,6770220,2019-02-24 01:24:32,btc,0.0,0.48486019,0,btc,0.0,0.0,0.0,142
1,[],17,[],2019-02-24 01:24:34,22967.386363640002,0.00000088,0.000000000036409296,6770221,2019-02-24 01:24:34,btc,20.069913353202995,0.0,0.00000088,btc,2746.079105,0.0,0.0104613000000032,142
1,[],20,[],2019-02-24 01:24:36,133475.0353,0.000045043,0.0000000018636180906,6770222,2019-02-24 01:24:36,btc,0.4934565146914,0.0,0.000045043,btc,3751.6313,0.0,0.2405473404469,142
1,[],22,[],2019-02-24 01:24:39,1585.8988921568628,0.00004000,0.0000000016549680000000001,6770223,2019-02-24 01:24:39,BTC,3.00385504,0.0,0.00004000,BTC,891.218,0.00023522,0.00164536,142
0.0,[],25,[],2019-02-24 01:24:40,0.0,0,0,6770224,2019-02-24 01:24:40,,0.0,0.0,0.0,btc,0.0,0.0,0.0,142
0,[],28,[],2019-02-24 01:24:45,0.0,0,0,6770225,2019-02-24 01:24:45,,0.0,0.0,0,,0.0,0.0,0.0,142
0,[],22,[],2019-02-23 08:10:09,0.0,0,0,6765290,2019-02-23 08:10:09,,61.28465123,0.0,0,,749385405.3,0.0,0.0,143
1,[],21,[],2019-02-24 01:24:47,55039696.33626014,0.00000026,0.000000000010757292000000001,6770226,2019-02-24 01:24:47,btc,40.297214034276934,7190657.63053752,0.00000026,btc,82527173.91895726,1.84860026,4.08834955466267,145
0,[],22,[],2019-02-24 01:24:49,0.0,0,0,6770227,2019-02-24 01:24:49,,4.24946284,0.0,0,,1812156.0,0.0,0.0,146
,[],22,[],2018-11-20 23:01:11,0.0,0,0,4862114,2018-11-20 23:01:11,,2.56807021,0.0,,,61828.4988236,0.0,0.0,147
1,[],12,[],2019-02-24 01:24:51,113503.04321908,0.00000251000000000000010876390933722834830632564262486994266510009765625,0.00000000010384924200000001,6770228,2019-02-24 01:24:51,btc,16.288550381306095,0.0,0.00000251000000000000010876390933722834830632564262486994266510009765625,btc,116996.71783468,0.00076346,0.0285710800000048,148
1,[],4,[],2019-02-24 01:24:52,240513.36796929,0.00000028,0.000000000011584776000000001,6770229,2019-02-24 01:24:52,btc,219.93940399935187,0.0,0.00000028,btc,793660.54846363,0.0,0.0564957890840236,152
0,[],22,[],2019-02-24 01:24:55,0.0,0,0,6770230,2019-02-24 01:24:55,,0.0,0.0,0,,0.0,0.0,0.0,152
1,[],5,[],2019-02-24 01:24:56,0.0,0,0,6770231,2019-02-24 01:24:56,btc,0.0,0.0,0,btc,0.0,0.0,0.0,153
,[],16,[],2019-01-11 15:38:59,0.0,0,0,6366141,2019-01-11 15:38:59,btc,0.0,0.0,,btc,0.0,0.0,0.0,155
0,[],22,[],2019-02-24 01:24:59,0.0,0,0,6770232,2019-02-24 01:24:59,,6.74608761,0.0,0,,4644402.242592593,0.0,0.0,156
0,[],23,[],2019-01-20 23:24:29,0.0,0,0,6476932,2019-01-20 23:24:29,,0.0,0.0,0,,0.0,0.0,0.0,156
1,[],22,[],2019-02-24 01:25:05,7073.8,0.00005300,0.0000000021928326,6770233,2019-02-24 01:25:05,BTC,1.80343699,0.0,0.00005300,BTC,899.6422341958436,0.0,0.00104336,157
0,[],22,[],2019-02-24 01:25:09,0.0,0,0,6770234,2019-02-24 01:25:09,,50175.68008609,0.0,0,,54479136.04179466,0.0,0.0,158
,[],17,[],2018-11-20 22:56:10,0.0,0,0,4861976,2018-11-20 22:56:10,btc,1.1265625,0.0,,btc,1000.0,0.0,0.0,159
,[],20,[],2018-11-20 22:56:12,0.0,0,0,4861977,2018-11-20 22:56:12,btc,11912.7940471,0.0,,btc,34413894.3617,0.0,0.0,159
1,[],12,[],2019-02-24 01:25:10,183003.8939662,0.0000074200000000000001089232870565837174581247381865978240966796875,0.00000000030699656400000003,6770235,2019-02-24 01:25:10,btc,6.656797951175665,0.0,0.0000074200000000000001089232870565837174581247381865978240966796875,btc,14619.26331248,0.0050896799696161,0.09988641830791349,168
1,[],17,[],2019-02-24 00:31:00,29784.95,0.000001,0.00000000004119,6770057,2019-02-24 00:31:00,btc,0.03026736251542,0.0,0.000001,btc,144.46171372,0.0,0.00716147,168
0,[],22,[],2019-02-24 01:25:24,0.0,0,0,6770236,2019-02-24 01:25:24,,1.14714792,0.0,0,,798972.8900917594,0.0,0.0,169
1,[],22,[],2019-02-24 01:25:27,165000.0,0.00000018,0.000000000007447356,6770237,2019-02-24 01:25:27,BTC,13.25614085,0.0,0.00000018,BTC,151665.11183651112,0.0001089,0.0198,171
1,[],22,[],2019-02-24 01:25:31,129431.125,0.0000001,0.00000000000413742,6770238,2019-02-24 01:25:31,BTC,2.66767596,0.0,0.0000001,BTC,279392.9305825667,0.00013461,0.00873821,173
1,[],5,[],2019-02-24 01:25:32,0.0,0,0,6770239,2019-02-24 01:25:32,btc,0.0,0.40377816,0,btc,0.0,0.0,0.0,175
1,[],22,[],2019-02-24 01:25:35,45784.0,0.0000003,0.00000000001241226,6770240,2019-02-24 01:25:35,BTC,0.5289391,0.0,0.0000003,BTC,142708.91384013777,0.0,0.0052016,176
1,[],7,[],2019-02-24 01:25:37,0.0,0,0,6770241,2019-02-24 01:25:37,btc,410932.53026865603,0.0,0,btc,117903517.07441364,0.0,0.0,178
0,[],22,[],2019-02-24 01:25:40,0.0,0,0,6770242,2019-02-24 01:25:40,,1.00242428,0.0,0,,57512.0,0.0,0.0,178
0,[],2,[],2019-01-20 23:28:34,0.0,0,0,6477001,2019-01-20 23:28:34,,0.0,0.0,0,,0.0,0.0,0.0,178
1,[],5,[],2019-02-24 01:25:42,0.0,0,0,6770243,2019-02-24 01:25:42,btc,0.0,0.0752971,0,btc,0.0,0.0,0.0,179
1,[],22,[],2019-02-24 01:25:46,6961684.0,0.00000002,0.000000000000827484,6770244,2019-02-24 01:25:46,BTC,5.73196334,0.0,0.00000002,"BTC,LTC",18407477.468656633,0.00018526,0.3741744,179
0,[],23,[],2019-01-20 23:25:08,0.0,0,0,6476952,2019-01-20 23:25:08,,0.0,0.0,0,,0.0,0.0,0.0,179
1,[],17,[],2019-02-24 01:25:59,10504.725,0.0000001,0.00000000000413742,6770245,2019-02-24 01:25:59,btc,5.2010695838170005,0.0,0.0000001,btc,4994.45945,0.0,0.0010504725,180
0.0000000001251174,[],22,[],2019-02-24 01:26:03,128605.4,1.251174e-17,5.176632331080001e-22,6770246,2019-02-24 01:26:03,LTC,0.2098006,0.0,0.0000001,LTC,65972.65489488427,0.0,0.00130544,180
1,[],26,[],2019-02-24 01:26:03,0.0,0.00000200,0.0000000000827484,6770247,2019-02-24 01:26:03,btc,0.0,50.0,0.00000200,btc,0.0,0.0,0.0,180
,[],7,[],2018-11-20 22:58:01,562227.975654,0.00000085,0.000000000036176765,4862015,2018-11-20 22:58:01,btc,21836.6059674,2491.87645172,,btc,749999.041456,0.00211021,0.127565380455,183
,[],5,[],2019-01-10 08:11:41,0.0,0,0,6347036,2019-01-10 08:11:41,btc,82.15055501,0.00261,,btc,1.19002445,0.0,0.0,187
1,[],24,[],2019-02-24 01:26:03,0.0,0.000000000001,4.13742e-17,6770248,2019-02-24 01:26:03,btc,0.0,0.0,0.000000000001,btc,0.0,0.0,0.0,187
,[],17,[],2018-11-16 20:58:10,4062536.27273,0.00000001,0.000000000000550501,4708775,2018-11-16 20:58:10,btc,3.36492563466,0.195460381006,,"btc,eth",110697919.549,0.0,0.0157628953496,187
0,[],22,[],2019-02-24 00:25:17,0.0,0,0,6769902,2019-02-24 00:25:17,,1.19374396,0.0,0,,16308.869534405507,0.0,0.0,191
0,[],22,[],2019-02-24 01:26:08,0.0,0,0,6770249,2019-02-24 01:26:08,,0.0,0.0,0,,0.0,0.0,0.0,197
0,[],23,[],2019-01-20 23:31:41,0.0,0,0,6477079,2019-01-20 23:31:41,,0.0,0.0,0,,0.0,0.0,0.0,199
0,[],22,[],2019-02-24 01:26:18,0.0,0,0,6770250,2019-02-24 01:26:18,,5.19557122,0.0,0,,21074453.0,0.0,0.0,199
1,[],26,[],2019-02-24 01:26:18,0.0,0.00000000,0,6770251,2019-02-24 01:26:18,btc,0.0,0.0,0.00000000,btc,0.0,0.0,0.0,199
0,[],17,[],2019-01-30 16:32:01,0.0,0,0,6540827,2019-01-30 16:32:01,btc,6.802544163788159,0.0,0,btc,105897.55575295,0.0,0.0,200
0,[],2,[],2019-01-20 23:30:49,0.0,0,0,6477059,2019-01-20 23:30:49,,0.0,0.0,0,,0.0,0.0,0.0,201
1,[],4,[],2019-01-25 15:51:35,2084389.58565343,0.00000936,0.000000000333526752,6499557,2019-01-25 15:51:35,btc,2.0092503037378524,0.0,0.00000936,btc,160195.80207885,0.19272417,1.242687955921835,211
1,[],7,[],2019-02-24 01:26:21,4310237.92030046,0.000001340000000000000087593235616190145975679115508683025836944580078125,0.00000000005544142800000001,6770252,2019-02-24 01:26:21,btc,15476318.33722813,521841.211386,0.000001340000000000000087593235616190145975679115508683025836944580078125,btc,14108963.86637545,0.0,3.2938856276968207,212
1,[],5,[],2019-02-24 01:26:22,0.0,0,0,6770253,2019-02-24 01:26:22,btc,0.0,0.36651613,0,btc,0.0,0.0,0.0,213
1,[],24,[],2019-02-24 01:26:22,0.0,0.000000100000,0.00000000000413742,6770254,2019-02-24 01:26:22,btc,0.0,0.0,0.000000100000,btc,0.0,0.0,0.0,213
1,[],26,[],2019-02-24 01:26:22,0.0,0.00000009,0.000000000003723678,6770255,2019-02-24 01:26:22,btc,0.0,0.0,0.00000009,btc,0.0,0.0,0.0,213
1,[],12,[],2019-01-25 02:44:32,207462.42853209,0.000001080000000000000035831255497387193287295303889550268650054931640625,0.000000000038610756000000006,6493050,2019-01-25 02:44:32,btc,85023.03793723314,0.0,0.000001080000000000000035831255497387193287295303889550268650054931640625,btc,43675.73520027,0.000146250909087,0.0348620860622024,213
1,[],22,[],2019-02-24 01:26:33,104971.0,0.00000001,0.000000000000413742,6770256,2019-02-24 01:26:33,BTC,2.20575949,0.0,0.00000001,BTC,249234.14637261708,0.00227602,0.00104971,216
1,[],27,[],2019-02-24 01:26:36,1236251.005988,0.00000007,0.0000000000028961940000000003,6770257,2019-02-24 01:26:36,btc,355.93210148754,1496.994012,0.00000007,"btc,ltc",212962.845,0.00010479,0.033957470419222556,216
1,[],22,[],2019-02-24 01:26:40,224569.2683626245,0.00000220,0.00000000009102324000000001,6770258,2019-02-24 01:26:40,BTC,12673.57465602,0.0,0.00000220,BTC,369653.33863635873,0.00573862,0.29870789,217
1,[],7,[],2019-02-24 01:26:41,0.0,0,0,6770259,2019-02-24 01:26:41,btc,77969.61377456698,0.0,0,btc,137043486.5550253,0.0,0.0,219
0,[],27,[],2019-02-24 01:26:43,0.0,0,0,6770260,2019-02-24 01:26:43,,0.0740438339680921,0.0,0,btc,1536429.20709513,0.0,0.0,219
0.000000000000005,[],28,[],2019-02-24 01:26:49,168116952.092,4.15045e-18,1.7172154839e-22,6770261,2019-02-24 01:26:49,doge,83869.8037917675,7216.0,0.00083009,"btc,doge",4822403.34751,0.0,1.0922699763522e-11,219
1,[],22,[],2019-02-24 01:26:52,262135.6,0.00000018,0.000000000007447356,6770262,2019-02-24 01:26:52,BTC,3.00166181,0.0,0.00000018,BTC,106589.27041875875,0.0,0.03420856,221
1,[],24,[],2019-02-24 01:26:52,0.0,0.000000200000,0.00000000000827484,6770263,2019-02-24 01:26:52,btc,0.0,0.0,0.000000200000,btc,0.0,0.0,0.0,221
1,[],20,[],2019-02-24 01:26:56,43167626.1239,0.000000001,0.0000000000000413742,6770264,2019-02-24 01:26:56,btc,47.9981918956477,60810.0,0.000000001,btc,11279728.0749,6.081e-05,0.0431676261239,224
0,[],22,[],2019-02-24 01:26:59,0.0,0,0,6770265,2019-02-24 01:26:59,,0.0,0.0,0,,0.0,0.0,0.0,224
1,[],26,[],2019-02-24 01:26:59,0.0,0.00000036,0.000000000014894712,6770266,2019-02-24 01:26:59,btc,0.0,0.0,0.00000036,btc,0.0,0.0,0.0,231
1,[],26,[],2019-02-24 01:27:01,0.0,0.00000006,0.000000000002482452,6770267,2019-02-24 01:27:01,btc,0.0,0.0,0.00000006,btc,0.0,0.0,0.0,234
0.0000000003846458,[],27,[],2019-02-24 01:27:04,2000.0,3.846458e-18,1.591441225836e-22,6770268,2019-02-24 01:27:04,eth,0.0113483662182,0.0,0.00000001,"btc,eth",11462.99618,0.0,7.692916e-15,234
1,[],4,[],2019-02-24 01:27:05,1070623.41206909,0.00000083,0.000000000034340586000000003,6770269,2019-02-24 01:27:05,btc,4.4335397597410635,0.0,0.00000083,btc,1046548.98167364,0.01334514,0.4133967159473905,236
1,[],24,[],2019-02-24 01:27:05,0.0,0.000000300000,0.00000000001241226,6770270,2019-02-24 01:27:05,btc,0.0,0.0,0.000000300000,btc,0.0,0.0,0.0,236
1,[],20,[],2019-02-24 01:27:08,67939557.7928,0.000000058,0.0000000000023997036,6770271,2019-02-24 01:27:08,btc,10.1074470837301,37901149.0607,0.000000058,btc,45505573.8808,2.3716150028893,0.262915168662,237
1,[],22,[],2019-02-24 01:27:12,46400.0,0.00000004,0.000000000001654968,6770272,2019-02-24 01:27:12,BTC,0.0405823,0.0,0.00000004,"BTC,LTC",3164.0,0.0,0.00272,237
1,[],4,[],2019-02-24 01:27:14,6850879.22920193,0.00000033,0.000000000013653486,6770273,2019-02-24 01:27:14,btc,5.804981563311684,0.0,0.00000033,btc,8975646.23137975,1.10586293,1.4505312313988992,238
1,[],5,[],2019-02-24 01:27:15,0.0,0,0,6770274,2019-02-24 01:27:15,btc,0.0,0.00599776,0,btc,0.0,0.0,0.0,238
0,[],22,[],2019-02-24 01:27:18,0.0,0,0,6770275,2019-02-24 01:27:18,,27.41366601,0.0,0,,316008.5639027493,0.0,0.0,249
0.0000000001251174,[],22,[],2019-02-24 01:27:22,7121097.666666667,3.753522e-18,1.552989699324e-22,6770276,2019-02-24 01:27:22,LTC,0.52780979,0.0,0.00000003,LTC,14400138.09,4.99683862728e-13,0.21263595,252
1,[],28,[],2019-02-24 01:27:28,3798307.698,0.00000013,0.0000000000053786460000000004,6770277,2019-02-24 01:27:28,btc,164693.6394059347,431518.212,0.00000013,btc,752342.43,0.0,0.2377927575,256
1,[],22,[],2019-02-24 01:27:32,2423447.6666666665,0.00000003,0.000000000001241226,6770278,2019-02-24 01:27:32,BTC,31.42327216,0.0,0.00000003,BTC,516927.80769145646,0.0003,0.05155815,258
1,[],22,[],2019-02-23 13:24:56,48751.0,0.00000001,0.000000000000395946,6766668,2019-02-23 13:24:56,BTC,2.4175745,0.0,0.00000001,BTC,1762.0,0.0,0.00048751,259
1,[],5,[],2019-02-24 01:27:33,0.0,0,0,6770279,2019-02-24 01:27:33,btc,0.0,0.19541889,0,btc,0.0,0.0,0.0,264
1,[],20,[],2019-02-24 01:27:35,1218601.0539,0.00000163,0.000000000067439946,6770280,2019-02-24 01:27:35,btc,7.6820987269898,117096.9912,0.00000163,btc,108327.5096,0.367764494184,0.0250742361898,264
1,[],22,[],2019-02-24 01:27:38,18164.0,0.00000001,0.000000000000413742,6770281,2019-02-24 01:27:38,BTC,8.4442135,0.0,0.00000001,BTC,427909.69136002666,7.5e-05,0.00018164,271
0,[],22,[],2019-02-24 01:27:40,0.0,0,0,6770282,2019-02-24 01:27:40,,263.46698823,0.0,0,,14809386027.9,0.0,0.0,272
0.000000000000005,[],28,[],2019-02-24 01:27:46,230113918758.06,4.3e-21,1.7790906e-25,6770283,2019-02-24 01:27:46,doge,10981738.118439404,14248076076.0,0.00000086,doge,213071319685.26923,0.0,5.912576830864353e-10,272
1,[],22,[],2019-02-24 01:27:57,118158.74,0.00000210,0.00000000008688582,6770284,2019-02-24 01:27:57,BTC,74.45099633,0.0,0.00000210,"BTC,LTC",13370.487639773188,0.0,0.05186372,281
1,[],22,[],2019-02-24 01:28:00,96393.0,0.00000001,0.000000000000413742,6770285,2019-02-24 01:28:00,BTC,1.33457039,0.0,0.00000001,BTC,162474.62387885063,1.35e-06,0.00096393,286
0,[],22,[],2019-02-22 20:00:43,0.0,0,0,6761229,2019-02-22 20:00:43,,43634.52003953,0.0,0,,419068796.0,0.0,0.0,294
