pairValue,buyBook,exchangeId,sellBook,updated,buyTotal,satoshiPrice,usdPrice,exchangeLogId,created,bestPair,sellTotalBtc,volume,pairPrice,activePairs,sellTotal,volumeBtc,buyTotalBtc,coinId
1,[],10,[],2019-07-13 08:58:05,251434.9725798,0.00271069,0.00000031407274150500003,7812232,2019-07-13 08:58:05,btc,6515.317158446701,1686.04548878,0.00271069,btc,2002.66956917,0.0,1.2639712180673435,1
1,[],5,[],2019-07-06 00:27:44,0.0,0,0,7800775,2019-07-06 00:27:44,btc,0.0,0.00190933,0,btc,0.0,0.0,0.0,1
0,[],2,[],2019-01-20 23:28:45,0.0,0,0,6477011,2019-01-20 23:28:45,,0.0,0.0,0,,0.0,0.0,0.0,1
1,[],3,[],2019-08-16 17:33:35,31398.332726381956,0.00800003999999999992898125356077798642218112945556640625,0.000000837829789128,7903970,2019-08-16 17:33:35,btc,9.19089751259811,21.7275068388,0.00800003999999999992898125356077798642218112945556640625,btc,28.507233127831,0.0,0.2900254519059734,1
1,[],4,[],2019-08-16 17:33:36,24972.34310551,0.00785000,0.00000082211637,7903971,2019-08-16 17:33:36,btc,8.894240781374016,0.0,0.00785000,btc,564.86219042,0.88408119,0.5261093396745942,1
1,[],12,[],2019-08-16 17:33:40,101.36703518,0.0078499999999999993394173003480318584479391574859619140625,0.0000008221163699999999,7903972,2019-08-16 17:33:40,btc,0.4564138431445,0.0,0.0078499999999999993394173003480318584479391574859619140625,btc,48.57571472,0.489202097372,0.1607070963039,1
1,[],20,[],2019-08-16 17:33:42,932.3703,0.00790067,0.000000827422947894,7903973,2019-08-16 17:33:42,btc,0.2267510055594,0.2968,0.00790067,btc,19.1341,0.00247967757,0.1286827690548,1
1,[],21,[],2019-08-16 17:33:44,2433.65063586,0.007873430000000000705817626567,0.000000824570151726,7903974,2019-08-16 17:33:44,btc,9.652478543686046,1083.20127624,0.00787343000000000070581762656729551963508129119873046875,"btc,eth",1825.5391205399999,7.637936879366708,15.157176830784785,1
1,[],22,[],2019-08-16 17:33:47,0.5198816666666667,0.00600000,0.0000006283692,7903975,2019-08-16 17:33:47,BTC,0.01700334,0.0,0.00600000,BTC,0.283670650841137,0.0,0.00302178,1
1,[],24,[],2019-08-16 17:33:48,0.0,0.000000000000,0,7903976,2019-08-16 17:33:48,btc,0.0,0.0,0.000000000000,btc,0.0,0.0,0.0,1
0.0,[],25,[],2019-08-16 17:33:48,0.0,0,0,7903977,2019-08-16 17:33:48,btc,19.977099999382787,13877.0926003,0.0,btc,2452.52630416,111.258,0.0,1
1,[],26,[],2019-08-16 17:33:53,0.0,0,0,7903978,2019-08-16 17:33:53,,0.0,0.0,0,,0.0,0.0,0.0,1
0,[],28,[],2019-08-16 17:33:54,0.0,0,0,7903979,2019-08-16 17:33:54,,0.0,0.0,0,,0.0,0.0,0.0,1
1,[],5,[],2019-07-06 00:28:14,0.0,0,0,7800785,2019-07-06 00:28:14,btc,0.0,0.00208797,0,btc,0.0,0.0,0.0,2
1,[],22,[],2019-08-16 17:33:58,11550.3,0.0000002,0.00000000002094564,7903980,2019-08-16 17:33:58,BTC,21.00878619,0.0,0.0000002,"BTC,XMR",19931.59287795317,0.0,0.00143681,2
1,[],12,[],2019-08-16 16:57:58,5251944.56592919,0.00000006,0.000000000006229049999999999,7903873,2019-08-16 16:57:58,btc,43054.1987726945,0.0,0.00000006,btc,9766220.34281844,0.038521011871,0.22007171926246116,3
0,[],28,[],2019-08-16 16:57:59,0.0,0,0,7903874,2019-08-16 16:57:59,,0.0,0.0,0,,0.0,0.0,0.0,3
1,[],5,[],2019-06-03 14:48:58,0.0,0,0,7731126,2019-06-03 14:48:58,btc,0.0,0.05905545,0,btc,0.0,0.0,0.0,3
0,[],2,[],2019-01-20 23:31:32,0.0,0,0,6477077,2019-01-20 23:31:32,,0.0,0.0,0,,0.0,0.0,0.0,4
1,[],4,[],2019-08-16 17:33:59,5646544.71707076,0.00000013,0.000000000013614666,7903981,2019-08-16 17:33:59,btc,27.317764628239466,0.0,0.00000013,btc,1091736.55647899,0.00098564,0.0823102066909507,4
0,[],2,[],2019-01-20 23:31:51,0.0,0,0,6477087,2019-01-20 23:31:51,,0.0,0.0,0,,0.0,0.0,0.0,6
1,[],11,[],2019-08-15 15:27:29,324074.0,0.00000001,0.0000000000010065590000000001,7900084,2019-08-15 15:27:29,btc,9583.47119397936,4910218.0,0.00000001,btc,78345418.50750598,0.0,0.00324074,6
1,[],5,[],2019-07-06 00:28:21,0.0,0,0,7800789,2019-07-06 00:28:21,btc,0.0,0.38662001,0,btc,0.0,0.0,0.0,7
1,[],3,[],2019-08-16 17:34:01,11403.557223145677,0.000060699999999999998206122453492383783668628893792629241943359375,0.00000000635700174,7903982,2019-08-16 17:34:01,btc,1026.300886501439,0.0,0.000060699999999999998206122453492383783668628893792629241943359375,btc,409.649127809976,0.0,0.01844314372976015,7
1,[],4,[],2019-08-16 17:34:01,53759.54845465,0.00008069,0.000000008450518458,7903983,2019-08-16 17:34:01,btc,13.681169464961426,0.0,0.00008069,btc,83035.47221613,0.46680185,1.7542247069745238,7
1,[],5,[],2019-07-05 17:50:59,0.0,0,0,7799863,2019-07-05 17:50:59,btc,0.0,0.04857279,0,btc,0.0,0.0,0.0,12
0,[],2,[],2019-01-20 23:23:08,0.0,0,0,6476890,2019-01-20 23:23:08,,0.0,0.0,0,,0.0,0.0,0.0,12
1,[],4,[],2019-08-16 17:34:02,24856613.26934543,0.00000023,0.000000000024087486,7903984,2019-08-16 17:34:02,btc,5.4554113875892085,0.0,0.00000023,btc,8767984.70690954,0.11270383,1.9184756379008694,12
0.0,[],25,[],2019-08-16 17:34:05,0.0,0,0,7903985,2019-08-16 17:34:05,,0.0,0.0,0.0,btc,0.0,0.0,0.0,12
1,[],4,[],2019-08-16 17:34:06,903981.78840911,0.00000136,0.000000000142430352,7903986,2019-08-16 17:34:06,btc,3.549917412865487,0.0,0.00000136,btc,927786.66832433,0.19107907,0.4127111140109939,13
1,[],10,[],2019-08-16 17:34:08,804896.14360362,0.00000132,0.00000000013824122400000001,7903987,2019-08-16 17:34:08,btc,666797.3265013449,29026.1390875,0.00000132,btc,1013157.03549937,0.0,0.0937452767752681,13
1,[],21,[],2019-08-16 17:34:10,11248640.14374574,0.000001379999999999999916376570638,0.000000000144524916,7903988,2019-08-16 17:34:10,btc,3.715510906945846,1298796.80580835,0.00000137999999999999991637657063836552850943917292170226573944091796875,btc,1789337.77878012,1.81031312,2.7810377927364844,13
1,[],26,[],2019-08-16 17:00:13,0.0,0,0,7903884,2019-08-16 17:00:13,,0.0,0.0,0,,0.0,0.0,0.0,14
0,[],17,[],2019-05-03 00:53:32,0.0,0,0,7558876,2019-05-03 00:53:32,btc,0.0,0.0,0,btc,0.0,0.0,0.0,14
1,[],4,[],2019-08-16 17:34:11,1713866.6118735,0.00000077,0.000000000080640714,7903989,2019-08-16 17:34:11,btc,2.8873875860113527,0.0,0.00000077,btc,865320.94592709,0.01130672,0.3322665385026767,14
1,[],12,[],2019-08-16 17:34:12,217649.15199224,0.00000075,0.00000000007854615,7903990,2019-08-16 17:34:12,btc,181.98371034952484,0.0,0.00000075,btc,31736.95558659,0.000251049497,0.0201046299999647,14
0,[],4,[],2019-08-16 17:00:14,0.0,0,0,7903885,2019-08-16 17:00:14,,0.0,0.0,0,,0.0,0.0,0.0,15
,[],12,[],2018-12-01 15:15:48,204241.84496,0.00000489,0.000000000202473384,5260204,2018-12-01 15:15:48,btc,49.5475654835,0.0,,btc,35763.2193806,0.0163153972027625,0.0203389899998,15
0,[],2,[],2019-01-20 23:23:38,0.0,0,0,6476906,2019-01-20 23:23:38,,0.0,0.0,0,,0.0,0.0,0.0,18
1,[],4,[],2019-08-16 17:00:15,43553.28138363,0.00000794,0.00000000082431095,7903886,2019-08-16 17:00:15,btc,2.4272503036852364,0.0,0.00000794,btc,20801.97902353,0.02887113,0.1117802812152941,18
1,[],10,[],2019-08-16 17:00:18,405056.34478521,0.00000672,0.0000000006976536,7903887,2019-08-16 17:00:18,btc,15.23644781594196,6551.68175576,0.00000672,btc,26782.25671581,0.0,0.275903535396728,18
1,[],12,[],2019-08-16 17:00:18,30589.98778867,0.000007410000000000000204667012504433643016454880125820636749267578125,0.000000000769287675,7903888,2019-08-16 17:00:18,btc,0.5654914808547884,0.0,0.000007410000000000000204667012504433643016454880125820636749267578125,btc,1842.36697517,0.003159770639,0.0205365062334244,18
0,[],17,[],2019-05-03 00:53:39,0.0,0,0,7558882,2019-05-03 00:53:39,btc,0.0,0.0,0,btc,0.0,0.0,0.0,18
0,[],27,[],2019-08-12 16:48:42,0.0,0,0,7891818,2019-08-12 16:48:42,,0.0,0.0,0,btc,0.0,0.0,0.0,19
0,[],2,[],2019-01-20 23:24:19,0.0,0,0,6476924,2019-01-20 23:24:19,,0.0,0.0,0,,0.0,0.0,0.0,19
1,[],3,[],2019-08-16 17:02:20,217403.47654121165,0.0000061000000000000000416008373582688051328659639693796634674072265625,0.00000000063328675,7903889,2019-08-16 17:02:20,btc,190.5836227136502,15092.1990724,0.0000061000000000000000416008373582688051328659639693796634674072265625,btc,51553.87088415186,0.0,0.3741752599238172,19
1,[],4,[],2019-08-16 17:02:21,570264.44770227,0.00000612,0.0000000006353631,7903890,2019-08-16 17:02:21,btc,3.191849471673782,0.0,0.00000612,btc,259875.86373705,0.11405672,1.5742546134116129,19
1,[],12,[],2019-08-16 17:02:24,128441.06975434,0.000007750000000000000337512136294737530306520056910812854766845703125,0.0000000008045856250000001,7903891,2019-08-16 17:02:24,btc,0.9339333977258697,0.0,0.000007750000000000000337512136294737530306520056910812854766845703125,btc,2900.77160987,0.0,0.0161846419995839,19
1,[],5,[],2019-07-06 02:01:19,0.0,0,0,7800799,2019-07-06 02:01:19,btc,0.0,0.0,0,btc,0.0,0.0,0.0,19
1,[],4,[],2019-08-16 17:02:25,10481836.05563501,0.00000006,0.00000000000622905,7903892,2019-08-16 17:02:25,btc,4.986065102991619,0.0,0.00000006,btc,2305413.8842246,0.00199117,0.1268683990480169,20
0,[],4,[],2019-08-16 17:02:26,0.0,0,0,7903893,2019-08-16 17:02:26,,49600.92307740155,0.0,0,,170489607.50214377,0.0,0.0,21
0,[],12,[],2019-08-16 17:02:28,0.0,0,0,7903894,2019-08-16 17:02:28,btc,2617.976471280819,0.0,0,btc,8688404.88011986,0.0,0.0,21
0,[],17,[],2019-05-03 00:53:51,0.0,0,0,7558891,2019-05-03 00:53:51,btc,0.0,0.0,0,btc,0.0,0.0,0.0,21
0.0000000002204393,[],27,[],2019-07-29 17:24:02,79794022.5,8.5971327e-17,8.21370058158e-21,7852364,2019-07-29 17:24:02,eth,1253.5830452782222,787155.0,0.00000039,eth,2317982.66147653,6.7672759904685e-11,2.1948587434632156e-09,23
1,[],12,[],2019-08-16 17:04:30,4214539569.8176684,0.0000000025,0.00000000000025954375,7903895,2019-08-16 17:04:30,btc,167285727758.05322,0.0,0.0000000025,btc,1755245317.7192807,0.527630384809,2.616684748162969,23
1,[],4,[],2019-08-16 17:04:31,5965129.40677494,0.00000048,0.0000000000498324,7903896,2019-08-16 17:04:31,btc,8.944425096591264,0.0,0.00000048,btc,2218555.77155989,0.0657088,0.1881252380859363,24
0,[],22,[],2019-08-16 17:04:34,0.0,0,0,7903897,2019-08-16 17:04:34,,0.0,0.0,0,,0.0,0.0,0.0,24
0.0,[],25,[],2019-08-16 17:04:35,0.0,0,0,7903898,2019-08-16 17:04:35,,0.0,0.0,0.0,btc,0.0,0.0,0.0,24
1,[],4,[],2019-08-16 17:04:36,26955212.41532234,0.00000360,0.000000000373743,7903899,2019-08-16 17:04:36,btc,106.89718050747926,0.0,0.00000360,btc,1059249.00823217,0.05930853,0.4344860694368051,26
1,[],10,[],2019-08-16 17:04:38,221685.7284976,0.00000326,0.00000000033844505000000003,7903900,2019-08-16 17:04:38,btc,25.727689439246465,7526.67908895,0.00000326,btc,18656.77421571,0.0,0.035215948866348,26
0,[],2,[],2019-01-20 23:25:56,0.0,0,0,6476976,2019-01-20 23:25:56,,0.0,0.0,0,,0.0,0.0,0.0,26
0.0000000000720659,[],4,[],2019-08-16 17:04:39,723340055.114862,4.8284153e-17,5.0127400540775e-21,7903901,2019-08-16 17:04:39,ltc,12.52596861233296,0.0,0.00000067,ltc,1019723633.3721788,0.00240345,5.502036550658021e-09,29
1,[],7,[],2019-08-16 17:04:41,0.0,0,0,7903902,2019-08-16 17:04:41,btc,1236881.0117467074,0.0,0,btc,60536248.12702675,0.0,0.0,29
0,[],17,[],2019-05-03 01:11:25,0.0,0,0,7559066,2019-05-03 01:11:25,btc,0.0,0.0,0,btc,0.0,0.0,0.0,30
1,[],4,[],2019-08-16 17:04:42,15063484.37719009,0.00000008,0.0000000000083054,7903903,2019-08-16 17:04:42,btc,2.6101705679977676,0.0,0.00000008,btc,2021995.35044338,0.00596076,0.1755489513988888,30
1,[],4,[],2019-08-16 17:06:43,213525.12600693,0.00003011,0.000000003125944925,7903904,2019-08-16 17:06:43,btc,2.6249601870604002,0.0,0.00003011,btc,52636.83078919,0.17349791,0.5118723547360469,31
1,[],21,[],2019-08-16 17:06:44,1065055.13541704,0.00003045000000000000153375576128,0.0000000031612428750000002,7903905,2019-08-16 17:06:44,btc,6.531054751311723,25306.73531966,0.0000304500000000000015337557612848939925243030302226543426513671875,btc,169728.69921931002,0.77777033,2.533296053796293,31
0,[],2,[],2019-01-20 23:28:43,0.0,0,0,6477009,2019-01-20 23:28:43,,0.0,0.0,0,,0.0,0.0,0.0,32
0,[],4,[],2019-08-16 17:06:46,0.0,0,0,7903906,2019-08-16 17:06:46,,0.0,0.0,0,,0.0,0.0,0.0,33
1,[],12,[],2019-03-30 07:55:10,40641173.964,0.00000003,0.000000000001228359,7108785,2019-03-30 07:55:10,btc,4233210.82356125,0.0,0.00000003,btc,28378394.68333462,0.0126927883965248,0.90752895892,33
0.0000000000720659,[],4,[],2019-08-16 17:06:48,34969593.1201119,3.0267678e-17,3.142314660765e-21,7903907,2019-08-16 17:06:48,ltc,6.025600106552366,0.0,0.00000042,ltc,161621446.95269296,0.0,4.214356523480255e-10,34
1,[],5,[],2019-07-06 02:03:46,0.0,0,0,7800811,2019-07-06 02:03:46,btc,0.0,0.0,0,btc,0.0,0.0,0.0,34
1,[],27,[],2019-08-12 16:26:17,6255.0,0.00000019,0.000000000021630303,7891745,2019-08-12 16:26:17,btc,22.61101824371233,0.0,0.00000019,btc,4198.924835,0.0,0.00091445,37
1,[],17,[],2019-05-03 01:11:36,211752.74075282,0.00000025,0.000000000013700074999999998,7559074,2019-05-03 01:11:36,btc,0.055484923955058496,0.0,0.00000025,"btc,eth",1387.19918473,0.0,0.0005381851887916605,37
1,[],4,[],2019-08-16 17:06:50,10889205.47103791,0.00000016,0.0000000000166108,7903908,2019-08-16 17:06:50,btc,19773.95819956001,0.0,0.00000016,btc,2295044.75907572,0.00726211,0.1710964619146574,37
1,[],12,[],2019-08-16 17:06:51,9581903.90442889,0.00000015,0.000000000015572625,7903909,2019-08-16 17:06:51,btc,1723.9980620833455,0.0,0.00000015,btc,2218228.13589579,0.030208470903,0.3769608999999981,37
0,[],27,[],2019-08-12 16:26:27,0.0,0,0,7891747,2019-08-12 16:26:27,,0.001005,0.0,0,"btc,eth",3.0,0.0,0.0,42
1,[],12,[],2019-08-16 17:08:53,218725.38556297,0.000001260000000000000006510091944689211373997750342823565006256103515625,0.00000000013081005,7903910,2019-08-16 17:08:53,btc,559.214550664219,0.0,0.000001260000000000000006510091944689211373997750342823565006256103515625,btc,169470.76570209,0.019853648532,0.0581064658032641,42
1,[],5,[],2019-07-06 02:03:47,0.0,0,0,7800812,2019-07-06 02:03:47,btc,0.0,0.14382058,0,btc,0.0,0.0,0.0,42
1,[],12,[],2019-03-13 09:13:29,1112112.0,0.00000001,0.000000000000386531,6919902,2019-03-13 09:13:29,btc,29058.00478931866,0.0,0.00000001,btc,5967681.93306694,9.99000999e-07,0.01112112,43
1,[],5,[],2019-04-26 22:38:52,0.0,0,0,7474154,2019-04-26 22:38:52,btc,0.0,0.02638891,0,btc,0.0,0.0,0.0,43
0,[],17,[],2019-04-26 22:38:53,0.0,0,0,7474155,2019-04-26 22:38:53,btc,0.0,0.0,0,btc,0.0,0.0,0.0,43
0.0000000000720659,[],4,[],2019-08-16 17:08:54,107671001.63735545,6.4138651e-17,6.6587144001925e-21,7903911,2019-08-16 17:08:54,ltc,2096.277709262402,0.0,0.00000089,ltc,26216853.90447384,0.0,4.034764829545533e-10,49
0.0000000000720659,[],4,[],2019-08-16 17:08:55,92079855.31188829,1.7295815999999998e-17,1.79560837758e-21,7903912,2019-08-16 17:08:55,ltc,31170.255131238024,0.0,0.00000024,ltc,234126577.30351287,0.0,4.4641976137282814e-10,52
0,[],27,[],2019-08-12 16:26:37,0.0,0,0,7891750,2019-08-12 16:26:37,,0.0,0.0,0,"btc,eth",0.0,0.0,0.0,57
0,[],22,[],2019-08-16 17:08:57,0.0,0,0,7903913,2019-08-16 17:08:57,,10290.02779686,0.0,0,,282696231.3316013,0.0,0.0,57
0.0000000000720659,[],4,[],2019-08-16 17:08:58,894823050.378984,7.20659e-19,7.48170157325e-23,7903914,2019-08-16 17:08:58,ltc,19.787558707579862,0.0,0.00000001,ltc,5433105707.22347,0.0,6.448622846630682e-10,58
1,[],12,[],2019-08-16 17:08:59,1233475853.2145119,0.0000000001,0.000000000000010381750000000001,7903915,2019-08-16 17:08:59,btc,52870206.662324734,0.0,0.0000000001,btc,4263089242.94609,0.019028197081,0.1233475853214512,58
0.00000000007912600000000001,[],22,[],2019-08-16 17:11:02,126877.0,7.912600000000001e-19,8.214663505000001e-23,7903916,2019-08-16 17:11:02,XMR,68.17454206,0.0,0.00000001,XMR,9626402.6,0.0,0.00126877,58
1,[],17,[],2019-05-03 01:12:09,1200000.0,0.0000000001,0.00000000000000548003,7559085,2019-05-03 01:12:09,btc,1e+24,0.0,0.0000000001,"btc,eth",39516342.31952568,0.0,0.00010000000058666061,58
0,[],27,[],2019-07-29 19:34:56,0.0,0,0,7852673,2019-07-29 19:34:56,,1.97314195,0.0,0,"btc,eth",10936.9,0.0,0.0,61
0,[],22,[],2019-08-16 17:11:05,0.0,0,0,7903917,2019-08-16 17:11:05,,1000.95212025,0.0,0,,9572.689066014545,0.0,0.0,61
1,[],26,[],2019-08-16 17:11:05,0.0,0,0,7903918,2019-08-16 17:11:05,,0.0,0.0,0,,0.0,0.0,0.0,61
0,[],28,[],2019-08-16 17:13:06,0.0,0,0,7903919,2019-08-16 17:13:06,,0.0,0.0,0,,0.0,0.0,0.0,61
1,[],5,[],2019-06-17 14:31:27,0.0,0,0,7740135,2019-06-17 14:31:27,btc,0.0,0.00079154,0,btc,0.0,0.0,0.0,61
1,[],4,[],2019-08-16 17:13:07,1872139.50477825,0.00000077,0.000000000079939475,7903920,2019-08-16 17:13:07,btc,3.3448562597424263,0.0,0.00000077,btc,1247300.12915201,0.03881214,0.8781827244914644,67
0.0,[],25,[],2019-08-16 17:13:09,0.0,0,0,7903921,2019-08-16 17:13:09,,0.0,0.0,0.0,btc,0.0,0.0,0.0,67
1,[],12,[],2019-06-02 06:23:14,910048.355,0.00000006,0.000000000005154929999999999,7725270,2019-06-02 06:23:14,btc,5.167005424215783,0.0,0.00000006,btc,738530.60239759,0.003159757462,0.0187188113,71
,[],5,[],2018-11-20 23:02:39,1.5e-07,0.00000005,0.000000000002128045,4862160,2018-11-20 23:02:39,btc,2.84511358,0.0,,btc,0.00036572,0.0,0.07381892,74
1,[],5,[],2019-07-06 00:15:01,0.0,0,0,7800749,2019-07-06 00:15:01,btc,0.0,0.01883861,0,btc,0.0,0.0,0.0,75
1,[],4,[],2019-08-16 17:13:12,185343.73680069,0.00006499,0.000000006747099325,7903922,2019-08-16 17:13:12,btc,57.7742574417289,0.0,0.00006499,btc,126121.64676992,0.79943357,0.5709003380443634,82
1,[],21,[],2019-08-16 17:13:13,945752.78669218,0.00005963000000000000336850339289,0.0000000061906375250000005,7903923,2019-08-16 17:13:13,btc,4.67756278458387,1331.27897685,0.0000596300000000000033685033928865237840000190772116184234619140625,btc,54658.62682379,0.0853762,1.7522750019582096,82
0,[],4,[],2019-07-23 20:51:52,0.0,0,0,7830376,2019-07-23 20:51:52,,1.6413985531662756,0.0,0,,620289065.5915176,0.0,0.0,85
,[],22,[],2018-11-20 23:09:34,3408.1,0.0000001,0.0000000000041895,4862324,2018-11-20 23:09:34,BTC,0.04624735,0.0,,BTC,4990.0,0.0,0.00033081,86
1,[],27,[],2019-08-06 12:06:36,100155.0,0.00000003,0.000000000003516594,7875448,2019-08-06 12:06:36,btc,7.177196150774,345.0,0.00000003,btc,287406.89336,1.035e-05,0.00300465,87
1,[],22,[],2019-08-16 17:13:16,185880.0,0.00000002,0.00000000000207635,7903924,2019-08-16 17:13:16,BTC,1.8214538,0.0,0.00000002,BTC,792088.347368421,0.0,0.00186702,87
,[],2,[],2018-11-20 23:10:47,0.0,0,0,4862359,2018-11-20 23:10:47,,0.0,0.0,,,0.0,0.0,0.0,88
0,[],2,[],2019-01-20 23:31:45,0.0,0,0,6477083,2019-01-20 23:31:45,,0.0,0.0,0,,0.0,0.0,0.0,91
1,[],12,[],2019-07-29 19:37:20,363887.60323923,0.0000004,0.0000000000380056,7852681,2019-07-29 19:37:20,btc,434.49795557380435,0.0,0.0000004,btc,256704.51785259,0.005208319156,0.022326455808262,91
1,[],22,[],2019-07-29 19:39:29,50200.0,0.00000002,0.00000000000190028,7852682,2019-07-29 19:39:29,BTC,1.05335,0.0,0.00000002,"BTC,LTC",1839.95,1.836e-05,0.001804,91
0,[],17,[],2019-05-03 01:12:26,0.0,0,0,7559096,2019-05-03 01:12:26,btc,0.0,0.0,0,btc,0.0,0.0,0.0,91
0.0000000000720659,[],4,[],2019-08-16 17:13:17,569093275.3315054,1.0089226e-17,1.047438220255e-21,7903925,2019-08-16 17:13:17,ltc,11.4708855607706,0.0,0.00000014,ltc,201939808.37540174,0.0,7.005179130340744e-10,96
0,[],12,[],2019-08-16 17:13:18,0.0,0,0,7903926,2019-08-16 17:13:18,btc,47.73949115563437,0.0,0,btc,13200102.563436551,0.0,0.0,96
0,[],17,[],2019-05-03 01:12:32,0.0,0,0,7559100,2019-05-03 01:12:32,btc,0.0,0.0,0,btc,0.0,0.0,0.0,96
0,[],2,[],2019-01-20 23:23:55,0.0,0,0,6476914,2019-01-20 23:23:55,,0.0,0.0,0,,0.0,0.0,0.0,100
1,[],4,[],2019-08-16 17:15:19,138178.82146485,0.00001356,0.0000000014077653,7903927,2019-08-16 17:15:19,btc,7.889434616822848,0.0,0.00001356,btc,183935.449092,0.34065249,0.591138499435337,100
1,[],22,[],2019-08-16 17:15:22,146000.0,0.00000002,0.00000000000207635,7903928,2019-08-16 17:15:22,BTC,26.50623849,0.0,0.00000002,BTC,10383.92,0.0,0.00162,101
1,[],27,[],2019-08-12 16:30:59,2050161.9,0.00000005,0.0000000000056921850000000005,7891762,2019-08-12 16:30:59,btc,261.32824567561846,0.0,0.00000005,btc,285690.80442935,0.0,0.060251537,105
1,[],12,[],2019-08-16 17:15:24,40215134.0,0.000000003,0.0000000000003114525,7903929,2019-08-16 17:15:24,btc,342473.2278373371,0.0,0.000000003,btc,116989070.63864812,0.002191721075,0.061578418,105
1,[],27,[],2019-08-12 16:31:06,1.0,0.00000001,0.000000000001138437,7891764,2019-08-12 16:31:06,btc,0.0,0.0,0.00000001,"btc,eth",0.0,0.0,1e-08,112
1,[],5,[],2019-07-06 00:19:31,0.0,0,0,7800761,2019-07-06 00:19:31,btc,0.0,0.0,0,btc,0.0,0.0,0.0,112
0,[],22,[],2019-08-16 17:15:27,0.0,0,0,7903930,2019-08-16 17:15:27,,6.79500102,0.0,0,,3375892.0833333335,0.0,0.0,112
1,[],4,[],2019-08-16 17:15:28,734071.25436173,0.00000088,0.0000000000913594,7903931,2019-08-16 17:15:28,btc,7.023716006519927,0.0,0.00000088,btc,1433211.35444307,0.06964111,0.3454617412857808,113
1,[],5,[],2019-07-06 00:19:43,0.0,0,0,7800765,2019-07-06 00:19:43,btc,0.0,0.0,0,btc,0.0,0.0,0.0,113
1,[],17,[],2019-04-26 02:17:47,162738.278,0.00000004,0.0000000000021069000000000002,7461287,2019-04-26 02:17:47,btc,1.3331140273775473,0.0,0.00000004,btc,51796.221,0.0,0.00230953112,116
1,[],27,[],2019-08-02 18:48:59,95525.16595526,0.00000001,0.000000000001045936,7866367,2019-08-02 18:48:59,btc,3918.96487209,0.0,0.00000001,btc,88497.69,0.0,0.0009552516595526,116
1,[],4,[],2019-08-16 17:17:29,19496231.02061228,0.00000093,0.000000000096550275,7903932,2019-08-16 17:17:29,btc,128.26766377876876,0.0,0.00000093,btc,1321380.8310418,0.43929816,1.899103810713932,120
1,[],7,[],2019-08-16 17:17:30,3722.97409726,0.0000071500000000000001529050323856306903280710685066878795623779296875,0.000000000742295125,7903933,2019-08-16 17:17:30,btc,231231.54563915674,0.0,0.0000071500000000000001529050323856306903280710685066878795623779296875,btc,4397.22865845,0.0,0.0086557507130577,120
0,[],2,[],2019-01-20 23:25:46,0.0,0,0,6476969,2019-01-20 23:25:46,,0.0,0.0,0,,0.0,0.0,0.0,131
1,[],4,[],2019-08-16 17:17:32,941697.11512884,0.00000300,0.0000000003114525,7903934,2019-08-16 17:17:32,btc,2.8339459575386425,0.0,0.00000300,btc,348551.13808145,0.16235141,0.2039673464513977,131
1,[],17,[],2019-05-03 01:13:10,10000.0,0.00000001,0.000000000000548003,7559115,2019-05-03 01:13:10,btc,0.0953976503951408,0.0,0.00000001,btc,5037.62507334,0.0,0.0001,131
1,[],4,[],2019-08-16 17:19:33,8560.22203516,0.00005207,0.000000005405777225,7903935,2019-08-16 17:19:33,btc,0.2950416556067003,0.0,0.00005207,btc,234.13941042,0.0,0.0033332578140771,135
1,[],3,[],2019-07-13 16:51:20,187.26592867,0.00000001,0.000000000001140965,7813490,2019-07-13 16:51:20,btc,419.77407087449336,1935513.62324,0.00000001,btc,3179086.72005867,0.0,1.8726592866999999e-06,136
1,[],4,[],2019-08-16 17:19:35,834901.94676542,0.00000444,0.0000000004609497,7903936,2019-08-16 17:19:35,btc,24.227558307963236,0.0,0.00000444,btc,523194.3343037,0.17197058,1.7885525493599637,137
1,[],12,[],2019-08-16 17:19:36,130708.31291092,0.0000045000000000000001140038584368507912358836620114743709564208984375,0.00000000046717875,7903937,2019-08-16 17:19:36,btc,39.901514924620166,0.0,0.0000045000000000000001140038584368507912358836620114743709564208984375,btc,56212.36003021,0.010878647075,0.0159477585918326,137
1,[],4,[],2019-08-16 17:19:37,1303921.19720291,0.00003728,0.0000000038703164,7903938,2019-08-16 17:19:37,btc,9.613455577970617,0.0,0.00003728,btc,129134.41960056,1.31818643,2.2300040542773023,142
1,[],20,[],2019-08-16 17:21:39,110256.0594,0.000039896,0.00000000414190298,7903939,2019-08-16 17:21:39,btc,1.280052793848,8.831,0.000039896,btc,3129.0391,0.0003524336722,0.0207840560428,142
1,[],22,[],2019-08-16 17:21:44,10619.88,0.00000200,0.000000000207635,7903940,2019-08-16 17:21:44,BTC,1.55898515,0.0,0.00000200,BTC,835.8398331062671,0.0,0.00416696,142
0.0,[],25,[],2019-08-16 17:21:46,0.0,0,0,7903941,2019-08-16 17:21:46,,0.0,0.0,0.0,btc,0.0,0.0,0.0,142
0,[],28,[],2019-08-16 17:30:04,0.0,0,0,7903942,2019-08-16 17:30:04,,0.0,5048.0,0,,0.0,0.0,0.0,142
1,[],17,[],2019-05-03 01:13:16,32967.38636364,0.00000088,0.000000000048224264,7559122,2019-05-03 01:13:16,btc,20.06976206696776,0.0,0.00000088,btc,2746.079105,0.0,0.0105613000000032,142
1,[],5,[],2019-07-06 02:06:10,0.0,0,0,7800822,2019-07-06 02:06:10,btc,0.0,0.00140707,0,btc,0.0,0.0,0.0,142
0,[],22,[],2019-08-16 17:30:08,0.0,0,0,7903943,2019-08-16 17:30:08,,68.14027224,0.0,0,,718000153.5744588,0.0,0.0,143
0,[],22,[],2019-02-25 15:42:22,0.0,0,0,6783783,2019-02-25 15:42:22,,4.2131946,0.0,0,,2322156.0,0.0,0.0,146
,[],22,[],2018-11-20 23:01:11,0.0,0,0,4862114,2018-11-20 23:01:11,,2.56807021,0.0,,,61828.4988236,0.0,0.0,147
1,[],12,[],2019-04-21 06:38:04,193091.5971266,0.00000071,0.000000000037635183,7388679,2019-04-21 06:38:04,btc,2.301232411611175,0.0,0.00000071,btc,9957.48302385,0.00023528,0.0313308199999888,148
1,[],5,[],2019-04-26 09:36:59,0.0,0,0,7465040,2019-04-26 09:36:59,btc,0.0,0.0,0,btc,0.0,0.0,0.0,153
0,[],23,[],2019-01-20 23:24:29,0.0,0,0,6476932,2019-01-20 23:24:29,,0.0,0.0,0,,0.0,0.0,0.0,156
0,[],22,[],2019-08-16 17:30:11,0.0,0,0,7903944,2019-08-16 17:30:11,,6.78813965,0.0,0,,4560228.592592592,0.0,0.0,156
1,[],22,[],2019-08-16 17:30:14,6996.0,0.00000001,0.000000000001038175,7903945,2019-08-16 17:30:14,BTC,1.7547719,0.0,0.00000001,BTC,64.8,0.0,6.996e-05,157
0,[],22,[],2019-08-16 17:30:17,0.0,0,0,7903946,2019-08-16 17:30:17,,50234.60468402,0.0,0,,54786159.03179465,0.0,0.0,158
,[],17,[],2018-11-20 22:56:10,0.0,0,0,4861976,2018-11-20 22:56:10,btc,1.1265625,0.0,,btc,1000.0,0.0,0.0,159
,[],20,[],2018-11-20 22:56:12,0.0,0,0,4861977,2018-11-20 22:56:12,btc,11912.7940471,0.0,,btc,34413894.3617,0.0,0.0,159
1,[],22,[],2019-08-16 17:30:20,118948.0,0.00000001,0.000000000001038175,7903947,2019-08-16 17:30:20,BTC,12.83785151,0.0,0.00000001,"BTC,LTC",190182.34947371835,0.0,0.03700948,171
0.0000000000720659,[],22,[],2019-08-16 17:30:23,144000.0,3.603295e-18,3.740850786625e-22,7903948,2019-08-16 17:30:23,LTC,1.7462213,0.0,0.00000005,LTC,1298220.8536050986,0.0,0.00344,173
1,[],5,[],2019-07-06 02:08:45,0.0,0,0,7800830,2019-07-06 02:08:45,btc,0.0,0.00700197,0,btc,0.0,0.0,0.0,175
0,[],22,[],2019-08-16 17:30:27,0.0,0,0,7903949,2019-08-16 17:30:27,,393.97295672,0.0,0,,135375.61833431243,0.0,0.0,176
1,[],7,[],2019-07-01 10:15:32,0.0,0,0,7783526,2019-07-01 10:15:32,btc,521516.2326888725,0.0,0,btc,26809253.73522063,0.0,0.0,178
0,[],2,[],2019-01-20 23:28:34,0.0,0,0,6477001,2019-01-20 23:28:34,,0.0,0.0,0,,0.0,0.0,0.0,178
0,[],22,[],2019-08-16 17:30:31,0.0,0,0,7903950,2019-08-16 17:30:31,,1.00255534,0.0,0,,112828.0,0.0,0.0,178
1,[],5,[],2019-07-06 02:08:50,0.0,0,0,7800832,2019-07-06 02:08:50,btc,0.0,6.904e-05,0,btc,0.0,0.0,0.0,179
0,[],23,[],2019-01-20 23:25:08,0.0,0,0,6476952,2019-01-20 23:25:08,,0.0,0.0,0,,0.0,0.0,0.0,179
0,[],22,[],2019-08-16 17:30:34,0.0,0,0,7903951,2019-08-16 17:30:34,,10.33352785,0.0,0,,14883771.231946677,0.0,0.0,179
1,[],22,[],2019-08-16 17:32:39,775878.18432282,0.00000051,0.000000000052946925000000004,7903952,2019-08-16 17:32:39,BTC,2.96798102,0.0,0.00000051,"BTC,LTC",248281.59096771595,0.0,0.61555445,180
1,[],26,[],2019-08-16 17:32:39,0.0,0,0,7903953,2019-08-16 17:32:39,,0.0,0.0,0,,0.0,0.0,0.0,180
1,[],17,[],2019-05-03 01:13:56,20504.725000000002,0.0000001,0.00000000000548003,7559141,2019-05-03 01:13:56,btc,5.2010695838400265,0.0,0.0000001,btc,5033.45945,0.0,0.0011504725,180
,[],7,[],2018-11-20 22:58:01,562227.975654,0.00000085,0.000000000036176765,4862015,2018-11-20 22:58:01,btc,21836.6059674,2491.87645172,,btc,749999.041456,0.00211021,0.127565380455,183
,[],5,[],2019-01-10 08:11:41,0.0,0,0,6347036,2019-01-10 08:11:41,btc,82.15055501,0.00261,,btc,1.19002445,0.0,0.0,187
,[],17,[],2018-11-16 20:58:10,4062536.27273,0.00000001,0.000000000000550501,4708775,2018-11-16 20:58:10,btc,3.36492563466,0.195460381006,,"btc,eth",110697919.549,0.0,0.0157628953496,187
1,[],24,[],2019-05-22 21:04:52,0.0,0.000000000014,0.0000000000000010960978,7670219,2019-05-22 21:04:52,btc,0.0,0.0,0.000000000014,btc,0.0,0.0,0.0,187
0,[],23,[],2019-01-20 23:31:41,0.0,0,0,6477079,2019-01-20 23:31:41,,0.0,0.0,0,,0.0,0.0,0.0,199
0,[],22,[],2019-08-16 17:32:41,0.0,0,0,7903954,2019-08-16 17:32:41,,6.22011878,0.0,0,,40771826.0,0.0,0.0,199
1,[],26,[],2019-08-16 17:32:41,0.0,0,0,7903955,2019-08-16 17:32:41,,0.0,0.0,0,,0.0,0.0,0.0,199
1,[],4,[],2019-01-25 15:51:35,2084389.58565343,0.00000936,0.000000000333526752,6499557,2019-01-25 15:51:35,btc,2.0092503037378524,0.0,0.00000936,btc,160195.80207885,0.19272417,1.242687955921835,211
1,[],7,[],2019-07-01 02:21:28,1170054124.6898527,0.00000018,0.000000000019815389999999997,7782694,2019-07-01 02:21:28,btc,1346735.6331920293,0.0,0.00000018,btc,5516233.71348162,0.0,11.954344045954047,212
1,[],27,[],2019-08-12 16:37:52,320029.088,0.00000001,0.000000000001138437,7891783,2019-08-12 16:37:52,btc,176.0318120012664,0.0,0.00000001,"btc,ltc",485496.05456794,0.0,0.00320029088,216
0,[],22,[],2019-08-16 17:32:46,0.0,0,0,7903956,2019-08-16 17:32:46,,6.8412543,0.0,0,,3272264.174064925,0.0,0.0,216
1,[],22,[],2019-08-16 17:32:51,747977.1923076923,0.00000017,0.000000000017648975,7903957,2019-08-16 17:32:51,BTC,12055.76231131,0.0,0.00000017,BTC,437869.67681702506,0.01609237,0.05014716,217
0,[],22,[],2019-08-16 16:24:52,0.0,0,0,7903801,2019-08-16 16:24:52,,4.14997484,0.0,0,,126244.70709740352,0.0,0.0,221
1,[],24,[],2019-08-16 16:24:52,0.0,0.000000010000,0.000000000001040232,7903802,2019-08-16 16:24:52,btc,0.0,0.0,0.000000010000,btc,0.0,0.0,0.0,221
1,[],26,[],2019-08-16 17:32:51,0.0,0,0,7903958,2019-08-16 17:32:51,,0.0,0.0,0,,0.0,0.0,0.0,231
0.0000000001859265,[],27,[],2019-08-12 16:38:10,100.0,1.859265e-18,2.1166560688050002e-22,7891787,2019-08-12 16:38:10,eth,0.0,0.0,0.00000001,"btc,eth",0.0,0.0,1.8592649999999999e-16,234
1,[],26,[],2019-08-16 17:32:51,0.0,0,0,7903959,2019-08-16 17:32:51,,0.0,0.0,0,,0.0,0.0,0.0,234
1,[],5,[],2019-07-06 02:11:21,0.0,0,0,7800842,2019-07-06 02:11:21,btc,0.0,0.10652887,0,btc,0.0,0.0,0.0,237
1,[],20,[],2019-08-16 17:32:54,93528372.9818,0.000000043,0.0000000000044641525,7903960,2019-08-16 17:32:54,btc,514.8674251835054,17979234.975,0.000000043,btc,29928766.8062,0.771982691526,0.4812298987061,237
1,[],22,[],2019-08-16 17:32:57,1839335.0,0.00000001,0.000000000001038175,7903961,2019-08-16 17:32:57,BTC,1.20371953,0.0,0.00000001,"BTC,LTC",40634.04871794872,0.0,0.01839335,237
1,[],5,[],2019-07-06 02:11:32,0.0,0,0,7800846,2019-07-06 02:11:32,btc,0.0,0.05525444,0,btc,0.0,0.0,0.0,238
1,[],4,[],2019-08-16 17:32:58,27840499.02651034,0.00000006,0.00000000000622905,7903962,2019-08-16 17:32:58,btc,2.2051547644297482,0.0,0.00000006,btc,16063704.92051045,0.03381546,0.5416223673236616,238
0.0000000000720659,[],22,[],2019-08-16 17:33:02,419253.0,7.20659e-19,7.48170157325e-23,7903963,2019-08-16 17:33:02,LTC,0.40427224,0.0,0.00000001,LTC,496363.0639027493,0.0,0.00419253,249
0,[],22,[],2019-08-16 17:33:04,0.0,0,0,7903964,2019-08-16 17:33:04,,13.4488406,0.0,0,,43819581.3426455,0.0,0.0,252
0,[],28,[],2019-08-16 17:33:06,0.0,0,0,7903965,2019-08-16 17:33:06,,0.0,0.0,0,,0.0,0.0,0.0,256
0.0000000000916764,[],22,[],2019-07-23 20:12:22,1517.0,9.16764e-19,9.31930943616e-23,7830286,2019-07-23 20:12:22,LTC,31474.63788373,0.0,0.00000001,LTC,1024398.9185893413,0.0,1.517e-05,258
1,[],5,[],2019-07-02 14:44:15,0.0,0,0,7788374,2019-07-02 14:44:15,btc,0.0,0.02775788,0,btc,0.0,0.0,0.0,264
1,[],20,[],2019-08-16 17:33:08,969793.5057,0.00000016,0.0000000000166108,7903966,2019-08-16 17:33:08,btc,0.5333835836349,8637.813,0.00000016,btc,97386.0538,0.002047161681,0.0054170499284,264
0,[],22,[],2019-08-16 17:33:11,0.0,0,0,7903967,2019-08-16 17:33:11,,33050469.74148113,0.0,0,,14261527780.7,0.0,0.0,272
0,[],28,[],2019-08-16 17:33:12,0.0,0,0,7903968,2019-08-16 17:33:12,,0.0,0.0,0,,0.0,0.0,0.0,272
0.0000000000720659,[],22,[],2019-08-16 17:33:15,669.9,7.20659e-17,7.48170157325e-21,7903969,2019-08-16 17:33:15,LTC,73.46711624,0.0,0.00000100,LTC,1302482.0287135022,0.0,0.0005199,286
