pairValue,buyBook,exchangeId,sellBook,updated,buyTotal,satoshiPrice,usdPrice,exchangeLogId,created,bestPair,sellTotalBtc,volume,pairPrice,activePairs,sellTotal,volumeBtc,buyTotalBtc,coinId
0,[],2,[],2019-01-20 23:28:45,0.0,0,0,6477011,2019-01-20 23:28:45,,0.0,0.0,0,,0.0,0.0,0.0,1
1,[],3,[],2019-07-02 18:45:59,31388.612366721736,0.0080505100000000003046540797413399559445679187774658203125,0.0000008586826925690001,7789012,2019-07-02 18:45:59,btc,9.270138177611237,80.7991295439,0.0080505100000000003046540797413399559445679187774658203125,btc,36.548553041284,0.0,0.21072563224025367,1
1,[],4,[],2019-07-02 18:46:00,208228.34029174,0.00780279,0.000000832260406701,7789013,2019-07-02 18:46:00,btc,8.044796592953185,0.0,0.00780279,btc,392.65191744,7.04344073,0.4584802447778167,1
1,[],5,[],2019-07-02 18:46:03,0.0,0,0,7789014,2019-07-02 18:46:03,btc,0.0,0.02060049,0,btc,0.0,0.0,0.0,1
1,[],10,[],2019-07-02 18:46:06,246642.79341677,0.00292998,0.000000312517233762,7789015,2019-07-02 18:46:06,btc,6525.663800628065,1152.66838252,0.00292998,btc,1952.74223221,0.0,1.4844842418923374,1
1,[],12,[],2019-07-02 18:46:08,98.75394573,0.00796000000000000006161737786669618799351155757904052734375,0.0000008490287240000001,7789016,2019-07-02 18:46:08,btc,0.6640762536393,0.0,0.00796000000000000006161737786669618799351155757904052734375,btc,30.73059371,2.34413076105,0.1530756176786,1
1,[],20,[],2019-07-02 18:46:10,928.9539,0.008250042,0.0000008799651547998,7789017,2019-07-02 18:46:10,btc,0.1431245352901,1.0644,0.008250042,btc,10.534,0.0106859855093,0.1299884138794,1
1,[],21,[],2019-07-02 18:46:11,2591.52521696,0.007991490000000000398783228661,0.0000008523875072310001,7789018,2019-07-02 18:46:11,btc,8.0336440967755,4426.491543470001,0.0079914900000000003987832286611592280678451061248779296875,"btc,eth",1410.57664142,33.61040076267419,13.978986205833445,1
1,[],22,[],2019-07-02 18:46:16,1.5199,0.00850000,0.00000090662615,7789019,2019-07-02 18:46:16,BTC,0.01667896,0.0,0.00850000,BTC,0.2541810146658512,0.0,0.00927189,1
1,[],24,[],2019-07-02 18:46:16,0.0,0.000000000000,0,7789020,2019-07-02 18:46:16,btc,0.0,0.0,0.000000000000,btc,0.0,0.0,0.0,1
0.0,[],25,[],2019-07-02 18:46:17,0.0,0,0,7789021,2019-07-02 18:46:17,btc,39.67709999891086,5910.19790497,0.0,btc,4806.22174246,48.3,0.0,1
1,[],26,[],2019-07-02 18:46:21,0.0,0,0,7789022,2019-07-02 18:46:21,,0.0,0.0,0,,0.0,0.0,0.0,1
1,[],28,[],2019-07-02 18:48:07,1039.924,0.00730000,0.00000077863187,7789023,2019-07-02 18:48:07,btc,0.373339197,120014.9549,0.00730000,btc,23.6711,0.0,0.268011296,1
1,[],5,[],2019-06-17 14:29:02,0.0,0,0,7740076,2019-06-17 14:29:02,btc,0.0,2.72e-05,0,btc,0.0,0.0,0.0,2
1,[],22,[],2019-06-17 14:29:06,11550.3,0.0000002,0.0000000000185828,7740077,2019-06-17 14:29:06,BTC,21.00897301,0.0,0.0000002,"BTC,XMR",20678.87287795317,1.754e-05,0.00143681,2
1,[],5,[],2019-06-03 14:48:58,0.0,0,0,7731126,2019-06-03 14:48:58,btc,0.0,0.05905545,0,btc,0.0,0.0,0.0,3
1,[],12,[],2019-06-03 14:48:59,3468623.70302,0.000000116,0.000000000009823402000000002,7731127,2019-06-03 14:48:59,btc,169531.0336573751,0.0,0.000000116,btc,2361209.62379607,0.041350953071,0.33764769154428,3
0,[],28,[],2019-06-03 14:49:00,0.0,0,0,7731128,2019-06-03 14:49:00,,0.0,0.0,0,,0.0,0.0,0.0,3
0,[],2,[],2019-01-20 23:31:32,0.0,0,0,6477077,2019-01-20 23:31:32,,0.0,0.0,0,,0.0,0.0,0.0,4
1,[],4,[],2019-05-18 21:29:50,562734.9206932,0.00000010,0.000000000007298720000000001,7650946,2019-05-18 21:29:50,btc,41.9347137769675,0.0,0.00000010,btc,1123702.32192634,0.00052462,0.029254593370966,4
0,[],12,[],2019-06-02 05:03:43,0.0,0,0,7724919,2019-06-02 05:03:43,btc,625.901992874995,0.0,0,btc,1211362.4995005,0.0,0.0,5
0,[],2,[],2019-01-20 23:31:51,0.0,0,0,6477087,2019-01-20 23:31:51,,0.0,0.0,0,,0.0,0.0,0.0,6
1,[],11,[],2019-07-02 18:48:09,4305910.27673599,0.00000001,0.0000000000010666190000000002,7789024,2019-07-02 18:48:09,btc,9583.61440324221,317319.0,0.00000001,btc,78212351.53970686,0.0,0.0430591027673599,6
1,[],3,[],2019-07-02 18:48:10,12671.718433441742,0.00006203000000000000071880001950574978764052502810955047607421875,0.000000006616237657,7789025,2019-07-02 18:48:10,btc,1026.2873754497134,627.29874475,0.00006203000000000000071880001950574978764052502810955047607421875,btc,379.049783394402,0.0,0.021322798563775468,7
1,[],4,[],2019-07-02 18:48:11,320204.78360886,0.00007603,0.000000008109504257,7789026,2019-07-02 18:48:11,btc,7.441747078152503,0.0,0.00007603,btc,51021.68187328,2.17602801,2.30347989910926,7
1,[],5,[],2019-07-02 18:48:12,0.0,0,0,7789027,2019-07-02 18:48:12,btc,0.0,0.20739004,0,btc,0.0,0.0,0.0,7
1,[],20,[],2019-04-07 22:06:50,3201475.0482,0.000000001,0.000000000000051590000000000004,7213932,2019-04-07 22:06:50,btc,30.8005781811902,0.0,0.000000001,btc,23077405.3926,0.0,0.0032014750482,8
0,[],2,[],2019-01-20 23:22:42,0.0,0,0,6476876,2019-01-20 23:22:42,,0.0,0.0,0,,0.0,0.0,0.0,9
0,[],23,[],2019-01-20 23:22:48,0.0,0,0,6476878,2019-01-20 23:22:48,,0.0,0.0,0,,0.0,0.0,0.0,9
1,[],1,[],2019-02-17 23:31:42,1822507.21,0.00000181000000000000003456111265232042484285557293333113193511962890625,0.000000000066086901,6701244,2019-02-17 23:31:42,btc,3.6990969245,17153386.5,0.00000181000000000000003456111265232042484285557293333113193511962890625,btc,1997391.71,31.11772986,3.2610482446,9
1,[],4,[],2019-07-02 18:48:14,1909724.5191004,0.00000040,0.000000000042664760000000006,7789028,2019-07-02 18:48:14,btc,2.819762654736944,0.0,0.00000040,btc,3100061.49904081,0.12823784,0.3273205411370422,9
1,[],28,[],2019-07-02 18:48:28,20043.809,0.00000042,0.000000000044797998000000004,7789029,2019-07-02 18:48:28,btc,2708.79281520645,114670.0,0.00000042,btc,55180.794,0.0,0.00270157978,9
1,[],4,[],2019-02-17 11:22:43,4341674.27126056,0.00000002,0.0000000000007272960000000001,6696112,2019-02-17 11:22:43,btc,0.1997230937751353,0.0,0.00000002,btc,4109766.79808031,0.00215132,0.0479381022052112,10
0,[],2,[],2019-01-20 23:23:08,0.0,0,0,6476890,2019-01-20 23:23:08,,0.0,0.0,0,,0.0,0.0,0.0,12
1,[],4,[],2019-07-02 18:48:29,6806708.07356512,0.00000026,0.000000000027732094,7789030,2019-07-02 18:48:29,btc,7.564928808107271,0.0,0.00000026,btc,9552737.95036106,0.33662939,0.7036650936706993,12
1,[],5,[],2019-07-02 18:48:30,0.0,0,0,7789031,2019-07-02 18:48:30,btc,0.0,0.06380072,0,btc,0.0,0.0,0.0,12
0.0,[],25,[],2019-07-02 18:48:32,0.0,0,0,7789032,2019-07-02 18:48:32,,0.0,0.0,0.0,btc,0.0,0.0,0.0,12
1,[],10,[],2019-07-02 17:09:49,625203.193018,0.0000025,0.0000000002645895,7788758,2019-07-02 17:09:49,btc,666798.542219785,11979.53961,0.0000025,btc,1076817.93813489,0.0,0.2970705461629195,13
1,[],4,[],2019-07-02 18:48:32,531071.79851934,0.00000252,0.000000000268787988,7789033,2019-07-02 18:48:32,btc,2.1363728337124015,0.0,0.00000252,btc,397693.97819967,0.27710835,0.232914771667411,13
1,[],21,[],2019-07-02 18:48:37,7034102.64101284,0.000002619999999999999902615876665,0.000000000279454178,7789034,2019-07-02 18:48:37,btc,2.613172809049888,1014052.27377336,0.00000261999999999999990261587666517950623301658197306096553802490234375,btc,729491.45286935,2.65896565,2.792318892029059,13
0,[],17,[],2019-05-03 00:53:32,0.0,0,0,7558876,2019-05-03 00:53:32,btc,0.0,0.0,0,btc,0.0,0.0,0.0,14
1,[],4,[],2019-07-02 18:48:38,991161.72734662,0.00000038,0.000000000040531522,7789035,2019-07-02 18:48:38,btc,2.8489656091796953,0.0,0.00000038,btc,735238.6080045,0.01382735,0.1010123437085195,14
1,[],12,[],2019-07-02 18:48:41,204283.36567011,0.00000037,0.000000000039464903000000005,7789036,2019-07-02 18:48:41,btc,186.3551042079909,0.0,0.00000037,btc,36057.83695007,0.000984212956,0.0096905079999624,14
1,[],26,[],2019-07-02 18:50:41,0.0,0.00000050,0.000000000053330950000000004,7789037,2019-07-02 18:50:41,btc,0.0,0.0,0.00000050,btc,0.0,0.0,0.0,14
,[],12,[],2018-12-01 15:15:48,204241.84496,0.00000489,0.000000000202473384,5260204,2018-12-01 15:15:48,btc,49.5475654835,0.0,,btc,35763.2193806,0.0163153972027625,0.0203389899998,15
0,[],4,[],2019-07-02 18:50:41,0.0,0,0,7789038,2019-07-02 18:50:41,,0.0,0.0,0,,0.0,0.0,0.0,15
0,[],2,[],2019-01-20 23:23:38,0.0,0,0,6476906,2019-01-20 23:23:38,,0.0,0.0,0,,0.0,0.0,0.0,18
0,[],17,[],2019-05-03 00:53:39,0.0,0,0,7558882,2019-05-03 00:53:39,btc,0.0,0.0,0,btc,0.0,0.0,0.0,18
1,[],4,[],2019-07-02 18:50:43,33010.78607225,0.00000832,0.000000000887427008,7789039,2019-07-02 18:50:43,btc,2.3694959449864412,0.0,0.00000832,btc,17304.08432614,0.04333345,0.0548101337166057,18
1,[],10,[],2019-07-02 18:50:45,407393.96575802,0.00000816,0.000000000870361104,7789040,2019-07-02 18:50:45,btc,15.05457507976252,2841.5635631,0.00000816,btc,18141.13126721,0.0,0.3177337701475698,18
1,[],12,[],2019-07-02 18:50:47,2170.17504177,0.0000080600000000000007575884364285911942715756595134735107421875,0.0000000008596949140000001,7789041,2019-07-02 18:50:47,btc,0.5284096908066538,0.0,0.0000080600000000000007575884364285911942715756595134735107421875,btc,1922.11839621,3.6045e-07,0.0045128346669846995,18
0,[],2,[],2019-01-20 23:24:19,0.0,0,0,6476924,2019-01-20 23:24:19,,0.0,0.0,0,,0.0,0.0,0.0,19
1,[],3,[],2019-07-02 18:52:48,160322.82773523,0.00000802999999999999935075371826354029280992108397185802459716796875,0.000000000856495057,7789042,2019-07-02 18:52:48,btc,190.3086356607569,15936.0573282,0.00000802999999999999935075371826354029280992108397185802459716796875,btc,18068.744213580634,0.0,0.1062394959618158,19
1,[],4,[],2019-07-02 18:52:49,289851.50678615,0.00000651,0.0000000006943689690000001,7789043,2019-07-02 18:52:49,btc,2.7552858101300632,0.0,0.00000651,btc,193675.1182121,0.5194286,1.1709703712798833,19
1,[],5,[],2019-07-02 18:52:50,0.0,0,0,7789044,2019-07-02 18:52:50,btc,0.0,0.0,0,btc,0.0,0.0,0.0,19
1,[],12,[],2019-07-02 18:52:52,107457.34154932,0.000005800000000000000372813759030865554677802720107138156890869140625,0.0000000006186390200000001,7789045,2019-07-02 18:52:52,btc,0.3668658610473348,0.0,0.000005800000000000000372813759030865554677802720107138156890869140625,btc,3013.18297673,0.0,0.0103916559998369,19
0,[],27,[],2019-07-02 18:52:58,0.0,0,0,7789046,2019-07-02 18:52:58,,0.0,0.0,0,btc,0.0,0.0,0.0,19
1,[],4,[],2019-07-02 18:52:59,9925191.09278478,0.00000005,0.000000000005333095000000001,7789047,2019-07-02 18:52:59,btc,5.162858526649613,0.0,0.00000005,btc,2244806.83713707,0.0,0.1102994166205056,20
0,[],17,[],2019-05-03 00:53:51,0.0,0,0,7558891,2019-05-03 00:53:51,btc,0.0,0.0,0,btc,0.0,0.0,0.0,21
0,[],4,[],2019-07-02 18:53:00,0.0,0,0,7789048,2019-07-02 18:53:00,,13630.873863937572,0.0,0,,166213653.47370672,0.0,0.0,21
0,[],12,[],2019-07-02 18:53:01,0.0,0,0,7789049,2019-07-02 18:53:01,btc,2602.9596942075027,0.0,0,btc,9905028.54845151,3.996e-08,0.0,21
1,[],12,[],2019-07-02 18:55:03,6289520453.864567,0.0000000006,0.00000000000006399714,7789050,2019-07-02 18:55:03,btc,1426620312890.6094,0.0,0.0000000006,btc,2999784020.6444883,0.158581019118,1.9987914708454833,23
0.0000000002707596,[],27,[],2019-07-02 18:55:08,34752173.60039952,8.3935476e-17,8.9527173475644e-21,7789051,2019-07-02 18:55:08,eth,1280.47844585,18240745.7062937,0.00000031,eth,4215119.466,1.531045673736732e-09,5.786106402789915e-10,23
1,[],4,[],2019-06-22 05:45:29,6100414.07522138,0.00000017,0.00000000001823352,7751732,2019-06-22 05:45:29,btc,10.22685272773715,0.0,0.00000017,btc,1790815.48208265,0.0,0.1345450262400025,24
0,[],22,[],2019-06-22 05:45:31,0.0,0,0,7751733,2019-06-22 05:45:31,,6.22e-05,0.0,0,,517.4264705882352,0.0,0.0,24
0.0,[],25,[],2019-06-22 05:45:32,0.0,0,0,7751734,2019-06-22 05:45:32,,0.0,0.0,0.0,btc,0.0,0.0,0.0,24
0,[],2,[],2019-01-20 23:25:56,0.0,0,0,6476976,2019-01-20 23:25:56,,0.0,0.0,0,,0.0,0.0,0.0,26
1,[],4,[],2019-07-02 18:55:09,26942230.61805391,0.00000352,0.000000000375449888,7789052,2019-07-02 18:55:09,btc,7.415047032725696,0.0,0.00000352,btc,200442.4009337,0.08713398,0.3880181265776984,26
1,[],10,[],2019-07-02 18:55:11,128693.547373,0.00000461,0.0000000004917113590000001,7789053,2019-07-02 18:55:11,btc,26.15781385259326,4665.5519637,0.00000461,btc,19877.13250604,0.0,0.0474473763598829,26
1,[],5,[],2019-04-26 09:47:06,0.0,0,0,7465326,2019-04-26 09:47:06,btc,0.0,0.0,0,btc,0.0,0.0,0.0,27
1,[],3,[],2019-06-17 14:30:26,13571825.64059417,0.00000001,0.00000000000092914,7740112,2019-06-17 14:30:26,btc,3.485049956644059,4264730.43754,0.00000001,btc,23500048.28518193,0.0,0.1357182564059417,27
1,[],11,[],2019-06-17 14:30:28,2031833.58157834,0.00000001,0.00000000000092914,7740113,2019-06-17 14:30:28,btc,67502.92060589766,32677.9652116,0.00000001,btc,6487362.95640949,0.0,0.0203183358157834,27
0.000000000110934,[],4,[],2019-07-02 18:55:12,470156432.1806804,8.430984e-17,8.992647723096e-21,7789054,2019-07-02 18:55:12,ltc,10.53081657150932,0.0,0.00000076,ltc,672915893.5266962,0.00307219,6.813949643901996e-09,29
1,[],7,[],2019-07-02 18:55:13,0.0,0,0,7789055,2019-07-02 18:55:13,btc,46548272.65938547,231235.0,0,btc,50585828.77551066,0.0,0.0,29
1,[],4,[],2019-07-02 18:55:14,15277656.91173536,0.00000004,0.000000000004266476,7789056,2019-07-02 18:55:14,btc,2.573393984778842,0.0,0.00000004,btc,2249253.14278687,0.00146198,0.16847488463339,30
0,[],17,[],2019-05-03 01:11:25,0.0,0,0,7559066,2019-05-03 01:11:25,btc,0.0,0.0,0,btc,0.0,0.0,0.0,30
1,[],4,[],2019-07-02 18:57:15,235310.682058,0.00003400,0.0000000036265046,7789057,2019-07-02 18:57:15,btc,4.164849347029999,0.0,0.00003400,btc,64613.51106732,0.31316345,0.6833507932591167,31
1,[],21,[],2019-07-02 18:57:16,287755.94704093,0.00003580000000000000282690537645,0.0000000038184960200000005,7789058,2019-07-02 18:57:16,btc,2.840757869315585,159263.78631526,0.000035800000000000002826905376451804841053672134876251220703125,btc,61960.51449854,5.61472558,3.5834544956579273,31
0,[],2,[],2019-01-20 23:28:43,0.0,0,0,6477009,2019-01-20 23:28:43,,0.0,0.0,0,,0.0,0.0,0.0,32
0,[],4,[],2019-07-02 18:57:17,0.0,0,0,7789059,2019-07-02 18:57:17,,0.0,0.0,0,,0.0,0.0,0.0,33
1,[],12,[],2019-03-30 07:55:10,40641173.964,0.00000003,0.000000000001228359,7108785,2019-03-30 07:55:10,btc,4233210.82356125,0.0,0.00000003,btc,28378394.68333462,0.0126927883965248,0.90752895892,33
0.000000000110934,[],4,[],2019-07-02 18:57:18,148613030.66152644,5.5467e-17,5.9162156073e-21,7789060,2019-07-02 18:57:18,ltc,4.569281507392714,0.0,0.0000005,ltc,168662083.67133886,0.0,6.587270723468901e-10,34
1,[],5,[],2019-07-02 18:57:19,0.0,0,0,7789061,2019-07-02 18:57:19,btc,0.0,0.0,0,btc,0.0,0.0,0.0,34
0.0000000002926451,[],17,[],2019-05-02 18:17:47,200000.0,2.9264510000000002e-18,1.596703856561e-22,7556430,2019-05-02 18:17:47,eth,0.20942468735267253,0.0,0.00000001,"btc,eth",1018272.20243647,0.0,5.852902e-13,36
0.0000000001311821,[],4,[],2019-05-31 13:28:19,2417517744.0607657,1.311821e-18,1.105058333085e-22,7717483,2019-05-31 13:28:19,ltc,5.019900492391546e-08,0.0,0.00000001,ltc,7102398142.262129,0.0,3.171350544531538e-09,36
1,[],5,[],2019-05-31 13:28:21,0.0,0,0,7717484,2019-05-31 13:28:21,btc,0.0,0.0,0,btc,0.0,0.0,0.0,36
0.0000000003108179,[],27,[],2019-05-31 13:30:34,10388811.226876,6.216358000000001e-18,5.236566733830001e-22,7717485,2019-05-31 13:30:34,eth,1569.8708019850988,761866.634299,0.00000002,"ltc,eth",5084024.2511555,4.736034912207001e-12,3.3251980286483705e-11,36
1,[],4,[],2019-06-25 10:05:55,10747826.61931615,0.00000014,0.000000000015920562,7762320,2019-06-25 10:05:55,btc,19773.05513423956,0.0,0.00000014,btc,682946.14349671,0.0006293,0.1362851255028938,37
1,[],12,[],2019-06-25 10:05:57,4167862.54235103,0.00000013,0.000000000014783379,7762321,2019-06-25 10:05:57,btc,7.381091518261743,0.0,0.00000013,btc,1713444.53926904,0.016313049979,0.1478110147956336,37
1,[],27,[],2019-06-25 10:08:02,10970.0,0.00000019,0.000000000021606477,7762322,2019-06-25 10:08:02,btc,22.62970013895233,0.0,0.00000019,btc,4298.824295,0.0,0.00167419,37
1,[],17,[],2019-05-03 01:11:36,211752.74075282,0.00000025,0.000000000013700074999999998,7559074,2019-05-03 01:11:36,btc,0.055484923955058496,0.0,0.00000025,"btc,eth",1387.19918473,0.0,0.0005381851887916605,37
1,[],5,[],2019-07-02 18:57:21,0.0,0,0,7789062,2019-07-02 18:57:21,btc,0.0,0.17789445,0,btc,0.0,0.0,0.0,42
1,[],12,[],2019-07-02 18:57:22,191405.83201845,0.00000128999999999999993103715241471451946608794969506561756134033203125,0.000000000137593851,7789063,2019-07-02 18:57:22,btc,525.2752101103175,0.0,0.00000128999999999999993103715241471451946608794969506561756134033203125,btc,144705.16651378,0.062041784788,0.044993218140252596,42
1,[],27,[],2019-07-02 18:57:29,10300.0,0.00000003,0.0000000000031998570000000003,7789064,2019-07-02 18:57:29,btc,0.07600425,0.0,0.00000003,"btc,eth",18.0,0.0,0.000306,42
1,[],12,[],2019-03-13 09:13:29,1112112.0,0.00000001,0.000000000000386531,6919902,2019-03-13 09:13:29,btc,29058.00478931866,0.0,0.00000001,btc,5967681.93306694,9.99000999e-07,0.01112112,43
1,[],5,[],2019-04-26 22:38:52,0.0,0,0,7474154,2019-04-26 22:38:52,btc,0.0,0.02638891,0,btc,0.0,0.0,0.0,43
0,[],17,[],2019-04-26 22:38:53,0.0,0,0,7474155,2019-04-26 22:38:53,btc,0.0,0.0,0,btc,0.0,0.0,0.0,43
1,[],12,[],2019-03-05 01:54:08,639326.02,0.00000004,0.000000000001486676,6845775,2019-03-05 01:54:08,btc,11116042.728239931,0.0,0.00000004,btc,1103841.4595604,0.0003330765234764,0.014975410599999999,44
0.000000000110934,[],4,[],2019-07-02 18:57:30,109811208.90271801,4.770162e-17,5.0879454222780005e-21,7789065,2019-07-02 18:57:30,ltc,2762.219809357988,0.0,0.00000043,ltc,28259978.5879774,0.0,5.013598114033864e-10,49
0.000000000110934,[],4,[],2019-07-02 18:57:31,320029489.2289707,2.21868e-17,2.3664862429200003e-21,7789066,2019-07-02 18:57:31,ltc,28254.192127699476,0.0,0.0000002,ltc,195442489.9137808,0.0,2.092475852938559e-09,52
0,[],22,[],2019-07-02 14:32:00,0.0,0,0,7788319,2019-07-02 14:32:00,,10289.80784133,0.0,0,,287058287.4566013,0.0,0.0,57
0,[],27,[],2019-07-02 14:32:07,0.0,0,0,7788320,2019-07-02 14:32:07,,0.0,0.0,0,"btc,eth",0.0,0.0,0.0,57
0,[],4,[],2019-07-02 18:57:31,0.0,0,0,7789067,2019-07-02 18:57:31,,19.719129242002793,0.0,0,,6107909452.982692,0.0,0.0,58
0,[],12,[],2019-07-02 18:57:33,0.0,0,0,7789068,2019-07-02 18:57:33,btc,654781704.5603001,0.0,0,btc,3770632202.37658,3.631369e-06,0.0,58
0.00000000007999680000000001,[],22,[],2019-07-02 18:59:37,126877.0,7.99968e-19,8.532610681920001e-23,7789069,2019-07-02 18:59:37,XMR,68.17454206,0.0,0.00000001,XMR,9626402.6,0.0,0.00126877,58
1,[],17,[],2019-05-03 01:12:09,1200000.0,0.0000000001,0.00000000000000548003,7559085,2019-05-03 01:12:09,btc,1e+24,0.0,0.0000000001,"btc,eth",39516342.31952568,0.0,0.00010000000058666061,58
1,[],5,[],2019-06-17 14:31:27,0.0,0,0,7740135,2019-06-17 14:31:27,btc,0.0,0.00079154,0,btc,0.0,0.0,0.0,61
1,[],22,[],2019-06-17 14:31:30,13612.833333333334,0.00000012,0.00000000001114968,7740136,2019-06-17 14:31:30,BTC,1002.29123003,0.0,0.00000012,BTC,15014.200177125656,0.0,0.00153257,61
1,[],26,[],2019-06-17 14:31:30,0.0,0.00000050,0.000000000046457,7740137,2019-06-17 14:31:30,btc,0.0,0.0,0.00000050,btc,0.0,0.0,0.0,61
1,[],27,[],2019-06-17 14:31:36,8400.0,0.00000018,0.00000000001672452,7740138,2019-06-17 14:31:36,btc,1.9742539297246655,0.0,0.00000018,"btc,eth",10953.51663696,0.0,0.001512,61
0,[],28,[],2019-06-17 14:31:38,0.0,0,0,7740139,2019-06-17 14:31:38,,0.0,0.0,0,,0.0,0.0,0.0,61
1,[],4,[],2019-07-02 18:59:38,2333784.4217657,0.00000043,0.000000000045864617,7789070,2019-07-02 18:59:38,btc,3.1447272114891494,0.0,0.00000043,btc,1202467.59318854,0.12316546,0.299259001960182,67
0.0,[],25,[],2019-07-02 18:59:40,0.0,0,0,7789071,2019-07-02 18:59:40,,0.0,0.0,0.0,btc,0.0,0.0,0.0,67
1,[],12,[],2019-06-02 06:23:14,910048.355,0.00000006,0.000000000005154929999999999,7725270,2019-06-02 06:23:14,btc,5.167005424215783,0.0,0.00000006,btc,738530.60239759,0.003159757462,0.0187188113,71
,[],5,[],2018-11-20 23:02:39,1.5e-07,0.00000005,0.000000000002128045,4862160,2018-11-20 23:02:39,btc,2.84511358,0.0,,btc,0.00036572,0.0,0.07381892,74
1,[],5,[],2019-07-02 18:59:41,0.0,0,0,7789072,2019-07-02 18:59:41,btc,0.0,0.00134563,0,btc,0.0,0.0,0.0,75
1,[],4,[],2019-06-04 03:25:15,715281.46076168,0.00000001,0.000000000000803619,7734085,2019-06-04 03:25:15,btc,581089.6218469425,0.0,0.00000001,btc,37692563.61091116,0.0,0.0071528146076168,81
0,[],20,[],2019-01-25 09:30:31,0.0,0,0,6495923,2019-01-25 09:30:31,btc,0.0,0.0,0,btc,0.0,0.0,0.0,81
1,[],4,[],2019-07-02 18:59:42,185578.3007334,0.00006601,0.000000007040752019000001,7789073,2019-07-02 18:59:42,btc,58.98020993293269,0.0,0.00006601,btc,125433.39083832,0.5325203,0.3327940092424125,82
1,[],21,[],2019-07-02 18:59:43,318393.80742439,0.00007100000000000000462217070174,0.000000007572994900000001,7789074,2019-07-02 18:59:43,btc,4.745092968187437,4529.92713149,0.000071000000000000004622170701740202503060572780668735504150390625,btc,49877.73481443,0.32020224,3.5567646309918306,82
0,[],17,[],2019-03-25 22:42:34,0.0,0,0,7038780,2019-03-25 22:42:34,btc,0.0445064681804024,0.0,0,btc,995513.18476001,0.0,0.0,84
0.0000000001161485,[],4,[],2019-05-20 13:09:39,216715621.0206096,1.161485e-18,9.0533806701e-23,7657228,2019-05-20 13:09:39,ltc,1.6511566870244727,0.0,0.00000001,ltc,471032407.9048656,0.0,2.5171194308112273e-10,85
,[],22,[],2018-11-20 23:09:34,3408.1,0.0000001,0.0000000000041895,4862324,2018-11-20 23:09:34,BTC,0.04624735,0.0,,BTC,4990.0,0.0,0.00033081,86
1,[],22,[],2019-06-26 09:07:19,62694.0,0.00000005,0.0000000000063518149999999994,7766682,2019-06-26 09:07:19,BTC,1.85249053,0.0,0.00000005,BTC,287024.94736842107,0.0003,0.00062846,87
1,[],27,[],2019-06-26 09:07:25,361781.0,0.0000002,0.000000000025407259999999998,7766683,2019-06-26 09:07:25,btc,19.86923154858,99950.0,0.0000002,btc,548343.482,0.01999,0.01237888,87
,[],2,[],2018-11-20 23:10:47,0.0,0,0,4862359,2018-11-20 23:10:47,,0.0,0.0,,,0.0,0.0,0.0,88
1,[],11,[],2019-06-17 14:31:59,193715.3529613,0.000073310000000000001140094962881477158589405007660388946533203125,0.00000000681152534,7740147,2019-06-17 14:31:59,btc,168.35454702024953,5791.70569014,0.000073310000000000001140094962881477158589405007660388946533203125,btc,196971.41170107,0.0,1.1996165759440112,89
1,[],12,[],2019-07-02 18:59:45,397797.48072359,0.00000029,0.000000000030931951,7789075,2019-07-02 18:59:45,btc,122.17467993557484,0.0,0.00000029,btc,295682.58866054,0.000328265378,0.0260577199538385,91
1,[],22,[],2019-07-02 19:01:49,75900.0,0.00000001,0.000000000001066619,7789076,2019-07-02 19:01:49,BTC,0.495,0.0,0.00000001,"BTC,LTC",4.95,0.0,0.001659,91
0,[],2,[],2019-01-20 23:31:45,0.0,0,0,6477083,2019-01-20 23:31:45,,0.0,0.0,0,,0.0,0.0,0.0,91
0,[],17,[],2019-05-03 01:12:26,0.0,0,0,7559096,2019-05-03 01:12:26,btc,0.0,0.0,0,btc,0.0,0.0,0.0,91
1,[],22,[],2019-07-02 19:01:54,94060.0,0.00000002,0.000000000002133238,7789077,2019-07-02 19:01:54,BTC,11.46046694,0.0,0.00000002,"BTC,LTC",341043.4683191416,0.0,0.0662712,95
0.000000000110934,[],4,[],2019-07-02 19:01:55,537294416.054819,2.77335e-17,2.95810780365e-21,7789078,2019-07-02 19:01:55,ltc,10.916296296766095,0.0,0.00000025,ltc,153908903.60553408,0.0,7.30128457165246e-10,96
0,[],12,[],2019-07-02 19:01:55,0.0,0,0,7789079,2019-07-02 19:01:55,btc,36.53971696651349,0.0,0,btc,9958954.65134864,1.998e-08,0.0,96
0,[],17,[],2019-05-03 01:12:32,0.0,0,0,7559100,2019-05-03 01:12:32,btc,0.0,0.0,0,btc,0.0,0.0,0.0,96
1,[],4,[],2019-04-14 03:32:46,1039404.33283278,0.00000038,0.000000000019245518,7293458,2019-04-14 03:32:46,btc,4.170086055365747,0.0,0.00000038,btc,3097704.34561074,0.06260606,0.1859928211030784,99
1,[],4,[],2019-07-02 19:03:56,186323.40783457,0.00001225,0.0000000013066082750000002,7789080,2019-07-02 19:03:56,btc,8.315167743422903,0.0,0.00001225,btc,169670.59104695,0.22040941,0.4759458512540887,100
0,[],2,[],2019-01-20 23:23:55,0.0,0,0,6476914,2019-01-20 23:23:55,,0.0,0.0,0,,0.0,0.0,0.0,100
1,[],22,[],2019-06-05 06:30:35,150000.0,0.00000002,0.000000000001558192,7740007,2019-06-05 06:30:35,BTC,28.56386409,0.0,0.00000002,BTC,12787.719,0.0,0.0017,101
1,[],4,[],2019-07-02 19:03:57,447794.9356315,0.00000140,0.00000000014932666,7789081,2019-07-02 19:03:57,btc,882.2605503953895,0.0,0.00000140,btc,750293.41425137,0.01418825,0.0619505033701391,103
1,[],12,[],2019-06-17 14:32:14,179201505.10870332,0.000000005,0.00000000000046457,7740154,2019-06-17 14:32:14,btc,113577.79366343976,0.0,0.000000005,btc,79148141.67831126,0.019059029059,0.27280986350611003,105
1,[],27,[],2019-06-17 14:32:19,18306828.03496503,0.00000002,0.00000000000185828,7740155,2019-06-17 14:32:19,btc,180.7198218385489,1083.96503497,0.00000002,btc,276513.60142659,7.588e-05,0.3661365606993006,105
1,[],22,[],2019-04-21 00:17:26,21333.0,0.00000001,0.000000000000532493,7385819,2019-04-21 00:17:26,BTC,51.38182867,0.0,0.00000001,BTC,470435.0,0.0,0.00021333,107
1,[],26,[],2019-04-21 00:17:26,0.0,0.00000000,0,7385820,2019-04-21 00:17:26,btc,0.0,0.0,0.00000000,btc,0.0,0.0,0.0,107
1,[],5,[],2019-07-02 19:03:59,0.0,0,0,7789082,2019-07-02 19:03:59,btc,0.0,0.0,0,btc,0.0,0.0,0.0,112
0,[],22,[],2019-07-02 19:04:02,0.0,0,0,7789083,2019-07-02 19:04:02,,6.79500102,0.0,0,,3375892.0833333335,0.0,0.0,112
1,[],27,[],2019-07-02 19:04:09,1.0,0.00000001,0.000000000001066619,7789084,2019-07-02 19:04:09,btc,0.0,0.0,0.00000001,"btc,eth",0.0,0.0,1e-08,112
1,[],4,[],2019-07-02 19:04:10,998189.7795824,0.00000037,0.000000000039464903000000005,7789085,2019-07-02 19:04:10,btc,6.363600853238635,0.0,0.00000037,btc,995276.4399433,0.00432975,0.1205460087589783,113
1,[],5,[],2019-07-02 19:04:11,0.0,0,0,7789086,2019-07-02 19:04:11,btc,0.0,0.0,0,btc,0.0,0.0,0.0,113
1,[],17,[],2019-04-26 02:17:47,162738.278,0.00000004,0.0000000000021069000000000002,7461287,2019-04-26 02:17:47,btc,1.3331140273775473,0.0,0.00000004,btc,51796.221,0.0,0.00230953112,116
1,[],27,[],2019-05-22 05:13:01,210000.0,0.00000001,0.00000000000079145,7666372,2019-05-22 05:13:01,btc,3919.0005001478,0.0,0.00000001,btc,128660.871,0.0,0.0021,116
1,[],4,[],2019-05-21 22:31:11,138169.03963019,0.00000701,0.000000000558364025,7664793,2019-05-21 22:31:11,btc,150.95388250938234,0.0,0.00000701,btc,344631.17141974,0.07552974,0.4288357684941946,120
1,[],7,[],2019-05-21 22:31:12,3901.07750076,0.000010679999999999999389654892212320191902108490467071533203125,0.0000000008506887,7664794,2019-05-21 22:31:12,btc,231188.94669936574,0.0,0.000010679999999999999389654892212320191902108490467071533203125,btc,4133.83151364,0.0,0.0113888422364489,120
1,[],20,[],2019-04-07 18:42:29,1914137.0852,0.000000035,0.0000000000017871910000000002,7211992,2019-04-07 18:42:29,btc,32.2497668025648,25528.85,0.000000035,btc,1001975.4986,0.00089350975,0.0152723574729,125
1,[],22,[],2019-06-17 14:32:38,10000.0,0.00000001,0.00000000000092914,7740161,2019-06-17 14:32:38,BTC,0.032061,0.0,0.00000001,BTC,299316.7611111111,0.0,0.0001,126
0,[],2,[],2019-01-20 23:25:46,0.0,0,0,6476969,2019-01-20 23:25:46,,0.0,0.0,0,,0.0,0.0,0.0,131
1,[],17,[],2019-05-03 01:13:10,10000.0,0.00000001,0.000000000000548003,7559115,2019-05-03 01:13:10,btc,0.0953976503951408,0.0,0.00000001,btc,5037.62507334,0.0,0.0001,131
1,[],4,[],2019-07-01 04:28:32,590754.62293327,0.00000338,0.000000000376936248,7782890,2019-07-01 04:28:32,btc,2.8525130367360445,0.0,0.00000338,btc,192252.70961539,0.09127328,0.5629290691005338,131
1,[],4,[],2019-06-17 14:32:42,4848.49465417,0.00007919,0.00000000735785966,7740163,2019-06-17 14:32:42,btc,0.9905723729472744,0.0,0.00007919,btc,202.13055914,0.0,0.0061509344290166,135
1,[],3,[],2019-06-05 06:33:11,40600.27748212,0.00000001,0.000000000000779096,7740019,2019-06-05 06:33:11,btc,0.2308097808993716,2146378.52189,0.00000001,btc,2477992.76904676,0.0,0.0004060027748212,136
1,[],4,[],2019-07-02 19:04:13,241046.29372934,0.00000138,0.000000000147193422,7789087,2019-07-02 19:04:13,btc,112.5569298457167,0.0,0.00000138,btc,526499.89518097,0.0152044,0.2047003680999075,137
1,[],12,[],2019-07-02 19:04:14,67854.18436551,0.000001430000000000000072932653839841155019030338735319674015045166015625,0.00000000015252651700000001,7789088,2019-07-02 19:04:14,btc,57.90306408097177,0.0,0.000001430000000000000072932653839841155019030338735319674015045166015625,btc,82371.41598678,1.42e-06,0.0150515359999561,137
1,[],4,[],2019-07-02 19:04:15,362512.7154562,0.00000872,0.0000000009300917680000001,7789089,2019-07-02 19:04:15,btc,3.518206086035852,0.0,0.00000872,btc,136508.06925695,0.24763952,0.3068517307997865,142
1,[],5,[],2019-07-02 19:04:16,0.0,0,0,7789090,2019-07-02 19:04:16,btc,0.0,0.00248386,0,btc,0.0,0.0,0.0,142
1,[],20,[],2019-07-02 19:06:18,112976.7975,0.000005948,0.0000000006344249812,7789091,2019-07-02 19:06:18,btc,1.5683165074353,0.0,0.000005948,btc,9882.1432,0.0,0.0063436826513,142
1,[],22,[],2019-07-02 19:06:22,10820.0,0.00000600,0.0000000006399714,7789092,2019-07-02 19:06:22,BTC,2.99759384,0.0,0.00000600,BTC,835.7198755539798,0.0,0.0053672,142
0.0,[],25,[],2019-07-02 19:06:24,0.0,0,0,7789093,2019-07-02 19:06:24,,0.0,0.0,0.0,btc,0.0,0.0,0.0,142
1,[],28,[],2019-07-02 19:06:36,76110.0,0.00001110,0.00000000118394709,7789094,2019-07-02 19:06:36,btc,0.438587390411,2089.0,0.00001110,btc,1381.1951,0.0,0.0042182,142
1,[],17,[],2019-05-03 01:13:16,32967.38636364,0.00000088,0.000000000048224264,7559122,2019-05-03 01:13:16,btc,20.06976206696776,0.0,0.00000088,btc,2746.079105,0.0,0.0105613000000032,142
0,[],22,[],2019-07-02 19:06:39,0.0,0,0,7789095,2019-07-02 19:06:39,,67.43964479,0.0,0,,716790536.7744589,0.0,0.0,143
0,[],22,[],2019-02-25 15:42:22,0.0,0,0,6783783,2019-02-25 15:42:22,,4.2131946,0.0,0,,2322156.0,0.0,0.0,146
,[],22,[],2018-11-20 23:01:11,0.0,0,0,4862114,2018-11-20 23:01:11,,2.56807021,0.0,,,61828.4988236,0.0,0.0,147
1,[],12,[],2019-04-21 06:38:04,193091.5971266,0.00000071,0.000000000037635183,7388679,2019-04-21 06:38:04,btc,2.301232411611175,0.0,0.00000071,btc,9957.48302385,0.00023528,0.0313308199999888,148
1,[],4,[],2019-03-19 21:31:25,255810.0415942,0.00000029,0.000000000011615747,6982695,2019-03-19 21:31:25,btc,218.94922712414143,0.0,0.00000029,btc,793529.37642722,0.00117,0.0608347789473395,152
0,[],22,[],2019-03-19 21:31:27,0.0,0,0,6982696,2019-03-19 21:31:27,,0.0,0.0,0,,0.0,0.0,0.0,152
1,[],5,[],2019-04-26 09:36:59,0.0,0,0,7465040,2019-04-26 09:36:59,btc,0.0,0.0,0,btc,0.0,0.0,0.0,153
,[],16,[],2019-01-11 15:38:59,0.0,0,0,6366141,2019-01-11 15:38:59,btc,0.0,0.0,,btc,0.0,0.0,0.0,155
0,[],23,[],2019-01-20 23:24:29,0.0,0,0,6476932,2019-01-20 23:24:29,,0.0,0.0,0,,0.0,0.0,0.0,156
0,[],22,[],2019-06-04 06:02:09,0.0,0,0,7734688,2019-06-04 06:02:09,,7.43375324,0.0,0,,5955762.942592593,0.0,0.0,156
1,[],22,[],2019-07-02 19:06:43,6996.0,0.00000001,0.000000000001066619,7789096,2019-07-02 19:06:43,BTC,1.7543039,0.0,0.00000001,BTC,57.0,0.0,6.996e-05,157
0,[],22,[],2019-05-21 23:40:32,0.0,0,0,7665049,2019-05-21 23:40:32,,50234.60468402,0.0,0,,54786159.03179465,0.0,0.0,158
,[],17,[],2018-11-20 22:56:10,0.0,0,0,4861976,2018-11-20 22:56:10,btc,1.1265625,0.0,,btc,1000.0,0.0,0.0,159
,[],20,[],2018-11-20 22:56:12,0.0,0,0,4861977,2018-11-20 22:56:12,btc,11912.7940471,0.0,,btc,34413894.3617,0.0,0.0,159
1,[],12,[],2019-05-24 02:51:20,9178.522006449999,0.00000191999999999999982841307998027158276954651228152215480804443359375,0.000000000151222656,7676256,2019-05-24 02:51:20,btc,149.80414728631675,0.0,0.00000191999999999999982841307998027158276954651228152215480804443359375,btc,1115.7451448499999,0.01783167678326,0.0120075778999181,168
1,[],17,[],2019-05-03 01:13:36,42852.0,0.00000002,0.000000000001096006,7559132,2019-05-03 01:13:36,btc,0.04279856251542,0.0,0.00000002,btc,274.46171372,0.0,0.00052852,168
1,[],22,[],2019-05-17 03:01:52,10.0,0.00000001,0.000000000000778341,7642059,2019-05-17 03:01:52,BTC,41.95893009,0.0,0.00000001,BTC,1753972.7737547632,0.0,1e-07,169
1,[],22,[],2019-05-30 08:38:18,202834.0,0.00000002,0.0000000000017416160000000001,7711049,2019-05-30 08:38:18,BTC,27.87002826,0.0,0.00000002,BTC,462189.5410507793,0.0,0.00211768,171
1,[],22,[],2019-05-29 08:05:18,349870.0,0.00000002,0.000000000001705894,7705265,2019-05-29 08:05:18,BTC,24.05907723,0.0,0.00000002,"BTC,LTC",1224285.4355616204,0.0,0.0039847,173
1,[],5,[],2019-07-02 19:06:44,0.0,0,0,7789097,2019-07-02 19:06:44,btc,0.0,0.00165881,0,btc,0.0,0.0,0.0,175
1,[],22,[],2019-06-17 14:33:12,90671.0,0.00000001,0.00000000000092914,7740175,2019-06-17 14:33:12,BTC,394.35459412,0.0,0.00000001,BTC,136275.61833431243,0.0,0.00090671,176
1,[],22,[],2019-07-02 19:06:48,30.0,0.00000001,0.000000000001066619,7789098,2019-07-02 19:06:48,BTC,1.00242428,0.0,0.00000001,BTC,57512.0,0.0,3e-07,178
1,[],7,[],2019-07-01 10:15:32,0.0,0,0,7783526,2019-07-01 10:15:32,btc,521516.2326888725,0.0,0,btc,26809253.73522063,0.0,0.0,178
0,[],2,[],2019-01-20 23:28:34,0.0,0,0,6477001,2019-01-20 23:28:34,,0.0,0.0,0,,0.0,0.0,0.0,178
1,[],5,[],2019-07-02 19:06:50,0.0,0,0,7789099,2019-07-02 19:06:50,btc,0.0,5e-06,0,btc,0.0,0.0,0.0,179
0,[],22,[],2019-07-02 19:06:53,0.0,0,0,7789100,2019-07-02 19:06:53,,9.36109844,0.0,0,,14660796.311946675,0.0,0.0,179
0,[],23,[],2019-01-20 23:25:08,0.0,0,0,6476952,2019-01-20 23:25:08,,0.0,0.0,0,,0.0,0.0,0.0,179
1,[],22,[],2019-07-02 19:08:59,751270.5363636364,0.00000037,0.000000000039464903000000005,7789101,2019-07-02 19:08:59,BTC,40.64467817,0.0,0.00000037,"BTC,LTC",197650.411571008,0.00200883,0.58808824,180
1,[],26,[],2019-07-02 19:08:59,0.0,0.00000010,0.000000000010666190000000001,7789102,2019-07-02 19:08:59,btc,0.0,0.0,0.00000010,btc,0.0,0.0,0.0,180
1,[],17,[],2019-05-03 01:13:56,20504.725000000002,0.0000001,0.00000000000548003,7559141,2019-05-03 01:13:56,btc,5.2010695838400265,0.0,0.0000001,btc,5033.45945,0.0,0.0011504725,180
,[],7,[],2018-11-20 22:58:01,562227.975654,0.00000085,0.000000000036176765,4862015,2018-11-20 22:58:01,btc,21836.6059674,2491.87645172,,btc,749999.041456,0.00211021,0.127565380455,183
,[],5,[],2019-01-10 08:11:41,0.0,0,0,6347036,2019-01-10 08:11:41,btc,82.15055501,0.00261,,btc,1.19002445,0.0,0.0,187
,[],17,[],2018-11-16 20:58:10,4062536.27273,0.00000001,0.000000000000550501,4708775,2018-11-16 20:58:10,btc,3.36492563466,0.195460381006,,"btc,eth",110697919.549,0.0,0.0157628953496,187
1,[],24,[],2019-05-22 21:04:52,0.0,0.000000000014,0.0000000000000010960978,7670219,2019-05-22 21:04:52,btc,0.0,0.0,0.000000000014,btc,0.0,0.0,0.0,187
0,[],22,[],2019-04-25 02:54:07,0.0,0,0,7447896,2019-04-25 02:54:07,,7.54794454,0.0,0,,76361.7243344055,0.0,0.0,191
0,[],22,[],2019-06-17 14:33:34,0.0,0,0,7740182,2019-06-17 14:33:34,,0.0,0.0,0,,0.0,0.0,0.0,197
0,[],23,[],2019-01-20 23:31:41,0.0,0,0,6477079,2019-01-20 23:31:41,,0.0,0.0,0,,0.0,0.0,0.0,199
0,[],22,[],2019-07-02 19:09:03,0.0,0,0,7789103,2019-07-02 19:09:03,,10.58263174,0.0,0,,84280969.0,0.0,0.0,199
1,[],26,[],2019-07-02 19:09:03,0.0,0.00000000,0,7789104,2019-07-02 19:09:03,btc,0.0,0.0,0.00000000,btc,0.0,0.0,0.0,199
0,[],2,[],2019-01-20 23:30:49,0.0,0,0,6477059,2019-01-20 23:30:49,,0.0,0.0,0,,0.0,0.0,0.0,201
1,[],4,[],2019-01-25 15:51:35,2084389.58565343,0.00000936,0.000000000333526752,6499557,2019-01-25 15:51:35,btc,2.0092503037378524,0.0,0.00000936,btc,160195.80207885,0.19272417,1.242687955921835,211
1,[],7,[],2019-07-01 02:21:28,1170054124.6898527,0.00000018,0.000000000019815389999999997,7782694,2019-07-01 02:21:28,btc,1346735.6331920293,0.0,0.00000018,btc,5516233.71348162,0.0,11.954344045954047,212
1,[],12,[],2019-01-25 02:44:32,207462.42853209,0.000001080000000000000035831255497387193287295303889550268650054931640625,0.000000000038610756000000006,6493050,2019-01-25 02:44:32,btc,85023.03793723314,0.0,0.000001080000000000000035831255497387193287295303889550268650054931640625,btc,43675.73520027,0.000146250909087,0.0348620860622024,213
1,[],5,[],2019-05-30 00:07:46,0.0,0,0,7709357,2019-05-30 00:07:46,btc,0.0,0.06425239,0,btc,0.0,0.0,0.0,213
1,[],24,[],2019-05-30 00:07:46,0.0,0.000000399202,0.0000000000344859829346,7709358,2019-05-30 00:07:46,btc,0.0,0.0,0.000000399202,btc,0.0,0.0,0.0,213
1,[],26,[],2019-05-30 00:07:47,0.0,0.00000040,0.000000000034554919999999996,7709359,2019-05-30 00:07:47,btc,0.0,0.0,0.00000040,btc,0.0,0.0,0.0,213
0,[],22,[],2019-07-02 19:09:09,0.0,0,0,7789105,2019-07-02 19:09:09,,9.54523049,0.0,0,,3658586.2040649247,0.0,0.0,216
0,[],27,[],2019-07-02 19:09:18,0.0,0,0,7789106,2019-07-02 19:09:18,,1998.7972391893975,0.0,0,"btc,ltc",547178.29534794,0.0,0.0,216
1,[],22,[],2019-07-02 19:09:23,525578.3,0.0000002,0.000000000021332380000000003,7789107,2019-07-02 19:09:23,BTC,12055.86536113,0.0,0.0000002,BTC,590944.099660349,0.0011842,0.03710344,217
0,[],27,[],2019-07-02 19:09:30,0.0,0,0,7789108,2019-07-02 19:09:30,,250.20642758069673,0.0,0,btc,46772.535837,0.0,0.0,219
0.000000000000003101,[],28,[],2019-07-02 19:09:43,3312820234.054,7.002058e-19,7.468528101902001e-23,7789109,2019-07-02 19:09:43,doge,125846.04510800431,6838.0,0.00022580,"btc,doge",120666781.230909,0.0,2.7167506261218096e-11,219
1,[],7,[],2019-06-27 19:02:35,0.0,0,0,7772298,2019-06-27 19:02:35,btc,2123800.2774640615,0.0,0,btc,82333746.4752352,0.0,0.0,219
0,[],22,[],2019-06-26 23:36:41,0.0,0,0,7769178,2019-06-26 23:36:41,,56.75439223,0.0,0,,184664.6482738741,0.0,0.0,221
1,[],24,[],2019-06-26 23:36:41,0.0,0.000000030000,0.000000000003835668,7769179,2019-06-26 23:36:41,btc,0.0,0.0,0.000000030000,btc,0.0,0.0,0.0,221
1,[],20,[],2019-06-17 14:34:11,26882155.8301,0.000000003,0.000000000000278742,7740192,2019-06-17 14:34:11,btc,100050.81956632523,233521.3529,0.000000003,btc,38769742.8604,0.0007925640587,0.0306863532672,224
0,[],22,[],2019-06-17 14:34:13,0.0,0,0,7740193,2019-06-17 14:34:13,,0.0,0.0,0,,0.0,0.0,0.0,224
1,[],26,[],2019-07-02 19:09:44,0.0,0.00000022,0.000000000023465618,7789110,2019-07-02 19:09:44,btc,0.0,0.0,0.00000022,btc,0.0,0.0,0.0,231
1,[],26,[],2019-07-02 19:09:44,0.0,0.00000005,0.000000000005333095000000001,7789111,2019-07-02 19:09:44,btc,0.0,0.0,0.00000005,btc,0.0,0.0,0.0,234
0.0000000002707596,[],27,[],2019-07-02 19:09:50,100.0,2.707596e-18,2.8879733379240003e-22,7789112,2019-07-02 19:09:50,eth,0.0,0.0,0.00000001,"btc,eth",0.0,0.0,2.707596e-16,234
1,[],4,[],2019-05-22 17:06:12,91780.56053785,0.00000078,0.000000000061977552,7669277,2019-05-22 17:06:12,btc,5.573372450018177,0.0,0.00000078,btc,729173.93529783,0.0,0.0307060663355679,236
1,[],24,[],2019-05-22 17:06:12,0.0,0.000000010000,0.000000000000794584,7669278,2019-05-22 17:06:12,btc,0.0,0.0,0.000000010000,btc,0.0,0.0,0.0,236
1,[],5,[],2019-07-02 19:09:52,0.0,0,0,7789113,2019-07-02 19:09:52,btc,0.0,0.33820607,0,btc,0.0,0.0,0.0,237
1,[],20,[],2019-07-02 19:09:54,127769150.214,0.000000062,0.0000000000066130378,7789114,2019-07-02 19:09:54,btc,548.9207595865505,13868792.0404,0.000000062,btc,43541593.9105,0.7989649458921,0.8259301708658,237
1,[],22,[],2019-07-02 19:09:58,2087097.0,0.00000003,0.0000000000031998570000000003,7789115,2019-07-02 19:09:58,BTC,1.20109922,0.0,0.00000003,"BTC,LTC",14430.948717948719,0.00351581,0.02685955,237
1,[],4,[],2019-07-02 19:10:00,27285088.17101684,0.00000005,0.000000000005333095000000001,7789116,2019-07-02 19:10:00,btc,3.004643548617953,0.0,0.00000005,btc,15639370.4473946,0.21764764,0.4520937683552134,238
1,[],5,[],2019-07-02 19:10:01,0.0,0,0,7789117,2019-07-02 19:10:01,btc,0.0,0.00594244,0,btc,0.0,0.0,0.0,238
0,[],22,[],2019-03-12 16:49:32,0.0,0,0,6914458,2019-03-12 16:49:32,,0.40415746,0.0,0,,526736.5639027493,0.0,0.0,249
0,[],22,[],2019-05-28 23:53:45,0.0,0,0,7703643,2019-05-28 23:53:45,,13.44714864,0.0,0,,43777534.3426455,0.0,0.0,252
1,[],28,[],2019-07-02 19:10:10,1008583.88,0.00000005,0.000000000005333095000000001,7789118,2019-07-02 19:10:10,btc,3.53834195988,147857.3,0.00000005,btc,4995264.4334,0.0,0.032246389,256
1,[],22,[],2019-07-02 19:10:15,481444.0,0.00000001,0.000000000001066619,7789119,2019-07-02 19:10:15,BTC,31471.48537874,0.0,0.00000001,"BTC,LTC",1164536.0289488921,0.00015,0.00721444,258
1,[],22,[],2019-05-19 18:12:02,400.0,0.00000001,0.0000000000007957800000000001,7653905,2019-05-19 18:12:02,BTC,2.415167,0.0,0.00000001,BTC,157.0,0.0,4e-06,259
1,[],5,[],2019-07-02 14:44:15,0.0,0,0,7788374,2019-07-02 14:44:15,btc,0.0,0.02775788,0,btc,0.0,0.0,0.0,264
1,[],20,[],2019-07-02 14:44:17,953070.9962,0.000000178,0.000000000017956461999999998,7788375,2019-07-02 14:44:17,btc,1.1507330656826,14313.4023,0.000000178,btc,65222.866,0.0046947959544,0.0049363258649,264
0,[],22,[],2019-04-12 17:57:27,0.0,0,0,7278186,2019-04-12 17:57:27,,66.37522201,0.0,0,,677842.4169881374,0.0,0.0,271
0,[],22,[],2019-07-02 19:10:18,0.0,0,0,7789120,2019-07-02 19:10:18,,33050469.74148113,0.0,0,,14261527780.7,0.0,0.0,272
0.000000000000003101,[],28,[],2019-07-02 19:10:29,382107684394.712,5.5818e-22,5.953653934200001e-26,7789121,2019-07-02 19:10:29,doge,282952916.4912692,7261131277.8121,0.00000018,doge,332275884852.3654,0.0,9.086228292692984e-11,272
1,[],22,[],2019-05-23 07:12:29,219930.0,0.00000004,0.000000000003048688,7671985,2019-05-23 07:12:29,BTC,426.77835217,0.0,0.00000004,BTC,248664.3325962929,0.0,0.00739728,281
1,[],22,[],2019-07-02 18:15:29,1409605.9,0.00000002,0.000000000002147082,7789011,2019-07-02 18:15:29,BTC,7.87630805,0.0,0.00000002,"BTC,LTC",1137979.797623037,0.00674692,0.02432534,286
0,[],22,[],2019-06-17 14:34:53,0.0,0,0,7740207,2019-06-17 14:34:53,,7337915.80475575,0.0,0,,2078527309.6797826,0.0,0.0,294
