pairValue,buyBook,exchangeId,sellBook,updated,buyTotal,satoshiPrice,usdPrice,exchangeLogId,created,bestPair,sellTotalBtc,volume,pairPrice,activePairs,sellTotal,volumeBtc,buyTotalBtc,coinId
0,[],2,[],2019-01-20 23:28:45,0.0,0,0,6477011,2019-01-20 23:28:45,,0.0,0.0,0,,0.0,0.0,0.0,1
1,[],3,[],2019-02-24 03:21:50,30559.700498262922,0.01305735000000000055331295101268551661632955074310302734375,0.0000005453624202450001,6770654,2019-02-24 03:21:50,btc,61.09085485125325,0.0,0.01305735000000000055331295101268551661632955074310302734375,btc,23.201789610547003,0.0,0.31802532994880583,1
1,[],4,[],2019-02-24 03:21:51,302969.71926964,0.01304832,0.000000544985266944,6770655,2019-02-24 03:21:51,btc,9.304442750662883,0.0,0.01304832,btc,266.5082171,0.56839127,1.35296632357675,1
1,[],5,[],2019-02-24 03:21:53,0.0,0,0,6770656,2019-02-24 03:21:53,btc,0.0,0.16968466,0,btc,0.0,0.0,0.0,1
1,[],10,[],2019-02-24 03:21:55,414359.72452683,0.01161604,0.000000485163657868,6770657,2019-02-24 03:21:55,btc,6522.754139773326,946.4745479,0.01161604,btc,1047.35490978,0.0,5.689340148394015,1
1,[],12,[],2019-02-24 03:21:58,10468.49524199,0.01307999999999999961308727591813294566236436367034912109375,0.000000546308436,6770658,2019-02-24 03:21:58,btc,0.1951988040588,0.0,0.01307999999999999961308727591813294566236436367034912109375,btc,7.56340242,0.1351492694993,0.7751510601316,1
1,[],20,[],2019-02-24 03:22:00,1150.728,0.010500214,0.0000004385592880738,6770659,2019-02-24 03:22:00,btc,0.0616431583457,0.2998,0.010500214,btc,2.788,0.0031635906448,0.0920030274227,1
1,[],21,[],2019-02-24 03:22:01,2073.51761306,0.01310950999999999956602270146,0.000000547540971317,6770660,2019-02-24 03:22:01,btc,28.793100924922392,8443.16379526,0.01310950999999999956602270145822330960072576999664306640625,"btc,eth",2709.76100164,101.79501589663032,21.521863000393044,1
1,[],22,[],2019-02-24 03:22:05,0.0163776,0.01300000,0.0000005429671,6770661,2019-02-24 03:22:05,BTC,0.31423927,0.0,0.01300000,BTC,0.11751954901960784,0.0,0.00020972,1
1,[],24,[],2019-02-24 03:22:06,0.0,0.000000000000,0,6770662,2019-02-24 03:22:06,btc,0.0,0.0,0.000000000000,btc,0.0,0.0,0.0,1
0.0,[],25,[],2019-02-24 03:22:06,0.0,0,0,6770663,2019-02-24 03:22:06,btc,20.083699998005436,260.90829893,0.0,btc,1493.69270291,3.3709,0.0,1
1,[],26,[],2019-02-24 03:22:07,0.0,0,0,6770664,2019-02-24 03:22:07,,0.0,0.0,0,,0.0,0.0,0.0,1
1,[],28,[],2019-02-24 03:22:13,993.21,0.01323000,0.000000552573441,6770665,2019-02-24 03:22:13,btc,0.162839806,6993.75,0.01323000,btc,8.9,0.0,0.090071836,1
1,[],5,[],2019-02-24 03:22:14,0.0,0,0,6770666,2019-02-24 03:22:14,btc,0.0,0.00016416,0,btc,0.0,0.0,0.0,2
0.0000000001316262,[],22,[],2019-02-24 03:22:26,1148.0,1.4478882e-16,6.047351208294e-21,6770667,2019-02-24 03:22:26,XMR,21.01373823,0.0,0.00000110,XMR,14319.12581,0.0,0.00087635,2
1,[],5,[],2019-02-24 03:22:27,0.0,0,0,6770668,2019-02-24 03:22:27,btc,0.0,0.99700931,0,btc,0.0,0.0,0.0,3
1,[],12,[],2019-02-24 03:22:27,13324891.7536,0.000000177,0.000000000007392705900000001,6770669,2019-02-24 03:22:27,btc,924396.563552193,0.0,0.000000177,btc,8463086.10797418,0.24081103288023678,0.6722176196360999,3
0,[],28,[],2019-02-24 03:22:35,0.0,0,0,6770670,2019-02-24 03:22:35,,0.0,0.0,0,,0.0,0.0,0.0,3
0,[],2,[],2019-01-20 23:31:32,0.0,0,0,6477077,2019-01-20 23:31:32,,0.0,0.0,0,,0.0,0.0,0.0,4
1,[],4,[],2019-02-22 15:52:28,400439.70738348,0.00000032,0.000000000012596480000000001,6759744,2019-02-22 15:52:28,btc,31.576426407239886,0.0,0.00000032,btc,685876.08766458,0.0,0.0547125982053145,4
1,[],12,[],2019-02-22 14:50:14,1367032.5219999999,0.00000003,0.000000000001190475,6759350,2019-02-22 14:50:14,btc,11013869.583570713,0.0,0.00000003,btc,1211697.32371984,0.00024567976024,0.02065290044,5
0,[],2,[],2019-01-20 23:31:51,0.0,0,0,6477087,2019-01-20 23:31:51,,0.0,0.0,0,,0.0,0.0,0.0,6
1,[],11,[],2019-02-24 03:22:36,3301329.5,0.00000002,0.000000000000835334,6770671,2019-02-24 03:22:36,btc,9432.836945181234,61187.0,0.00000002,btc,41471686.95347657,0.0,0.033501425,6
1,[],3,[],2019-02-24 03:22:37,1091.857220066689,0.00015102999999999999563259078794175138682476244866847991943359375,0.000000006308024701,6770672,2019-02-24 03:22:37,btc,27.605796873748474,0.0,0.00015102999999999999563259078794175138682476244866847991943359375,btc,249.144760639695,0.0,0.03419745781762677,7
1,[],4,[],2019-02-24 03:24:37,94600.84141969,0.00024481,0.000000010224905827000001,6770673,2019-02-24 03:24:37,btc,18.12463608666834,0.0,0.00024481,btc,54105.58918922,8.33700441,5.063272785142818,7
1,[],5,[],2019-02-24 03:24:38,0.0,0,0,6770674,2019-02-24 03:24:38,btc,0.0,1.8574208,0,btc,0.0,0.0,0.0,7
1,[],20,[],2019-02-20 02:16:17,39399275.8418,0.000000001,0.0000000000000390183,6728586,2019-02-20 02:16:17,btc,116.9737569154545,525.0,0.000000001,btc,56932965.8895,5.25e-07,0.0393992758418,8
0,[],2,[],2019-01-20 23:22:42,0.0,0,0,6476876,2019-01-20 23:22:42,,0.0,0.0,0,,0.0,0.0,0.0,9
0,[],23,[],2019-01-20 23:22:48,0.0,0,0,6476878,2019-01-20 23:22:48,,0.0,0.0,0,,0.0,0.0,0.0,9
1,[],1,[],2019-02-17 23:31:42,1822507.21,0.00000181000000000000003456111265232042484285557293333113193511962890625,0.000000000066086901,6701244,2019-02-17 23:31:42,btc,3.6990969245,17153386.5,0.00000181000000000000003456111265232042484285557293333113193511962890625,btc,1997391.71,31.11772986,3.2610482446,9
1,[],4,[],2019-02-24 03:24:40,2101648.70849368,0.00000191,0.000000000079774397,6770675,2019-02-24 03:24:40,btc,4.429897941619405,0.0,0.00000191,btc,1948925.56511555,3.94363734,1.0313529776259884,9
1,[],28,[],2019-02-24 03:24:45,43300.0,0.00000166,0.000000000069332722,6770676,2019-02-24 03:24:45,btc,2708.763440957195,1432892.51,0.00000166,btc,12613.2201,0.0,0.043148,9
1,[],4,[],2019-02-17 11:22:43,4341674.27126056,0.00000002,0.0000000000007272960000000001,6696112,2019-02-17 11:22:43,btc,0.1997230937751353,0.0,0.00000002,btc,4109766.79808031,0.00215132,0.0479381022052112,10
0,[],2,[],2019-01-20 23:23:08,0.0,0,0,6476890,2019-01-20 23:23:08,,0.0,0.0,0,,0.0,0.0,0.0,12
1,[],4,[],2019-02-24 03:24:46,3089171.67237913,0.00000131,0.000000000054714377000000004,6770677,2019-02-24 03:24:46,btc,14.185583814490919,0.0,0.00000131,btc,6974512.27147122,4.06547822,2.0362839422568397,12
1,[],5,[],2019-02-24 03:24:47,0.0,0,0,6770678,2019-02-24 03:24:47,btc,0.0,0.81291721,0,btc,0.0,0.0,0.0,12
0.0,[],25,[],2019-02-24 03:24:48,0.0,0,0,6770679,2019-02-24 03:24:48,,0.0,0.0,0.0,btc,0.0,0.0,0.0,12
1,[],10,[],2019-02-23 23:19:31,487568.41920357,0.00000543,0.00000000022365355500000001,6769426,2019-02-23 23:19:31,btc,666802.6287864128,27417.7393837,0.00000543,btc,749112.83720961,0.0,0.364377679535344,13
1,[],4,[],2019-02-24 03:24:49,1400997.20180361,0.00000573,0.000000000239323191,6770680,2019-02-24 03:24:49,btc,3.03978157803872,0.0,0.00000573,btc,413954.61553764,1.22488826,0.7793165950813769,13
1,[],21,[],2019-02-24 03:24:52,490177.28066418,0.000005669999999999999923416295344,0.000000000236817189,6770681,2019-02-24 03:24:52,btc,5.1804656905866855,363670.39657049,0.000005669999999999999923416295344313908799449563957750797271728515625,btc,824626.24907616,2.08985022,2.555319238574243,13
0,[],17,[],2019-02-24 01:29:12,0.0,0,0,6770316,2019-02-24 01:29:12,btc,0.0,0.0,0,btc,0.0,0.0,0.0,14
1,[],4,[],2019-02-24 03:24:53,668579.06675507,0.00000131,0.000000000054714377000000004,6770682,2019-02-24 03:24:53,btc,12.743618274165039,0.0,0.00000131,btc,881839.81413599,0.01133097,0.1303617355592054,14
1,[],12,[],2019-02-24 03:24:54,119216.91304348,0.00000110999999999999996035831596741250137938550324179232120513916015625,0.000000000046361037,6770683,2019-02-24 03:24:54,btc,5.292062009225207,0.0,0.00000110999999999999996035831596741250137938550324179232120513916015625,btc,32406.19773647,0.0002466365956778,0.0242673700000004,14
1,[],26,[],2019-02-24 03:25:05,0.0,0.00000050,0.00000000002088335,6770684,2019-02-24 03:25:05,btc,0.0,0.0,0.00000050,btc,0.0,0.0,0.0,14
,[],12,[],2018-12-01 15:15:48,204241.84496,0.00000489,0.000000000202473384,5260204,2018-12-01 15:15:48,btc,49.5475654835,0.0,,btc,35763.2193806,0.0163153972027625,0.0203389899998,15
0,[],4,[],2019-02-24 03:25:06,0.0,0,0,6770685,2019-02-24 03:25:06,,0.0,0.0,0,,0.0,0.0,0.0,15
1,[],12,[],2019-02-24 03:25:11,199288.88292836,0.0000177300000000000013470301263307504768818034790456295013427734375,0.0000000007405235910000001,6770688,2019-02-24 03:25:11,btc,23.677307747334613,0.0,0.0000177300000000000013470301263307504768818034790456295013427734375,btc,2368.16273507,0.0152542071412352,0.0341123665391631,18
0,[],17,[],2019-02-23 22:19:47,0.0,0,0,6769242,2019-02-23 22:19:47,btc,0.0,0.0,0,btc,0.0,0.0,0.0,18
0,[],2,[],2019-01-20 23:23:38,0.0,0,0,6476906,2019-01-20 23:23:38,,0.0,0.0,0,,0.0,0.0,0.0,18
1,[],4,[],2019-02-24 03:25:08,25658.56839048,0.00001768,0.000000000738435256,6770686,2019-02-24 03:25:08,btc,1.2512874316856886,0.0,0.00001768,btc,9129.17398311,0.05306068,0.0776095100500523,18
1,[],10,[],2019-02-24 03:25:10,782902.2982611,0.00001709,0.0000000007137929030000001,6770687,2019-02-24 03:25:10,btc,15.497400042620344,13582.2692072,0.00001709,btc,16424.37548463,0.0,0.1309850625507384,18
1,[],3,[],2019-02-24 03:25:20,120776.3141567528,0.00002203999999999999904500003200524815838434733450412750244140625,0.000000000920538068,6770689,2019-02-24 03:25:20,btc,0.5975024268914596,33.8698959167,0.00002203999999999999904500003200524815838434733450412750244140625,btc,11484.78606069032,0.0,0.07966178993169826,19
1,[],4,[],2019-02-24 03:25:20,558338.22703999,0.00002147,0.000000000896731049,6770690,2019-02-24 03:25:20,btc,2.3679844321261303,0.0,0.00002147,btc,66949.95090124,0.51082835,2.312426784001921,19
1,[],5,[],2019-02-24 03:25:21,0.0,0,0,6770691,2019-02-24 03:25:21,btc,0.0,0.00031002,0,btc,0.0,0.0,0.0,19
1,[],12,[],2019-02-24 03:25:25,132685.7776695,0.000018530000000000000463795668537159144761972129344940185546875,0.000000000773936951,6770692,2019-02-24 03:25:25,btc,1.3579268410659222,0.0,0.000018530000000000000463795668537159144761972129344940185546875,btc,382.27457877,0.0025794608291694,0.07924693999999699,19
0,[],27,[],2019-02-24 03:25:27,0.0,0,0,6770693,2019-02-24 03:25:27,,0.0,0.0,0,btc,0.0,0.0,0.0,19
0,[],2,[],2019-01-20 23:24:19,0.0,0,0,6476924,2019-01-20 23:24:19,,0.0,0.0,0,,0.0,0.0,0.0,19
1,[],4,[],2019-02-24 03:25:28,8070160.95424551,0.00000013,0.000000000005429671,6770694,2019-02-24 03:25:28,btc,7.376054659582633,0.0,0.00000013,btc,2843149.4360639,0.0,0.2584025451781454,20
1,[],4,[],2019-02-24 03:25:30,104150384.86437024,0.00000002,0.000000000000835334,6770695,2019-02-24 03:25:30,btc,359.51289750582265,0.0,0.00000002,btc,55731908.51417261,0.0,1.1707481411680452,21
1,[],12,[],2019-02-24 03:25:31,18647376.0,0.00000002,0.000000000000835334,6770696,2019-02-24 03:25:31,btc,670.3899289734848,0.0,0.00000002,btc,8544410.32857329,0.0,0.24518776,21
0,[],17,[],2019-02-24 02:23:05,0.0,0,0,6770505,2019-02-24 02:23:05,btc,0.0,0.0,0,btc,0.0,0.0,0.0,21
1,[],12,[],2019-02-24 03:25:33,3517876896.6808996,0.0000000002,0.00000000000000835334,6770697,2019-02-24 03:25:33,btc,875865842408.789,0.0,0.0000000002,btc,4724783074.539905,0.013621698977223526,0.40967662108299047,23
0.0000000003941252,[],27,[],2019-02-24 03:25:35,2000.0,3.941252e-18,1.646130899084e-22,6770698,2019-02-24 03:25:35,eth,1.3429826565934113,0.0,0.00000001,eth,1964879.85514486,0.0,7.882504e-15,23
1,[],4,[],2019-02-24 03:25:36,428310.82560839,0.00000060,0.00000000002506002,6770699,2019-02-24 03:25:36,btc,8.421512533075802,0.0,0.00000060,btc,1478848.34193587,0.0005328,0.1434740299127568,24
1,[],22,[],2019-02-24 03:25:40,11.76,0.00000100,0.0000000000417667,6770700,2019-02-24 03:25:40,BTC,7.415e-05,0.0,0.00000100,BTC,23.919354838709676,0.0,1.176e-05,24
0.0,[],25,[],2019-02-24 03:25:41,0.0,0,0,6770701,2019-02-24 03:25:41,,0.0,0.0,0.0,btc,0.0,0.0,0.0,24
1,[],4,[],2019-02-24 03:25:42,26868213.33906856,0.00000626,0.000000000261459542,6770702,2019-02-24 03:25:42,btc,73.32271633462865,0.0,0.00000626,btc,239780.40784501,0.07050934,0.4971129941204783,26
1,[],10,[],2019-02-24 03:25:44,689370.77227383,0.00000629,0.000000000262712543,6770703,2019-02-24 03:25:44,btc,25.92409507165083,6850.42809233,0.00000629,btc,13877.31853269,0.0,0.220005095890554,26
0,[],2,[],2019-01-20 23:25:56,0.0,0,0,6476976,2019-01-20 23:25:56,,0.0,0.0,0,,0.0,0.0,0.0,26
1,[],3,[],2019-02-23 18:17:02,10659120.92303129,0.00000002,0.0000000000008202040000000002,6768225,2019-02-23 18:17:02,btc,2.9010609406228287,225458.199062,0.00000002,btc,18682481.51451327,0.0,0.1428299014392689,27
1,[],5,[],2019-02-23 18:17:03,0.0,0,0,6768226,2019-02-23 18:17:03,btc,0.0,0.03869042,0,btc,0.0,0.0,0.0,27
1,[],11,[],2019-02-23 18:17:06,9657302.940399151,0.00000005,0.0000000000020505100000000003,6768227,2019-02-23 18:17:06,btc,67506.53137702076,146281.413934,0.00000005,btc,8171781.9763934,0.0,0.450973774642923,27
1,[],4,[],2019-02-24 03:25:45,1401617171.7570388,0.00000002,0.000000000000835334,6770704,2019-02-24 03:25:45,btc,10.04150087645125,0.0,0.00000002,"btc,ltc",604776902.4385477,0.19837765,9.429643097522744,29
1,[],7,[],2019-02-24 03:25:46,35193800.78316906,0.00000002,0.000000000000835334,6770705,2019-02-24 03:25:46,btc,44463896.8411907,10395.4798892,0.00000002,btc,60091061.60632691,0.00020791,0.35354440767815354,29
1,[],4,[],2019-02-24 03:25:47,1390763.92486984,0.00000031,0.000000000012947677000000001,6770706,2019-02-24 03:25:47,btc,2.32607359346194,0.0,0.00000031,btc,1545623.15577061,0.00562545,0.0947697711241147,30
0,[],17,[],2019-02-24 03:25:49,0.0,0,0,6770707,2019-02-24 03:25:49,btc,0.0,0.0,0,btc,0.0,0.0,0.0,30
1,[],4,[],2019-02-24 03:25:50,1117615.32403441,0.00005686,0.0000000023748545620000003,6770708,2019-02-24 03:25:50,btc,5.323255531173598,0.0,0.00005686,btc,68664.08619541,0.52835075,1.0972040888430277,31
1,[],21,[],2019-02-24 03:25:51,40814.67899083,0.00005657999999999999699495586980,0.000000002363159886,6770709,2019-02-24 03:25:51,btc,1.9169025107498783,45482.61832363,0.0000565799999999999969949558698001368384211673401296138763427734375,btc,29624.58687985,2.61274227,2.129467832187488,31
0,[],2,[],2019-01-20 23:28:43,0.0,0,0,6477009,2019-01-20 23:28:43,,0.0,0.0,0,,0.0,0.0,0.0,32
1,[],4,[],2019-02-24 03:25:52,352086745.85221064,0.00000004,0.000000000001670668,6770710,2019-02-24 03:25:52,btc,9.3589090588531,0.0,0.00000004,"btc,ltc",163659527.97875324,0.3620847,8.072445087973886,33
1,[],12,[],2019-02-24 03:25:53,16703270.379,0.00000005,0.000000000002088335,6770711,2019-02-24 03:25:53,btc,35620507.044961885,0.0,0.00000005,btc,89084919.11488481,0.0060517775724282,0.55130168895,33
1,[],4,[],2019-02-24 03:25:53,129186997.92772509,0.00000001,0.000000000000417667,6770712,2019-02-24 03:25:53,btc,4.182713892788633,0.0,0.00000001,btc,99074050.53921291,0.00597025,1.291869979277251,34
1,[],5,[],2019-02-24 03:25:55,0.0,0,0,6770713,2019-02-24 03:25:55,btc,0.0,0.00693844,0,btc,0.0,0.0,0.0,34
0.00000000012616,[],4,[],2019-02-24 03:25:57,1980795415.8688257,2.5232e-18,1.0538573744e-22,6770714,2019-02-24 03:25:57,ltc,2.6932708165544715e-08,0.0,0.00000002,ltc,3120412773.0352015,0.0,3.987786889204822e-09,36
1,[],5,[],2019-02-24 03:25:58,0.0,0,0,6770715,2019-02-24 03:25:58,btc,0.0,0.0,0,btc,0.0,0.0,0.0,36
0.0000000003941252,[],27,[],2019-02-24 03:26:11,1000000.0,3.941252e-18,1.646130899084e-22,6770716,2019-02-24 03:26:11,eth,114.13449805688529,0.0,0.00000001,"ltc,eth",4163566.4875004,0.0,1.2669593040000002e-12,36
0,[],17,[],2019-02-24 02:25:42,0.0,0,0,6770524,2019-02-24 02:25:42,btc,0.0746458232965017,0.0,0,btc,4103573.70243647,0.0,0.0,36
1,[],4,[],2019-02-24 03:26:12,315819.52581488,0.00000069,0.000000000028819023000000002,6770717,2019-02-24 03:26:12,btc,19772.474784355312,0.0,0.00000069,btc,564822.51087462,0.00644986,0.1547507359434827,37
1,[],12,[],2019-02-24 03:26:13,426828.36513573,0.00000069,0.000000000028819023,6770718,2019-02-24 03:26:13,btc,1346.0949396093163,0.0,0.00000069,btc,862304.30409856,0.0417935265034958,0.0825444200000008,37
1,[],27,[],2019-02-24 03:26:25,14685.567,0.00000045,0.000000000018795015,6770719,2019-02-24 03:26:25,btc,25.83024737411233,0.0,0.00000045,btc,6763.38138508,0.0,0.00480032515,37
1,[],17,[],2019-02-23 22:21:02,1752.74075282,0.00000025,0.000000000010280650000000001,6769275,2019-02-23 22:21:02,btc,0.05548492400871832,0.0,0.00000025,btc,1387.19918473,0.0,0.00043818518820499993,37
1,[],5,[],2019-02-24 03:26:27,0.0,0,0,6770720,2019-02-24 03:26:27,btc,0.0,0.06315127,0,btc,0.0,0.0,0.0,42
1,[],12,[],2019-02-24 03:26:28,136733.67433256,0.00000095,0.000000000039678365000000005,6770721,2019-02-24 03:26:28,btc,94.69939297736468,0.0,0.00000095,btc,109861.37238759,0.0051962851183214,0.042292057965032,42
0.0000000003941252,[],27,[],2019-02-24 03:26:30,2000.0,3.941252e-18,1.646130899084e-22,6770722,2019-02-24 03:26:30,eth,0.00315028,0.0,0.00000001,"btc,eth",11.007,0.0,7.882504e-15,42
1,[],5,[],2019-02-24 03:26:31,0.0,0,0,6770723,2019-02-24 03:26:31,btc,0.0,0.08780061,0,btc,0.0,0.0,0.0,43
1,[],12,[],2019-02-24 03:26:32,3609997.0,0.00000001,0.000000000000417667,6770724,2019-02-24 03:26:32,btc,20003573.0551117,0.0,0.00000001,btc,37294583.27012986,0.00024792992008,0.03609997,43
0,[],17,[],2019-02-24 01:30:37,0.0,0,0,6770356,2019-02-24 01:30:37,btc,0.0,0.0,0,btc,0.0,0.0,0.0,43
1,[],12,[],2019-02-24 03:26:44,679472.0,0.00000005,0.000000000002088335,6770725,2019-02-24 03:26:44,btc,11115177.728747666,0.0,0.00000005,btc,1099285.39762234,4.2e-06,0.01729248,44
1,[],4,[],2019-02-24 03:26:45,304149651.54405814,0.00000002,0.000000000000835334,6770726,2019-02-24 03:26:45,btc,474.5705350007215,0.0,0.00000002,"btc,ltc",12283786.99500239,0.00010277,0.21753555582875495,49
0,[],4,[],2019-02-24 03:26:46,0.0,0,0,6770727,2019-02-24 03:26:46,,25.469936315139478,0.0,0,,10626126026.988565,0.0,0.0,52
0.0000000001316262,[],22,[],2019-02-24 03:26:49,80945862.0,1.316262e-18,5.497592007540001e-23,6770728,2019-02-24 03:26:49,XMR,4366.90665423,0.0,0.00000001,XMR,254618181.67882353,0.0,0.80945862,57
0.0000000003941252,[],27,[],2019-02-24 03:26:52,2000.0,3.941252e-18,1.646130899084e-22,6770729,2019-02-24 03:26:52,eth,0.0,0.0,0.00000001,"btc,eth",0.0,0.0,7.882504e-15,57
0.00000000012616,[],4,[],2019-02-24 03:26:54,889133559.7182373,3.7848e-18,1.5807860616000001e-22,6770730,2019-02-24 03:26:54,ltc,18.811300562226506,0.0,0.00000003,ltc,3904349288.926724,0.0,2.1406732363443755e-09,58
1,[],12,[],2019-02-24 03:26:55,1635074066.843957,0.0000000004,0.00000000000001670668,6770731,2019-02-24 03:26:55,btc,224005479514.10764,0.0,0.0000000004,btc,3718879906.2851906,0.0071202418081918,0.5294098866011392,58
0,[],17,[],2019-02-24 03:27:07,0.0,0,0,6770732,2019-02-24 03:27:07,btc,1e+24,0.0,0,btc,49226522.0897055,0.0,0.0,58
0.0000000001316262,[],22,[],2019-02-24 03:27:10,137438.0,1.316262e-18,5.497592007540001e-23,6770733,2019-02-24 03:27:10,XMR,69.8835922,0.0,0.00000001,XMR,9887963.0,0.0,0.00137438,58
1,[],5,[],2019-02-24 03:27:11,0.0,0,0,6770734,2019-02-24 03:27:11,btc,0.0,0.00332482,0,btc,0.0,0.0,0.0,61
1,[],22,[],2019-02-24 03:27:16,5149.5,0.00000011,0.000000000004594337,6770735,2019-02-24 03:27:16,BTC,1002.29597012,0.0,0.00000011,BTC,14947.700278135757,0.0,0.00051596,61
1,[],26,[],2019-02-24 03:27:16,0.0,0.00000800,0.0000000003341336,6770736,2019-02-24 03:27:16,btc,0.0,0.0,0.00000800,btc,0.0,0.0,0.0,61
1,[],27,[],2019-02-24 03:27:19,2493.55,0.00000045,0.000000000018795015,6770737,2019-02-24 03:27:19,btc,7.847961250658426,0.0,0.00000045,"btc,eth",20831.38399471,0.0,0.00021559750386242695,61
1,[],28,[],2019-02-24 03:27:25,13882.304,0.0000005,0.00000000002088335,6770738,2019-02-24 03:27:25,btc,2.056328285685105,357.0,0.0000005,btc,9746.52450005,0.0,0.00566491304,61
1,[],4,[],2019-02-24 03:27:25,1469144.9617114,0.00000285,0.000000000119035095,6770739,2019-02-24 03:27:25,btc,11.352351675696086,0.0,0.00000285,btc,806859.96683925,0.12326236,1.4239260035026955,67
0.0,[],25,[],2019-02-24 03:27:27,0.0,0,0,6770740,2019-02-24 03:27:27,,0.0,0.0,0.0,btc,0.0,0.0,0.0,67
1,[],12,[],2019-02-24 03:27:29,2990018.47390196,0.0000002,0.00000000000835334,6770741,2019-02-24 03:27:29,btc,11115998.396147234,0.0,0.0000002,btc,2034313.66909684,0.0032035846453549,0.1024666364411115,71
,[],5,[],2018-11-20 23:02:39,1.5e-07,0.00000005,0.000000000002128045,4862160,2018-11-20 23:02:39,btc,2.84511358,0.0,,btc,0.00036572,0.0,0.07381892,74
1,[],5,[],2019-02-24 03:27:29,0.0,0,0,6770742,2019-02-24 03:27:29,btc,0.0,0.0,0,btc,0.0,0.0,0.0,75
1,[],4,[],2019-02-24 03:27:30,17233280.92031862,0.00000001,0.000000000000417667,6770743,2019-02-24 03:27:30,btc,11388.638595673243,0.0,0.00000001,btc,34444270.17624532,0.0,0.1723328092031862,81
0,[],20,[],2019-01-25 09:30:31,0.0,0,0,6495923,2019-01-25 09:30:31,btc,0.0,0.0,0,btc,0.0,0.0,0.0,81
1,[],4,[],2019-02-24 03:27:33,28551.10755974,0.00007584,0.000000003167586528,6770744,2019-02-24 03:27:33,btc,17.758128175686775,0.0,0.00007584,btc,12570.9423582,0.02265929,0.133755977364792,82
1,[],21,[],2019-02-24 03:27:33,69387.840434,0.00007679000000000000170259639720,0.000000003207264893,6770745,2019-02-24 03:27:33,btc,2.272678075913001,2052.75724566,0.00007679000000000000170259639720171662702341563999652862548828125,btc,24033.64671318,0.15839762,2.410768820911249,82
0,[],17,[],2019-02-24 02:26:47,0.0,0,0,6770554,2019-02-24 02:26:47,btc,0.0447233088476774,0.0,0,btc,999127.19588126,0.0,0.0,84
0.00000000012616,[],4,[],2019-02-24 03:27:37,159256323.8290889,5.0464e-18,2.1077147488e-22,6770746,2019-02-24 03:27:37,ltc,1.7830423285198003,0.0,0.00000004,ltc,406284496.7403224,0.0,4.594118950064887e-10,85
,[],22,[],2018-11-20 23:09:34,3408.1,0.0000001,0.0000000000041895,4862324,2018-11-20 23:09:34,BTC,0.04624735,0.0,,BTC,4990.0,0.0,0.00033081,86
0,[],22,[],2019-02-22 12:52:35,0.0,0,0,6758847,2019-02-22 12:52:35,,2.0760781,0.0,0,,140622.94736842104,0.0,0.0,87
0,[],27,[],2019-02-22 12:52:37,0.0,0,0,6758848,2019-02-22 12:52:37,,0.0,0.0,0,btc,0.0,0.0,0.0,87
,[],2,[],2018-11-20 23:10:47,0.0,0,0,4862359,2018-11-20 23:10:47,,0.0,0.0,,,0.0,0.0,0.0,88
1,[],11,[],2019-02-24 03:27:38,93738.03229971,0.000150010000000000008786582572639645150047726929187774658203125,0.000000006265422667000001,6770747,2019-02-24 03:27:38,btc,608.304055710562,1228.0,0.000150010000000000008786582572639645150047726929187774658203125,btc,92549.86265842,0.0,6.402423424581651,89
0,[],2,[],2019-01-20 23:31:45,0.0,0,0,6477083,2019-01-20 23:31:45,,0.0,0.0,0,,0.0,0.0,0.0,91
1,[],12,[],2019-02-24 03:27:40,427952.66377628996,0.000001439999999999999977188928391991229460700196796096861362457275390625,0.000000000060144048,6770748,2019-02-24 03:27:40,btc,4.318104246446741,0.0,0.000001439999999999999977188928391991229460700196796096861362457275390625,btc,57375.0424304,0.0005144125090541,0.0398798302938143,91
0,[],17,[],2019-02-24 03:27:42,0.0,0,0,6770749,2019-02-24 03:27:42,btc,0.0,0.0,0,btc,0.0,0.0,0.0,91
0,[],22,[],2019-02-24 03:27:45,0.0,0,0,6770750,2019-02-24 03:27:45,,3.1e-06,0.0,0,,2.0,0.0,0.0,91
0.00000000012616,[],22,[],2019-02-24 03:27:48,2791021.0,5.0464e-18,2.1077147488e-22,6770751,2019-02-24 03:27:48,LTC,8.53161599,0.0,0.00000004,LTC,71994962.1,4.3146215360000003e-13,0.09164084,95
0.00000000012616,[],4,[],2019-02-24 03:27:49,655233920.508224,7.44344e-17,3.10887925448e-21,6770752,2019-02-24 03:27:49,ltc,11.906230226803356,0.0,0.00000059,ltc,136497336.20909792,0.0,3.0150383721200647e-09,96
1,[],12,[],2019-02-24 03:27:50,200.0,0.00000001,0.000000000000417667,6770753,2019-02-24 03:27:50,btc,255075.8876903879,0.0,0.00000001,btc,8638891.94636337,0.002368207982018,2e-06,96
0,[],17,[],2019-02-24 02:27:22,0.0,0,0,6770562,2019-02-24 02:27:22,btc,0.0,0.0,0,btc,0.0,0.0,0.0,96
1,[],4,[],2019-02-24 03:27:51,1448207.64959955,0.00000029,0.000000000012112343000000001,6770754,2019-02-24 03:27:51,btc,2.9733322644285356,0.0,0.00000029,btc,2491607.12410813,0.02115688,0.1170183038644193,99
1,[],4,[],2019-02-24 03:27:53,1210152.16178696,0.00004988,0.000000002083322996,6770755,2019-02-24 03:27:53,btc,11.19430084741116,0.0,0.00004988,btc,139298.61868078,1.83118508,2.551131403982027,100
0,[],2,[],2019-01-20 23:23:55,0.0,0,0,6476914,2019-01-20 23:23:55,,0.0,0.0,0,,0.0,0.0,0.0,100
1,[],22,[],2019-02-24 03:27:56,50000.0,0.00000001,0.000000000000417667,6770756,2019-02-24 03:27:56,BTC,23.49896609,0.0,0.00000001,BTC,10277.22,0.0,0.0005,101
1,[],4,[],2019-02-24 03:27:57,476091.88943666,0.00000092,0.000000000038425364,6770757,2019-02-24 03:27:57,btc,256.2965681339653,0.0,0.00000092,btc,482255.43052668,0.01252339,0.247284668331404,103
1,[],12,[],2019-02-24 03:28:00,58427599.0,0.00000001,0.000000000000417667,6770758,2019-02-24 03:28:00,btc,137279342.4807713,0.0,0.00000001,btc,125872529.26771285,0.06209630580992002,0.180461894,105
1,[],27,[],2019-02-24 03:28:03,413810.89,0.00000001,0.000000000000417667,6770759,2019-02-24 03:28:03,btc,0.1943154355560939,0.0,0.00000001,btc,311075.05581977,0.0,0.0041381089,105
1,[],22,[],2019-02-24 03:28:07,9328.0,0.00000001,0.000000000000417667,6770760,2019-02-24 03:28:07,BTC,51.10837004,0.0,0.00000001,BTC,470435.0,0.0,9.328e-05,107
1,[],26,[],2019-02-24 03:28:07,0.0,0.00000000,0,6770761,2019-02-24 03:28:07,btc,0.0,0.0,0.00000000,btc,0.0,0.0,0.0,107
1,[],5,[],2019-02-24 03:28:08,0.0,0,0,6770762,2019-02-24 03:28:08,btc,0.0,1.088e-05,0,btc,0.0,0.0,0.0,112
1,[],22,[],2019-02-24 03:28:18,1966.0,0.00000001,0.000000000000417667,6770763,2019-02-24 03:28:18,BTC,2.81183288,0.0,0.00000001,BTC,808524.0833333334,0.0,1.966e-05,112
0.0000000003941252,[],27,[],2019-02-24 03:28:20,2000.0,3.941252e-18,1.646130899084e-22,6770764,2019-02-24 03:28:20,eth,1.35132491849924,0.0,0.00000001,"btc,eth",1328.641654,0.0,7.882504e-15,112
1,[],4,[],2019-02-24 03:28:21,369772.54993949,0.00000308,0.000000000128641436,6770765,2019-02-24 03:28:21,btc,75.56602213257041,0.0,0.00000308,btc,354024.1427279,0.05111763,0.1590633744702052,113
1,[],5,[],2019-02-24 03:28:23,0.0,0,0,6770766,2019-02-24 03:28:23,btc,0.0,0.0,0,btc,0.0,0.0,0.0,113
0,[],27,[],2019-02-24 03:28:35,0.0,0,0,6770767,2019-02-24 03:28:35,,0.0,0.0,0,btc,0.0,0.0,0.0,116
1,[],17,[],2019-02-24 02:27:53,152738.278,0.00000004,0.0000000000016572,6770576,2019-02-24 02:27:53,btc,1.3368030275583427,0.0,0.00000004,btc,51896.221,0.0,0.0022095311199999998,116
1,[],4,[],2019-02-24 03:28:36,98061.23011085,0.00002317,0.0000000009677344390000001,6770768,2019-02-24 03:28:36,btc,28.182482437053206,0.0,0.00002317,btc,50480.87139165,0.34297704,0.6954977501999099,120
1,[],7,[],2019-02-24 03:28:38,211362.78347480998,0.0000260699999999999994237942502195437555201351642608642578125,0.000000001088857869,6770769,2019-02-24 03:28:38,btc,115647.31614171609,73.20928757,0.0000260699999999999994237942502195437555201351642608642578125,btc,38342.6678596,0.00209943,0.0670464455345844,120
1,[],20,[],2019-02-23 23:23:09,1175077.5618,0.000000012,0.0000000000004942620000000001,6769518,2019-02-23 23:23:09,btc,31.9232981096527,10158.0,0.000000012,btc,1119871.1271,0.000121896,0.0033514319724,125
1,[],22,[],2019-02-24 03:28:42,3053.0,0.00000001,0.000000000000417667,6770770,2019-02-24 03:28:42,BTC,0.01444887,0.0,0.00000001,BTC,296263.5111111111,0.0,3.053e-05,126
1,[],4,[],2019-02-24 03:28:43,115327.57233422,0.00001362,0.0000000005688624540000001,6770771,2019-02-24 03:28:43,btc,21.0345706129687,0.0,0.00001362,btc,122886.37035018,0.22604773,0.43491211903397,131
0,[],17,[],2019-02-24 02:28:15,0.0,0,0,6770582,2019-02-24 02:28:15,btc,0.0009561751951600001,0.0,0,btc,35.42829368,0.0,0.0,131
0,[],2,[],2019-01-20 23:25:46,0.0,0,0,6476969,2019-01-20 23:25:46,,0.0,0.0,0,,0.0,0.0,0.0,131
1,[],4,[],2019-02-24 03:28:55,4560.42807395,0.00017096,0.000000007140435032,6770772,2019-02-24 03:28:55,btc,1.6457141238952244,0.0,0.00017096,btc,331.25337767,0.00057477,0.0096427618848586,135
1,[],3,[],2019-02-24 03:28:56,1522642.49571841,0.00000005,0.000000000002088335,6770773,2019-02-24 03:28:56,btc,0.1458942086247726,25853.5,0.00000005,btc,632925.53813868,0.0,0.0562254579470342,136
1,[],4,[],2019-02-24 03:28:57,262752.03979435,0.00000173,0.00000000007225639100000001,6770774,2019-02-24 03:28:57,btc,38.87447898648705,0.0,0.00000173,btc,630128.29785713,0.10632392,0.0683300754213409,137
1,[],12,[],2019-02-24 03:28:58,337673.20040869,0.0000016899999999999999129363971450690229403335251845419406890869140625,0.000000000070585723,6770775,2019-02-24 03:28:58,btc,11807.597617066758,0.0,0.0000016899999999999999129363971450690229403335251845419406890869140625,btc,123259.38516089,0.0026411982507283,0.0934720999999934,137
1,[],17,[],2019-02-24 01:24:34,22967.386363640002,0.00000088,0.000000000036409296,6770221,2019-02-24 01:24:34,btc,20.069913353202995,0.0,0.00000088,btc,2746.079105,0.0,0.0104613000000032,142
1,[],4,[],2019-02-24 03:28:59,228100.64699341,0.00004395,0.000000001835646465,6770776,2019-02-24 03:28:59,btc,29.21189185487121,0.0,0.00004395,btc,46645.78714113,0.1901919,1.1621287414970645,142
1,[],5,[],2019-02-24 03:28:59,0.0,0,0,6770777,2019-02-24 03:28:59,btc,0.0,0.57030609,0,btc,0.0,0.0,0.0,142
1,[],20,[],2019-02-24 03:29:02,133475.0353,0.000045043,0.0000000018812974681000003,6770778,2019-02-24 03:29:02,btc,0.4934565146914,0.0,0.000045043,btc,3751.6313,0.0,0.2405473404469,142
1,[],22,[],2019-02-24 03:29:06,1585.8988921568628,0.00004000,0.000000001670668,6770779,2019-02-24 03:29:06,BTC,3.00385504,0.0,0.00004000,BTC,891.218,0.00023522,0.00164536,142
0.0,[],25,[],2019-02-24 03:29:07,0.0,0,0,6770780,2019-02-24 03:29:07,,0.0,0.0,0.0,btc,0.0,0.0,0.0,142
0,[],28,[],2019-02-24 03:29:12,0.0,0,0,6770781,2019-02-24 03:29:12,,0.0,0.0,0,,0.0,0.0,0.0,142
0,[],22,[],2019-02-23 08:10:09,0.0,0,0,6765290,2019-02-23 08:10:09,,61.28465123,0.0,0,,749385405.3,0.0,0.0,143
1,[],21,[],2019-02-24 03:29:13,55046752.39871642,0.00000025,0.000000000010441674999999999,6770782,2019-02-24 03:29:13,btc,40.053080883898225,6249836.85453634,0.00000025,btc,81941950.43145745,1.60860711,4.097558962781877,145
0,[],22,[],2019-02-24 03:29:16,0.0,0,0,6770783,2019-02-24 03:29:16,,4.24946284,0.0,0,,1812156.0,0.0,0.0,146
,[],22,[],2018-11-20 23:01:11,0.0,0,0,4862114,2018-11-20 23:01:11,,2.56807021,0.0,,,61828.4988236,0.0,0.0,147
1,[],12,[],2019-02-24 03:29:17,113500.49107188,0.00000251000000000000010876390933722834830632564262486994266510009765625,0.00000000010483441700000001,6770784,2019-02-24 03:29:17,btc,16.288519260743602,0.0,0.00000251000000000000010876390933722834830632564262486994266510009765625,btc,116996.71783468,0.00076346,0.0285710799999869,148
1,[],4,[],2019-02-24 03:29:18,240513.36796929,0.00000028,0.000000000011694676,6770785,2019-02-24 03:29:18,btc,219.9392699614967,0.0,0.00000028,btc,793660.54846363,0.0,0.0564957890840236,152
0,[],22,[],2019-02-24 03:29:21,0.0,0,0,6770786,2019-02-24 03:29:21,,0.0,0.0,0,,0.0,0.0,0.0,152
1,[],5,[],2019-02-24 03:29:22,0.0,0,0,6770787,2019-02-24 03:29:22,btc,0.0,0.0,0,btc,0.0,0.0,0.0,153
,[],16,[],2019-01-11 15:38:59,0.0,0,0,6366141,2019-01-11 15:38:59,btc,0.0,0.0,,btc,0.0,0.0,0.0,155
0,[],22,[],2019-02-24 03:31:24,0.0,0,0,6770788,2019-02-24 03:31:24,,0.73159981,0.0,0,,4230158.342592592,0.0,0.0,156
0,[],23,[],2019-01-20 23:24:29,0.0,0,0,6476932,2019-01-20 23:24:29,,0.0,0.0,0,,0.0,0.0,0.0,156
1,[],22,[],2019-02-24 03:31:27,7073.8,0.00005300,0.0000000022136351,6770789,2019-02-24 03:31:27,BTC,1.80343699,0.0,0.00005300,BTC,899.6422341958436,0.0,0.00104336,157
0,[],22,[],2019-02-24 03:31:30,0.0,0,0,6770790,2019-02-24 03:31:30,,50175.68008609,0.0,0,,54479136.04179466,0.0,0.0,158
,[],17,[],2018-11-20 22:56:10,0.0,0,0,4861976,2018-11-20 22:56:10,btc,1.1265625,0.0,,btc,1000.0,0.0,0.0,159
,[],20,[],2018-11-20 22:56:12,0.0,0,0,4861977,2018-11-20 22:56:12,btc,11912.7940471,0.0,,btc,34413894.3617,0.0,0.0,159
1,[],12,[],2019-02-24 03:31:31,183170.12921099,0.0000070099999999999997992512941469289700080480542965233325958251953125,0.000000000292784567,6770791,2019-02-24 03:31:31,btc,6.656997233489601,0.0,0.0000070099999999999997992512941469289700080480542965233325958251953125,btc,14634.03331248,0.0051994210696161,0.1002084727500996,168
1,[],17,[],2019-02-24 02:28:54,29784.95,0.000001,0.00000000004143,6770603,2019-02-24 02:28:54,btc,0.03026736251542,0.0,0.000001,btc,144.46171372,0.0,0.00716147,168
0,[],22,[],2019-02-24 03:31:45,0.0,0,0,6770792,2019-02-24 03:31:45,,1.14714792,0.0,0,,798972.8900917594,0.0,0.0,169
1,[],22,[],2019-02-24 03:31:48,165000.0,0.00000018,0.000000000007518006,6770793,2019-02-24 03:31:48,BTC,13.25565101,0.0,0.00000018,BTC,150006.3033258728,0.00027864,0.0198,171
1,[],22,[],2019-02-24 03:31:52,129431.125,0.0000001,0.00000000000417667,6770794,2019-02-24 03:31:52,BTC,2.66767596,0.0,0.0000001,BTC,279392.9305825667,0.00013461,0.00873821,173
1,[],5,[],2019-02-24 03:31:53,0.0,0,0,6770795,2019-02-24 03:31:53,btc,0.0,0.32726135,0,btc,0.0,0.0,0.0,175
1,[],22,[],2019-02-24 03:31:56,45784.0,0.0000003,0.00000000001253001,6770796,2019-02-24 03:31:56,BTC,0.52955903,0.0,0.0000003,BTC,143368.41384013777,0.0,0.0052016,176
1,[],7,[],2019-02-24 03:31:58,0.0,0,0,6770797,2019-02-24 03:31:58,btc,410932.5282358376,0.0,0,btc,117891559.31901672,0.0,0.0,178
0,[],22,[],2019-02-24 03:32:01,0.0,0,0,6770798,2019-02-24 03:32:01,,1.00242428,0.0,0,,57512.0,0.0,0.0,178
0,[],2,[],2019-01-20 23:28:34,0.0,0,0,6477001,2019-01-20 23:28:34,,0.0,0.0,0,,0.0,0.0,0.0,178
1,[],5,[],2019-02-24 03:32:02,0.0,0,0,6770799,2019-02-24 03:32:02,btc,0.0,0.06676173,0,btc,0.0,0.0,0.0,179
1,[],22,[],2019-02-24 03:32:06,6961684.0,0.00000002,0.000000000000835334,6770800,2019-02-24 03:32:06,BTC,5.73196334,0.0,0.00000002,"BTC,LTC",18407477.468656633,0.00018526,0.3741744,179
0,[],23,[],2019-01-20 23:25:08,0.0,0,0,6476952,2019-01-20 23:25:08,,0.0,0.0,0,,0.0,0.0,0.0,179
1,[],17,[],2019-02-24 03:32:08,10504.725,0.0000001,0.00000000000417667,6770801,2019-02-24 03:32:08,btc,5.201069583847939,0.0,0.0000001,btc,5033.45945,0.0,0.0010504725,180
0.00000000012616,[],22,[],2019-02-24 03:32:11,128605.4,1.2616000000000001e-17,5.269286872e-22,6770802,2019-02-24 03:32:11,LTC,0.2098006,0.0,0.0000001,LTC,65972.65489488427,0.0,0.00130544,180
1,[],26,[],2019-02-24 03:32:11,0.0,0.00000200,0.0000000000835334,6770803,2019-02-24 03:32:11,btc,0.0,532.38040002,0.00000200,btc,0.0,0.0,0.0,180
,[],7,[],2018-11-20 22:58:01,562227.975654,0.00000085,0.000000000036176765,4862015,2018-11-20 22:58:01,btc,21836.6059674,2491.87645172,,btc,749999.041456,0.00211021,0.127565380455,183
,[],5,[],2019-01-10 08:11:41,0.0,0,0,6347036,2019-01-10 08:11:41,btc,82.15055501,0.00261,,btc,1.19002445,0.0,0.0,187
1,[],24,[],2019-02-24 03:32:12,0.0,0.000000000001,4.17667e-17,6770804,2019-02-24 03:32:12,btc,0.0,0.0,0.000000000001,btc,0.0,0.0,0.0,187
,[],17,[],2018-11-16 20:58:10,4062536.27273,0.00000001,0.000000000000550501,4708775,2018-11-16 20:58:10,btc,3.36492563466,0.195460381006,,"btc,eth",110697919.549,0.0,0.0157628953496,187
0,[],22,[],2019-02-24 00:25:17,0.0,0,0,6769902,2019-02-24 00:25:17,,1.19374396,0.0,0,,16308.869534405507,0.0,0.0,191
0,[],22,[],2019-02-24 03:32:17,0.0,0,0,6770805,2019-02-24 03:32:17,,0.0,0.0,0,,0.0,0.0,0.0,197
0,[],23,[],2019-01-20 23:31:41,0.0,0,0,6477079,2019-01-20 23:31:41,,0.0,0.0,0,,0.0,0.0,0.0,199
0,[],22,[],2019-02-24 03:32:20,0.0,0,0,6770806,2019-02-24 03:32:20,,5.19557122,0.0,0,,21074453.0,0.0,0.0,199
1,[],26,[],2019-02-24 03:32:20,0.0,0.00000000,0,6770807,2019-02-24 03:32:20,btc,0.0,0.0,0.00000000,btc,0.0,0.0,0.0,199
0,[],17,[],2019-01-30 16:32:01,0.0,0,0,6540827,2019-01-30 16:32:01,btc,6.802544163788159,0.0,0,btc,105897.55575295,0.0,0.0,200
0,[],2,[],2019-01-20 23:30:49,0.0,0,0,6477059,2019-01-20 23:30:49,,0.0,0.0,0,,0.0,0.0,0.0,201
1,[],4,[],2019-01-25 15:51:35,2084389.58565343,0.00000936,0.000000000333526752,6499557,2019-01-25 15:51:35,btc,2.0092503037378524,0.0,0.00000936,btc,160195.80207885,0.19272417,1.242687955921835,211
1,[],7,[],2019-02-24 03:32:23,4293308.10001534,0.000001359999999999999896105784720490294859018831630237400531768798828125,0.000000000056802711999999996,6770808,2019-02-24 03:32:23,btc,15476318.344126485,521841.211386,0.000001359999999999999896105784720490294859018831630237400531768798828125,btc,14113543.41360052,0.0,3.2714188512461537,212
1,[],5,[],2019-02-24 03:32:25,0.0,0,0,6770809,2019-02-24 03:32:25,btc,0.0,0.36575639,0,btc,0.0,0.0,0.0,213
1,[],12,[],2019-01-25 02:44:32,207462.42853209,0.000001080000000000000035831255497387193287295303889550268650054931640625,0.000000000038610756000000006,6493050,2019-01-25 02:44:32,btc,85023.03793723314,0.0,0.000001080000000000000035831255497387193287295303889550268650054931640625,btc,43675.73520027,0.000146250909087,0.0348620860622024,213
1,[],24,[],2019-02-24 03:32:25,0.0,0.000000100000,0.00000000000417667,6770810,2019-02-24 03:32:25,btc,0.0,0.0,0.000000100000,btc,0.0,0.0,0.0,213
1,[],26,[],2019-02-24 03:32:25,0.0,0.00000009,0.000000000003759003,6770811,2019-02-24 03:32:25,btc,0.0,0.0,0.00000009,btc,0.0,0.0,0.0,213
1,[],22,[],2019-02-24 03:32:29,104971.0,0.00000001,0.000000000000417667,6770812,2019-02-24 03:32:29,BTC,2.20575949,0.0,0.00000001,BTC,249234.14637261708,0.00227602,0.00104971,216
1,[],27,[],2019-02-24 03:32:31,1236251.005988,0.00000007,0.000000000002923669,6770813,2019-02-24 03:32:31,btc,355.93210148754,1496.994012,0.00000007,"btc,ltc",212962.845,0.00010479,0.03395747041922308,216
1,[],22,[],2019-02-24 03:32:34,226300.2683626245,0.00000220,0.00000000009188674,6770814,2019-02-24 03:32:34,BTC,12673.57465602,0.0,0.00000220,BTC,369653.33863635873,0.00573862,0.30236061,217
1,[],7,[],2019-02-24 03:32:36,0.0,0,0,6770815,2019-02-24 03:32:36,btc,77969.61377456698,0.0,0,btc,137043486.5550253,0.0,0.0,219
0,[],27,[],2019-02-24 03:32:38,0.0,0,0,6770816,2019-02-24 03:32:38,,0.0740438339680921,0.0,0,btc,1536429.20709513,0.0,0.0,219
0.0000000000000051,[],28,[],2019-02-24 03:32:44,168116952.092,4.233459e-18,1.768176120153e-22,6770817,2019-02-24 03:32:44,doge,83869.8037917675,6020.0,0.00083009,"btc,doge",4822403.34751,0.0,1.114115375879244e-11,219
1,[],22,[],2019-02-24 03:32:54,262135.6,0.00000018,0.000000000007518006,6770818,2019-02-24 03:32:54,BTC,3.00166181,0.0,0.00000018,BTC,106589.27041875875,0.0,0.03420856,221
1,[],24,[],2019-02-24 03:32:54,0.0,0.000000200000,0.00000000000835334,6770819,2019-02-24 03:32:54,btc,0.0,0.0,0.000000200000,btc,0.0,0.0,0.0,221
1,[],20,[],2019-02-24 03:32:56,43167626.1239,0.000000001,0.0000000000000417667,6770820,2019-02-24 03:32:56,btc,47.9981918956477,60810.0,0.000000001,btc,11279728.0749,6.081e-05,0.0431676261239,224
0,[],22,[],2019-02-24 03:33:00,0.0,0,0,6770821,2019-02-24 03:33:00,,0.0,0.0,0,,0.0,0.0,0.0,224
1,[],26,[],2019-02-24 03:33:00,0.0,0.00000036,0.000000000015036012,6770822,2019-02-24 03:33:00,btc,0.0,0.0,0.00000036,btc,0.0,0.0,0.0,231
1,[],26,[],2019-02-24 03:33:00,0.0,0.00000006,0.000000000002506002,6770823,2019-02-24 03:33:00,btc,0.0,0.0,0.00000006,btc,0.0,0.0,0.0,234
0.0000000003941252,[],27,[],2019-02-24 03:33:03,2000.0,3.941252e-18,1.646130899084e-22,6770824,2019-02-24 03:33:03,eth,0.0113483662182,0.0,0.00000001,"btc,eth",11462.99618,0.0,7.882504e-15,234
1,[],4,[],2019-02-24 03:33:04,1056435.77795011,0.00000081,0.000000000033831027,6770825,2019-02-24 03:33:04,btc,4.441721170980051,0.0,0.00000081,btc,1057211.30708555,0.02380693,0.4018139874415553,236
1,[],24,[],2019-02-24 03:33:04,0.0,0.000000300000,0.00000000001253001,6770826,2019-02-24 03:33:04,btc,0.0,0.0,0.000000300000,btc,0.0,0.0,0.0,236
1,[],20,[],2019-02-24 03:33:07,67937359.1226,0.000000058,0.0000000000024224686000000003,6770827,2019-02-24 03:33:07,btc,10.0780166405268,39213543.9645,0.000000058,btc,45119235.0117,2.4301906109497,0.2627876457904,237
0.00000000012616,[],22,[],2019-02-24 03:33:10,14400.0,1.2616000000000001e-17,5.269286872e-22,6770828,2019-02-24 03:33:10,LTC,0.0405823,0.0,0.0000001,LTC,3164.0,0.0,0.00144,237
1,[],4,[],2019-02-24 03:33:11,6919543.87795068,0.00000034,0.000000000014200678,6770829,2019-02-24 03:33:11,btc,5.813228427679556,0.0,0.00000034,btc,9029946.08577367,0.9396637,1.473659760229682,238
1,[],5,[],2019-02-24 03:33:12,0.0,0,0,6770830,2019-02-24 03:33:12,btc,0.0,0.007821,0,btc,0.0,0.0,0.0,238
0,[],22,[],2019-02-24 03:33:16,0.0,0,0,6770831,2019-02-24 03:33:16,,27.41366601,0.0,0,,316008.5639027493,0.0,0.0,249
0.00000000012616,[],22,[],2019-02-24 03:33:19,7121097.666666667,3.7848e-18,1.5807860616000001e-22,6770832,2019-02-24 03:33:19,LTC,0.52780979,0.0,0.00000003,LTC,14400138.09,5.038477152e-13,0.21263595,252
1,[],28,[],2019-02-24 03:33:27,3798307.698,0.00000013,0.000000000005429671,6770833,2019-02-24 03:33:27,btc,164693.6394059347,17812.4,0.00000013,btc,752342.43,0.0,0.2377927575,256
1,[],22,[],2019-02-24 03:33:31,2423447.6666666665,0.00000003,0.000000000001253001,6770834,2019-02-24 03:33:31,BTC,31.42327216,0.0,0.00000003,BTC,516927.80769145646,0.0003,0.05155815,258
1,[],22,[],2019-02-23 13:24:56,48751.0,0.00000001,0.000000000000395946,6766668,2019-02-23 13:24:56,BTC,2.4175745,0.0,0.00000001,BTC,1762.0,0.0,0.00048751,259
1,[],5,[],2019-02-24 03:33:32,0.0,0,0,6770835,2019-02-24 03:33:32,btc,0.0,0.19542228,0,btc,0.0,0.0,0.0,264
1,[],20,[],2019-02-24 03:33:34,1216970.4355,0.000001622,0.0000000000677455874,6770836,2019-02-24 03:33:34,btc,7.6820987269898,117096.9912,0.000001622,btc,108327.5096,0.367764494184,0.0209331240796,264
1,[],22,[],2019-02-24 03:33:38,18164.0,0.00000001,0.000000000000417667,6770837,2019-02-24 03:33:38,BTC,8.4442135,0.0,0.00000001,BTC,427909.69136002666,7.5e-05,0.00018164,271
0,[],22,[],2019-02-24 03:33:40,0.0,0,0,6770838,2019-02-24 03:33:40,,263.46698823,0.0,0,,14809386027.9,0.0,0.0,272
0.0000000000000051,[],28,[],2019-02-24 03:33:46,230113918758.06,4.386e-21,1.831887462e-25,6770839,2019-02-24 03:33:46,doge,10981738.118439404,14168076076.0,0.00000086,doge,213071319685.26923,0.0,6.03082836748164e-10,272
1,[],22,[],2019-02-24 03:33:51,118158.74,0.00000210,0.00000000008771007,6770840,2019-02-24 03:33:51,BTC,74.45099633,0.0,0.00000210,"BTC,LTC",13370.487639773188,0.0,0.05186372,281
1,[],22,[],2019-02-24 03:33:54,96393.0,0.00000001,0.000000000000417667,6770841,2019-02-24 03:33:54,BTC,1.33457039,0.0,0.00000001,BTC,162474.62387885063,1.35e-06,0.00096393,286
0,[],22,[],2019-02-22 20:00:43,0.0,0,0,6761229,2019-02-22 20:00:43,,43634.52003953,0.0,0,,419068796.0,0.0,0.0,294
