pairValue,buyBook,exchangeId,sellBook,updated,buyTotal,satoshiPrice,usdPrice,exchangeLogId,created,bestPair,sellTotalBtc,volume,pairPrice,activePairs,sellTotal,volumeBtc,buyTotalBtc,coinId
1,[],3,[],2019-05-27 14:44:32,298.479222909136,0.01008319000000000055516924390985877835191786289215087890625,0.000000886157119874,7695625,2019-05-27 14:44:32,btc,1.4017571041815562,62.8220659727,0.01008319000000000055516924390985877835191786289215087890625,btc,23.72543274605,0.0,0.18971521237642763,1
1,[],4,[],2019-05-27 14:44:33,207679.30664226,0.01070209,0.0000009405488988139999,7695626,2019-05-27 14:44:33,btc,8.32787685621619,0.0,0.01070209,btc,357.82066434,1.51362846,0.5638957676690383,1
1,[],5,[],2019-05-27 14:44:36,0.0,0,0,7695627,2019-05-27 14:44:36,btc,0.0,0.04951014,0,btc,0.0,0.0,0.0,1
1,[],10,[],2019-05-27 14:44:39,225842.04215864,0.00724851,0.000000637032401946,7695628,2019-05-27 14:44:39,btc,6521.570433777945,1920.23029736,0.00724851,btc,1324.07876208,0.0,2.3727017849081613,1
1,[],12,[],2019-05-27 14:44:41,74.41039171,0.0107299999999999999544808559903685818426311016082763671875,0.0000009430017579999999,7695629,2019-05-27 14:44:41,btc,0.2220897370617,0.0,0.0107299999999999999544808559903685818426311016082763671875,btc,19.56215042,0.196324877146,0.2756582602247,1
1,[],20,[],2019-05-27 14:44:43,973.4879,0.010262851,0.0000009019465549946,7695630,2019-05-27 14:44:43,btc,0.5024417712745,0.2028,0.010262851,btc,41.6349,0.002309406169,0.1102823965572,1
1,[],21,[],2019-05-27 14:44:45,1352.55610058,0.01078085999999999974874320685,0.0000009474715687559999,7695631,2019-05-27 14:44:45,btc,9.762410447068213,3151.56795033,0.0107808599999999997487432068510315730236470699310302734375,"btc,eth",1234.75742085,28.727788790733893,11.978850700228808,1
1,[],22,[],2019-05-27 14:44:49,0.0025666666666666667,0.00900000,0.0000007909614,7695632,2019-05-27 14:44:49,BTC,0.31629903,0.0,0.00900000,BTC,0.2505752479991019,0.0,2.31e-05,1
1,[],24,[],2019-05-27 14:44:50,0.0,0.000000000000,0,7695633,2019-05-27 14:44:50,btc,0.0,0.0,0.000000000000,btc,0.0,0.0,0.0,1
0.0,[],25,[],2019-05-27 14:44:52,0.0,0,0,7695634,2019-05-27 14:44:52,btc,18.1499999991927,6073.17094189,0.0,btc,1586.14943358,65.375,0.0,1
1,[],26,[],2019-05-27 14:44:53,0.0,0,0,7695635,2019-05-27 14:44:53,,0.0,0.0,0,,0.0,0.0,0.0,1
0,[],28,[],2019-05-27 14:45:44,0.0,0,0,7695636,2019-05-27 14:45:44,,0.0,366202.55,0,,0.0,0.0,0.0,1
0,[],2,[],2019-01-20 23:28:45,0.0,0,0,6477011,2019-01-20 23:28:45,,0.0,0.0,0,,0.0,0.0,0.0,1
1,[],5,[],2019-05-27 14:45:46,0.0,0,0,7695637,2019-05-27 14:45:46,btc,0.0,0.0007001,0,btc,0.0,0.0,0.0,2
0,[],22,[],2019-05-27 14:45:50,0.0,0,0,7695638,2019-05-27 14:45:50,,0.0,0.0,0,,0.0,0.0,0.0,2
1,[],5,[],2019-05-27 14:45:51,0.0,0,0,7695639,2019-05-27 14:45:51,btc,0.0,0.10363706,0,btc,0.0,0.0,0.0,3
1,[],12,[],2019-05-27 14:45:52,4741796.222189,0.000000108,0.0000000000094915368,7695640,2019-05-27 14:45:52,btc,4525.45191217401,0.0,0.000000108,btc,2865472.67341924,0.072756672328,0.246657356140812,3
0,[],28,[],2019-05-27 14:45:54,0.0,0,0,7695641,2019-05-27 14:45:54,,0.0,0.0,0,,0.0,0.0,0.0,3
0,[],2,[],2019-01-20 23:31:32,0.0,0,0,6477077,2019-01-20 23:31:32,,0.0,0.0,0,,0.0,0.0,0.0,4
1,[],4,[],2019-05-18 21:29:50,562734.9206932,0.00000010,0.000000000007298720000000001,7650946,2019-05-18 21:29:50,btc,41.9347137769675,0.0,0.00000010,btc,1123702.32192634,0.00052462,0.029254593370966,4
0,[],12,[],2019-05-27 09:59:45,0.0,0,0,7694412,2019-05-27 09:59:45,btc,0.40767300499500503,0.0,0,btc,1036053.4995005,0.0,0.0,5
1,[],11,[],2019-05-27 14:45:56,5785289.776736,0.00000002,0.0000000000017576919999999999,7695642,2019-05-27 14:45:56,btc,9578.93589671188,2317144.66667,0.00000002,btc,65564309.73198496,0.0,0.06407137276736,6
0,[],2,[],2019-01-20 23:31:51,0.0,0,0,6477087,2019-01-20 23:31:51,,0.0,0.0,0,,0.0,0.0,0.0,6
1,[],3,[],2019-05-27 14:45:56,11838.216838773791,0.0000888800000000000028389790518446034184307791292667388916015625,0.000000007811183247999999,7695643,2019-05-27 14:45:56,btc,0.10473207573782464,176.533509258,0.0000888800000000000028389790518446034184307791292667388916015625,btc,225.368057543764,0.0,0.026197906828949385,7
1,[],4,[],2019-05-27 14:45:57,334674.80489582,0.00009003,0.000000007912250538,7695644,2019-05-27 14:45:57,btc,9.963598180588656,0.0,0.00009003,btc,57745.01875128,2.41655927,2.6689755322066038,7
1,[],5,[],2019-05-27 14:45:59,0.0,0,0,7695645,2019-05-27 14:45:59,btc,0.0,0.30254399,0,btc,0.0,0.0,0.0,7
1,[],20,[],2019-04-07 22:06:50,3201475.0482,0.000000001,0.000000000000051590000000000004,7213932,2019-04-07 22:06:50,btc,30.8005781811902,0.0,0.000000001,btc,23077405.3926,0.0,0.0032014750482,8
1,[],4,[],2019-05-27 14:46:02,21450726.71654142,0.00000051,0.000000000044821145999999996,7695646,2019-05-27 14:46:02,btc,4.082532586918771,0.0,0.00000051,btc,3625483.94715081,1.09455629,0.6295817023189134,9
0,[],28,[],2019-05-27 14:46:34,0.0,0,0,7695647,2019-05-27 14:46:34,,0.0,3553935.0,0,,0.0,0.0,0.0,9
0,[],2,[],2019-01-20 23:22:42,0.0,0,0,6476876,2019-01-20 23:22:42,,0.0,0.0,0,,0.0,0.0,0.0,9
0,[],23,[],2019-01-20 23:22:48,0.0,0,0,6476878,2019-01-20 23:22:48,,0.0,0.0,0,,0.0,0.0,0.0,9
1,[],1,[],2019-02-17 23:31:42,1822507.21,0.00000181000000000000003456111265232042484285557293333113193511962890625,0.000000000066086901,6701244,2019-02-17 23:31:42,btc,3.6990969245,17153386.5,0.00000181000000000000003456111265232042484285557293333113193511962890625,btc,1997391.71,31.11772986,3.2610482446,9
1,[],4,[],2019-02-17 11:22:43,4341674.27126056,0.00000002,0.0000000000007272960000000001,6696112,2019-02-17 11:22:43,btc,0.1997230937751353,0.0,0.00000002,btc,4109766.79808031,0.00215132,0.0479381022052112,10
1,[],4,[],2019-05-27 14:46:35,7576787.40845717,0.00000048,0.000000000042184607999999994,7695648,2019-05-27 14:46:35,btc,4.630759701245927,0.0,0.00000048,btc,4750661.52477054,1.56574928,1.3738536643909736,12
1,[],5,[],2019-05-27 14:46:37,0.0,0,0,7695649,2019-05-27 14:46:37,btc,0.0,0.34367423,0,btc,0.0,0.0,0.0,12
0.0,[],25,[],2019-05-27 14:46:38,0.0,0,0,7695650,2019-05-27 14:46:38,,0.0,0.0,0.0,btc,0.0,0.0,0.0,12
0,[],2,[],2019-01-20 23:23:08,0.0,0,0,6476890,2019-01-20 23:23:08,,0.0,0.0,0,,0.0,0.0,0.0,12
1,[],4,[],2019-05-27 14:46:39,345059.88387802,0.00000571,0.000000000501821066,7695651,2019-05-27 14:46:39,btc,1.9727452302324222,0.0,0.00000571,btc,244475.39219467,0.39690145,0.571164568893734,13
1,[],10,[],2019-05-27 14:46:42,557516.17685739,0.00000563,0.000000000494790298,7695652,2019-05-27 14:46:42,btc,666803.298967429,10585.3298399,0.00000563,btc,867686.26621854,0.0,0.240445131044941,13
1,[],21,[],2019-05-27 14:46:44,1417766.17242089,0.000005839999999999999989838857239,0.000000000513246064,7695653,2019-05-27 14:46:44,btc,2.09079142413163,1069602.18454259,0.000005839999999999999989838857239465852444482152350246906280517578125,btc,316993.5915751,6.39331972,5.66583495570339,13
1,[],4,[],2019-05-27 14:46:45,797606.69112374,0.00000081,0.000000000071186526,7695654,2019-05-27 14:46:45,btc,4.512968206848584,0.0,0.00000081,btc,851101.12154653,0.01923066,0.0518037430474285,14
1,[],12,[],2019-05-27 14:46:46,135671.88022735,0.00000077,0.000000000067671142,7695655,2019-05-27 14:46:46,btc,14.13467988348889,0.0,0.00000077,btc,21543.71741965,0.000322191372,0.0151102399999571,14
1,[],26,[],2019-05-27 14:48:46,0.0,0.00000050,0.000000000043942299999999995,7695656,2019-05-27 14:48:46,btc,0.0,0.0,0.00000050,btc,0.0,0.0,0.0,14
0,[],17,[],2019-05-03 00:53:32,0.0,0,0,7558876,2019-05-03 00:53:32,btc,0.0,0.0,0,btc,0.0,0.0,0.0,14
0,[],4,[],2019-05-27 14:48:48,0.0,0,0,7695657,2019-05-27 14:48:48,,0.0,0.0,0,,0.0,0.0,0.0,15
,[],12,[],2018-12-01 15:15:48,204241.84496,0.00000489,0.000000000202473384,5260204,2018-12-01 15:15:48,btc,49.5475654835,0.0,,btc,35763.2193806,0.0163153972027625,0.0203389899998,15
1,[],4,[],2019-05-27 14:48:51,34444.3335277,0.00001035,0.0000000009096056099999999,7695658,2019-05-27 14:48:51,btc,0.9710759363033242,0.0,0.00001035,btc,11058.39551833,0.04512515,0.0772292954650274,18
1,[],10,[],2019-05-27 14:48:56,308790.57079448,0.00001135,0.00000000099749021,7695659,2019-05-27 14:48:56,btc,15.349936113987063,4128.07728659,0.00001135,btc,13950.78034279,0.0,0.0710147596287797,18
1,[],12,[],2019-05-27 14:48:57,7150.78449687,0.0000106399999999999997726297940037198941354290582239627838134765625,0.000000000935092144,7695660,2019-05-27 14:48:57,btc,0.3988394155175544,0.0,0.0000106399999999999997726297940037198941354290582239627838134765625,btc,1254.20089134,0.003212074504,0.0128495792959338,18
0,[],2,[],2019-01-20 23:23:38,0.0,0,0,6476906,2019-01-20 23:23:38,,0.0,0.0,0,,0.0,0.0,0.0,18
0,[],17,[],2019-05-03 00:53:39,0.0,0,0,7558882,2019-05-03 00:53:39,btc,0.0,0.0,0,btc,0.0,0.0,0.0,18
1,[],3,[],2019-05-27 14:50:58,158351.60369580076,0.000008189999999999999512920005606542162013283814303576946258544921875,0.0000000007197748739999999,7695661,2019-05-27 14:50:58,btc,0.20467326249565984,3754.77071591,0.000008189999999999999512920005606542162013283814303576946258544921875,btc,4757.84839785648,0.0,0.0492460594672321,19
1,[],4,[],2019-05-27 14:50:59,623468.52629864,0.00000821,0.000000000721532566,7695662,2019-05-27 14:50:59,btc,3.687804718761212,0.0,0.00000821,btc,161305.08385915,0.62498799,0.8886908894546817,19
1,[],5,[],2019-05-27 14:51:01,0.0,0,0,7695663,2019-05-27 14:51:01,btc,0.0,6.948e-05,0,btc,0.0,0.0,0.0,19
1,[],12,[],2019-05-27 14:51:02,15471.32434504,0.000007109999999999999688846986922730053493069135583937168121337890625,0.000000000624859506,7695664,2019-05-27 14:51:02,btc,0.0576516106092774,0.0,0.000007109999999999999688846986922730053493069135583937168121337890625,btc,2080.17136297,0.00236618,0.0285761899996952,19
0,[],27,[],2019-05-27 14:51:10,0.0,0,0,7695665,2019-05-27 14:51:10,,0.0,0.0,0,btc,0.0,0.0,0.0,19
0,[],2,[],2019-01-20 23:24:19,0.0,0,0,6476924,2019-01-20 23:24:19,,0.0,0.0,0,,0.0,0.0,0.0,19
1,[],4,[],2019-05-27 14:51:12,10062076.88478525,0.00000007,0.000000000006151922,7695666,2019-05-27 14:51:12,btc,6.429883252961221,0.0,0.00000007,btc,2333215.60836933,0.0,0.1174938176872809,20
1,[],4,[],2019-05-27 14:51:14,72681683.2473748,0.00000001,0.0000000000008788459999999999,7695667,2019-05-27 14:51:14,btc,1774.7844046158937,0.0,0.00000001,btc,66471138.91973631,0.0,0.7268168324737481,21
1,[],12,[],2019-05-27 14:51:15,2471608.0,0.00000001,0.0000000000008788459999999999,7695668,2019-05-27 14:51:15,btc,1008.0147310527972,0.0,0.00000001,btc,5931775.63936062,0.002822958751,0.02471608,21
0,[],17,[],2019-05-03 00:53:51,0.0,0,0,7558891,2019-05-03 00:53:51,btc,0.0,0.0,0,btc,0.0,0.0,0.0,21
1,[],12,[],2019-05-27 14:53:16,5291237835.0,0.0000000004,0.00000000000003515384,7695669,2019-05-27 14:53:16,btc,708147254.1986142,0.0,0.0000000004,btc,2561557111.4295707,0.077620467432,1.2005091456,23
0.0000000003067504,[],27,[],2019-05-27 14:53:22,98158630.15884118,9.202512e-18,8.087590861152e-22,7695670,2019-05-27 14:53:22,eth,1170.9402976408,781946893.8411586,0.00000003,eth,7930383.208,7.195875675397728e-09,5.032342597200739e-10,23
1,[],4,[],2019-05-27 14:53:22,1842469.90123679,0.00000021,0.000000000018455766,7695671,2019-05-27 14:53:22,btc,13.478417086870142,0.0,0.00000021,btc,2129587.53462349,0.01112585,0.0634459359920136,24
1,[],22,[],2019-05-27 14:53:25,21.76,0.00000100,0.00000000008788459999999999,7695672,2019-05-27 14:53:25,BTC,7.415e-05,0.0,0.00000100,BTC,23.919354838709676,0.0,1.186e-05,24
0.0,[],25,[],2019-05-27 14:53:26,0.0,0,0,7695673,2019-05-27 14:53:26,,0.0,0.0,0.0,btc,0.0,0.0,0.0,24
1,[],4,[],2019-05-27 14:53:28,338367.58923343,0.00000424,0.000000000372630704,7695674,2019-05-27 14:53:28,btc,10.561033520511542,0.0,0.00000424,btc,258054.9391744,0.14358311,0.3086546894139643,26
1,[],10,[],2019-05-27 14:53:30,159396.09286272,0.00000402,0.00000000035329609199999995,7695675,2019-05-27 14:53:30,btc,25.50889981071307,4481.66830505,0.00000402,btc,22959.42108214,0.0,0.0297586223411862,26
0,[],2,[],2019-01-20 23:25:56,0.0,0,0,6476976,2019-01-20 23:25:56,,0.0,0.0,0,,0.0,0.0,0.0,26
1,[],3,[],2019-05-27 14:53:31,10668870.60144003,0.00000001,0.0000000000008788459999999999,7695676,2019-05-27 14:53:31,btc,3.591149617398929,4963741.03413,0.00000001,btc,26895688.23778695,0.0,0.1066887060144003,27
1,[],11,[],2019-05-27 14:53:33,1070969.08157834,0.00000002,0.0000000000017576919999999999,7695677,2019-05-27 14:53:33,btc,67503.03909773499,19676.5543251,0.00000002,btc,6639861.32608848,0.0,0.0107207058157834,27
1,[],5,[],2019-04-26 09:47:06,0.0,0,0,7465326,2019-04-26 09:47:06,btc,0.0,0.0,0,btc,0.0,0.0,0.0,27
1,[],4,[],2019-05-27 14:53:34,1176783826.223476,0.00000001,0.0000000000008788459999999999,7695678,2019-05-27 14:53:34,btc,4.873340222489231,0.0,0.00000001,"btc,ltc",295074390.30668896,0.06775808,8.089725266942285,29
1,[],7,[],2019-05-27 14:53:35,86565332.30740812,0.00000001,0.0000000000008788459999999999,7695679,2019-05-27 14:53:35,btc,46548272.11130364,2247.75224775,0.00000001,btc,35028453.38393217,4.496e-05,0.8656533230740813,29
1,[],4,[],2019-05-27 14:53:36,15165592.27217546,0.00000006,0.000000000005273075999999999,7695680,2019-05-27 14:53:36,btc,2.6729871957230786,0.0,0.00000006,btc,2116030.49425126,0.00363937,0.1660759159941774,30
0,[],17,[],2019-05-03 01:11:25,0.0,0,0,7559066,2019-05-03 01:11:25,btc,0.0,0.0,0,btc,0.0,0.0,0.0,30
1,[],4,[],2019-05-27 14:55:37,316472.5672871,0.00004018,0.0000000035312032279999998,7695681,2019-05-27 14:55:37,btc,3.339934122855536,0.0,0.00004018,btc,43600.60339739,1.3332946,0.7778199826394528,31
1,[],21,[],2019-05-27 14:55:39,143430.34095099,0.00004181000000000000118910090108,0.000000003674455126,7695682,2019-05-27 14:55:39,btc,5.940358510897321,574373.82237734,0.0000418100000000000011891009010778219590065418742597103118896484375,btc,120253.55665881,23.62909783,5.4162777535226425,31
0,[],2,[],2019-01-20 23:28:43,0.0,0,0,6477009,2019-01-20 23:28:43,,0.0,0.0,0,,0.0,0.0,0.0,32
0,[],4,[],2019-05-27 14:55:40,0.0,0,0,7695683,2019-05-27 14:55:40,,0.0,0.0,0,,0.0,0.0,0.0,33
1,[],12,[],2019-03-30 07:55:10,40641173.964,0.00000003,0.000000000001228359,7108785,2019-03-30 07:55:10,btc,4233210.82356125,0.0,0.00000003,btc,28378394.68333462,0.0126927883965248,0.90752895892,33
0.0000000001309876,[],4,[],2019-05-27 14:55:42,497300217.20933336,9.169132e-18,8.058254981671999e-22,7695684,2019-05-27 14:55:42,ltc,3.498506352763877,0.0,0.00000007,ltc,155761688.32453057,0.0,1.8531513925182736e-09,34
1,[],5,[],2019-05-27 14:55:43,0.0,0,0,7695685,2019-05-27 14:55:43,btc,0.0,8.6e-07,0,btc,0.0,0.0,0.0,34
0.0000000001309876,[],4,[],2019-05-27 14:55:44,38240535.54077778,1.309876e-18,1.1511792830959999e-22,7695686,2019-05-27 14:55:44,ltc,4.7646568240238586e-08,0.0,0.00000001,ltc,6851696899.751122,0.0,5.0090359732011834e-11,36
1,[],5,[],2019-05-27 14:55:46,0.0,0,0,7695687,2019-05-27 14:55:46,btc,0.0,0.0,0,btc,0.0,0.0,0.0,36
0.0000000003067504,[],27,[],2019-05-27 14:57:52,41666024.4,9.202512e-18,8.087590861152e-22,7695688,2019-05-27 14:57:52,eth,1670.43406568,2647304968.6039996,0.00000003,"ltc,eth",4736977.0,1.817557622609712e-08,3.382049261666368e-10,36
0.0000000002926451,[],17,[],2019-05-02 18:17:47,200000.0,2.9264510000000002e-18,1.596703856561e-22,7556430,2019-05-02 18:17:47,eth,0.20942468735267253,0.0,0.00000001,"btc,eth",1018272.20243647,0.0,5.852902e-13,36
1,[],4,[],2019-05-27 14:57:53,9959778.63087131,0.00000018,0.000000000015819228,7695689,2019-05-27 14:57:53,btc,19772.56598807677,0.0,0.00000018,btc,761286.91530854,0.00278145,0.1384019329263104,37
1,[],12,[],2019-05-27 14:57:55,4285692.33528572,0.0000002,0.000000000017576919999999998,7695690,2019-05-27 14:57:55,btc,8.140239718977687,0.0,0.0000002,btc,847691.76523476,0.085351448007,0.1992493204442866,37
1,[],27,[],2019-05-27 15:00:11,1600.0,0.00000015,0.000000000013182689999999999,7695691,2019-05-27 15:00:11,btc,24.11463822903233,0.0,0.00000015,btc,5792.59438508,0.0,3e-05,37
1,[],17,[],2019-05-03 01:11:36,211752.74075282,0.00000025,0.000000000013700074999999998,7559074,2019-05-03 01:11:36,btc,0.055484923955058496,0.0,0.00000025,"btc,eth",1387.19918473,0.0,0.0005381851887916605,37
1,[],5,[],2019-05-27 15:00:13,0.0,0,0,7695692,2019-05-27 15:00:13,btc,0.0,0.00428998,0,btc,0.0,0.0,0.0,42
1,[],12,[],2019-05-27 15:00:15,134436.790396,0.00000094,0.00000000008261152399999999,7695693,2019-05-27 15:00:15,btc,24.493696162192776,0.0,0.00000094,btc,53187.64631566,0.018539237971,0.0466332999999529,42
1,[],27,[],2019-05-27 15:00:25,506.0,0.00000002,0.0000000000017576919999999999,7695694,2019-05-27 15:00:25,btc,0.39085425,0.0,0.00000002,"btc,eth",735.0,0.0,6.00000032227197e-06,42
1,[],12,[],2019-03-13 09:13:29,1112112.0,0.00000001,0.000000000000386531,6919902,2019-03-13 09:13:29,btc,29058.00478931866,0.0,0.00000001,btc,5967681.93306694,9.99000999e-07,0.01112112,43
1,[],5,[],2019-04-26 22:38:52,0.0,0,0,7474154,2019-04-26 22:38:52,btc,0.0,0.02638891,0,btc,0.0,0.0,0.0,43
0,[],17,[],2019-04-26 22:38:53,0.0,0,0,7474155,2019-04-26 22:38:53,btc,0.0,0.0,0,btc,0.0,0.0,0.0,43
1,[],12,[],2019-03-05 01:54:08,639326.02,0.00000004,0.000000000001486676,6845775,2019-03-05 01:54:08,btc,11116042.728239931,0.0,0.00000004,btc,1103841.4595604,0.0003330765234764,0.014975410599999999,44
1,[],4,[],2019-05-27 15:00:26,114950127.2371562,0.00000001,0.0000000000008788459999999999,7695695,2019-05-27 15:00:26,btc,291324.22046253795,0.0,0.00000001,"btc,ltc",27145055.23262538,0.0027405,0.08865501441390772,49
0.0000000001309876,[],4,[],2019-05-27 15:00:26,125134483.01678365,3.1437024e-17,2.7628302794303995e-21,7695696,2019-05-27 15:00:26,ltc,22050.15206733352,0.0,0.00000024,ltc,157348234.35039148,0.0,3.661717251241266e-10,52
0,[],22,[],2019-05-27 15:00:29,0.0,0,0,7695697,2019-05-27 15:00:29,,10289.55991011,0.0,0,,308568058.4566013,0.0,0.0,57
0,[],27,[],2019-05-27 15:00:44,0.0,0,0,7695698,2019-05-27 15:00:44,,0.0,0.0,0,"btc,eth",0.0,0.0,0.0,57
0.0000000001309876,[],4,[],2019-05-27 15:00:45,2721265703.046031,1.309876e-18,1.1511792830959999e-22,7695699,2019-05-27 15:00:45,ltc,19.26387151446847,0.0,0.00000001,ltc,5742377130.464817,0.0,3.564520634043123e-09,58
1,[],12,[],2019-05-27 15:00:46,772261018.0,0.0000000001,0.00000000000000878846,7695700,2019-05-27 15:00:46,btc,2038372.0083661582,0.0,0.0000000001,btc,2668139220.981019,0.001626865104,0.0772261018,58
0.0000000001079335,[],22,[],2019-05-27 15:02:49,126877.0,1.079335e-18,9.4856924741e-23,7695701,2019-05-27 15:02:49,XMR,68.17454206,0.0,0.00000001,XMR,9626402.6,0.0,0.00126877,58
1,[],17,[],2019-05-03 01:12:09,1200000.0,0.0000000001,0.00000000000000548003,7559085,2019-05-03 01:12:09,btc,1e+24,0.0,0.0000000001,"btc,eth",39516342.31952568,0.0,0.00010000000058666061,58
1,[],5,[],2019-05-27 15:02:51,0.0,0,0,7695702,2019-05-27 15:02:51,btc,0.0,0.0025804,0,btc,0.0,0.0,0.0,61
1,[],22,[],2019-05-27 15:02:54,13613.833333333334,0.00000012,0.000000000010546151999999999,7695703,2019-05-27 15:02:54,BTC,1002.29590883,0.0,0.00000012,BTC,15092.180177125656,0.0,0.00153269,61
1,[],26,[],2019-05-27 15:02:55,0.0,0.00000050,0.000000000043942299999999995,7695704,2019-05-27 15:02:55,btc,0.0,0.0,0.00000050,btc,0.0,0.0,0.0,61
1,[],27,[],2019-05-27 15:03:02,13712.0,0.0000002,0.000000000017576919999999998,7695705,2019-05-27 15:03:02,btc,1.9582485601246655,747.001,0.0000002,"btc,eth",11379.41563696,0.00717121,0.00252178,61
0,[],28,[],2019-05-27 15:03:04,0.0,0,0,7695706,2019-05-27 15:03:04,,0.0,793.0,0,,0.0,0.0,0.0,61
1,[],4,[],2019-05-27 15:03:05,1068978.35719163,0.00000080,0.00000000007030767999999999,7695707,2019-05-27 15:03:05,btc,2.568945544324831,0.0,0.00000080,btc,866894.74915366,0.03546622,0.6331784791027022,67
0.0,[],25,[],2019-05-27 15:03:07,0.0,0,0,7695708,2019-05-27 15:03:07,,0.0,0.0,0.0,btc,0.0,0.0,0.0,67
1,[],12,[],2019-05-27 15:03:08,806120.0,0.00000005,0.0000000000043942299999999995,7695709,2019-05-27 15:03:08,btc,5.16762423154845,0.0,0.00000005,btc,762817.2767232601,8.0192937e-05,0.01733716,71
,[],5,[],2018-11-20 23:02:39,1.5e-07,0.00000005,0.000000000002128045,4862160,2018-11-20 23:02:39,btc,2.84511358,0.0,,btc,0.00036572,0.0,0.07381892,74
1,[],5,[],2019-05-27 15:03:12,0.0,0,0,7695710,2019-05-27 15:03:12,btc,0.0,0.11684518,0,btc,0.0,0.0,0.0,75
0,[],4,[],2019-05-25 21:33:44,0.0,0,0,7686249,2019-05-25 21:33:44,,133656.37989170782,0.0,0,,33439209.5909442,0.0,0.0,81
0,[],20,[],2019-01-25 09:30:31,0.0,0,0,6495923,2019-01-25 09:30:31,btc,0.0,0.0,0,btc,0.0,0.0,0.0,81
1,[],4,[],2019-05-27 15:03:16,26685.42007103,0.00006436,0.000000005656252856,7695711,2019-05-27 15:03:16,btc,18.222259758518067,0.0,0.00006436,btc,21225.7391631,0.27372764,0.2529773375865977,82
1,[],21,[],2019-05-27 15:03:17,81357.69231500001,0.00007425000000000000230458013784,0.00000000652543155,7695712,2019-05-27 15:03:17,btc,2.690687380019017,41108.9035913,0.000074250000000000002304580137835188224926241673529148101806640625,btc,30383.68775289,2.95631199,2.9676096912217047,82
0,[],17,[],2019-03-25 22:42:34,0.0,0,0,7038780,2019-03-25 22:42:34,btc,0.0445064681804024,0.0,0,btc,995513.18476001,0.0,0.0,84
0.0000000001161485,[],4,[],2019-05-20 13:09:39,216715621.0206096,1.161485e-18,9.0533806701e-23,7657228,2019-05-20 13:09:39,ltc,1.6511566870244727,0.0,0.00000001,ltc,471032407.9048656,0.0,2.5171194308112273e-10,85
,[],22,[],2018-11-20 23:09:34,3408.1,0.0000001,0.0000000000041895,4862324,2018-11-20 23:09:34,BTC,0.04624735,0.0,,BTC,4990.0,0.0,0.00033081,86
1,[],22,[],2019-05-27 15:03:20,65156.0,0.00000001,0.0000000000008788459999999999,7695713,2019-05-27 15:03:20,BTC,1.45608405,0.0,0.00000001,BTC,314587.29736842104,0.0,0.00065156,87
0,[],27,[],2019-05-27 15:03:24,0.0,0,0,7695714,2019-05-27 15:03:24,,4.962566382816,0.0,0,btc,66120.49241,0.0,0.0,87
,[],2,[],2018-11-20 23:10:47,0.0,0,0,4862359,2018-11-20 23:10:47,,0.0,0.0,,,0.0,0.0,0.0,88
1,[],11,[],2019-05-27 15:03:27,63257.06277722,0.000083109999999999995402670538435785374531405977904796600341796875,0.000000007304089105999999,7695715,2019-05-27 15:03:27,btc,184.3704025540581,4932.41172604,0.000083109999999999995402670538435785374531405977904796600341796875,btc,225701.87286242,0.0,3.2046577211227976,89
0,[],2,[],2019-01-20 23:31:45,0.0,0,0,6477083,2019-01-20 23:31:45,,0.0,0.0,0,,0.0,0.0,0.0,91
1,[],12,[],2019-05-27 15:03:28,201558.66170704,0.00000038,0.000000000033396148,7695716,2019-05-27 15:03:28,btc,87.64499336827419,0.0,0.00000038,btc,114492.89555554,0.001901457,0.0114791119999819,91
1,[],22,[],2019-05-27 15:05:32,75910.55,0.0000002,0.000000000017576919999999998,7695717,2019-05-27 15:05:32,BTC,0.495,0.0,0.0000002,"BTC,LTC",4.95,0.0,0.00165931,91
0,[],17,[],2019-05-03 01:12:26,0.0,0,0,7559096,2019-05-03 01:12:26,btc,0.0,0.0,0,btc,0.0,0.0,0.0,91
1,[],22,[],2019-04-09 20:17:52,374949.73333333334,0.00000015,0.000000000007771935,7235704,2019-04-09 20:17:52,BTC,6.87372503,0.0,0.00000015,"BTC,LTC",159980.01196797504,1.1e-05,0.80510266,95
0.0000000001309876,[],4,[],2019-05-27 15:05:33,541072615.3140295,3.7986404e-17,3.3384199209783997e-21,7695718,2019-05-27 15:05:33,ltc,11.581305420944636,0.0,0.00000029,ltc,173999557.87897417,0.0,8.608396344199784e-10,96
0,[],12,[],2019-05-27 15:05:35,0.0,0,0,7695719,2019-05-27 15:05:35,btc,10.43997360037962,0.0,0,btc,7755657.03796204,0.0,0.0,96
0,[],17,[],2019-05-03 01:12:32,0.0,0,0,7559100,2019-05-03 01:12:32,btc,0.0,0.0,0,btc,0.0,0.0,0.0,96
1,[],4,[],2019-04-14 03:32:46,1039404.33283278,0.00000038,0.000000000019245518,7293458,2019-04-14 03:32:46,btc,4.170086055365747,0.0,0.00000038,btc,3097704.34561074,0.06260606,0.1859928211030784,99
1,[],4,[],2019-05-27 15:07:36,215313.88741149,0.00001703,0.0000000014966747379999999,7695720,2019-05-27 15:07:36,btc,7.164293384681273,0.0,0.00001703,btc,144358.89174002,0.76598829,0.251735273614214,100
0,[],2,[],2019-01-20 23:23:55,0.0,0,0,6476914,2019-01-20 23:23:55,,0.0,0.0,0,,0.0,0.0,0.0,100
1,[],22,[],2019-05-27 15:07:40,150000.0,0.00000002,0.0000000000017576919999999999,7695721,2019-05-27 15:07:40,BTC,24.83526409,0.0,0.00000002,BTC,11187.719,0.0,0.0017,101
1,[],4,[],2019-05-27 15:07:42,563406.16000354,0.00000161,0.00000000014149420599999998,7695722,2019-05-27 15:07:42,btc,362.2061760884154,0.0,0.00000161,btc,594893.82722868,0.0144047,0.218841418539637,103
1,[],12,[],2019-05-27 15:07:44,139686005.04047254,0.000000004,0.00000000000035153839999999997,7695723,2019-05-27 15:07:44,btc,2379.9697692238938,0.0,0.000000004,btc,57021842.5726873,0.00546520716,0.1688851011618902,105
0,[],27,[],2019-05-27 15:07:49,0.0,0,0,7695724,2019-05-27 15:07:49,,0.2583801973531397,300.0,0,btc,612120.85947933,3e-06,0.0,105
1,[],22,[],2019-04-21 00:17:26,21333.0,0.00000001,0.000000000000532493,7385819,2019-04-21 00:17:26,BTC,51.38182867,0.0,0.00000001,BTC,470435.0,0.0,0.00021333,107
1,[],26,[],2019-04-21 00:17:26,0.0,0.00000000,0,7385820,2019-04-21 00:17:26,btc,0.0,0.0,0.00000000,btc,0.0,0.0,0.0,107
1,[],5,[],2019-05-27 15:07:52,0.0,0,0,7695725,2019-05-27 15:07:52,btc,0.0,0.0001005,0,btc,0.0,0.0,0.0,112
0,[],22,[],2019-05-27 15:07:55,0.0,0,0,7695726,2019-05-27 15:07:55,,2.79635781,0.0,0,,3274992.0833333335,0.0,0.0,112
1,[],27,[],2019-05-27 15:08:01,1.0,0.00000001,0.0000000000008788459999999999,7695727,2019-05-27 15:08:01,btc,1.15032588,0.0,0.00000001,"btc,eth",1818.0,0.0,1e-08,112
1,[],4,[],2019-05-27 15:08:03,184989.10382907,0.00000089,0.00000000007821729399999999,7695728,2019-05-27 15:08:03,btc,4.525951271132634,0.0,0.00000089,btc,564697.98279623,0.06229811,0.1012702596645579,113
1,[],5,[],2019-05-27 15:08:04,0.0,0,0,7695729,2019-05-27 15:08:04,btc,0.0,0.0,0,btc,0.0,0.0,0.0,113
1,[],17,[],2019-04-26 02:17:47,162738.278,0.00000004,0.0000000000021069000000000002,7461287,2019-04-26 02:17:47,btc,1.3331140273775473,0.0,0.00000004,btc,51796.221,0.0,0.00230953112,116
1,[],27,[],2019-05-22 05:13:01,210000.0,0.00000001,0.00000000000079145,7666372,2019-05-22 05:13:01,btc,3919.0005001478,0.0,0.00000001,btc,128660.871,0.0,0.0021,116
1,[],4,[],2019-05-21 22:31:11,138169.03963019,0.00000701,0.000000000558364025,7664793,2019-05-21 22:31:11,btc,150.95388250938234,0.0,0.00000701,btc,344631.17141974,0.07552974,0.4288357684941946,120
1,[],7,[],2019-05-21 22:31:12,3901.07750076,0.000010679999999999999389654892212320191902108490467071533203125,0.0000000008506887,7664794,2019-05-21 22:31:12,btc,231188.94669936574,0.0,0.000010679999999999999389654892212320191902108490467071533203125,btc,4133.83151364,0.0,0.0113888422364489,120
1,[],20,[],2019-04-07 18:42:29,1914137.0852,0.000000035,0.0000000000017871910000000002,7211992,2019-04-07 18:42:29,btc,32.2497668025648,25528.85,0.000000035,btc,1001975.4986,0.00089350975,0.0152723574729,125
1,[],22,[],2019-05-27 15:08:09,10000.0,0.00000001,0.0000000000008788459999999999,7695730,2019-05-27 15:08:09,BTC,0.032061,0.0,0.00000001,BTC,299316.7611111111,0.0,0.0001,126
1,[],4,[],2019-05-27 15:08:11,246844.5576977,0.00000608,0.0000000005343383679999999,7695731,2019-05-27 15:08:11,btc,4.100906139911923,0.0,0.00000608,btc,174804.84123798,0.21016612,0.3877813863490003,131
0,[],2,[],2019-01-20 23:25:46,0.0,0,0,6476969,2019-01-20 23:25:46,,0.0,0.0,0,,0.0,0.0,0.0,131
1,[],17,[],2019-05-03 01:13:10,10000.0,0.00000001,0.000000000000548003,7559115,2019-05-03 01:13:10,btc,0.0953976503951408,0.0,0.00000001,btc,5037.62507334,0.0,0.0001,131
1,[],4,[],2019-05-27 15:10:12,4729.0699421,0.00007919,0.000000006959581473999999,7695732,2019-05-27 15:10:12,btc,5.045799292579427,0.0,0.00007919,btc,247.17378338,0.0,0.006783224809156,135
1,[],3,[],2019-05-27 15:10:13,448112.63331819,0.00000001,0.0000000000008788459999999999,7695733,2019-05-27 15:10:13,btc,0.2186890754189341,1001197.18998,0.00000001,btc,1859371.47493701,0.0,0.0044811263331819,136
1,[],4,[],2019-05-27 15:10:16,2485731.0924187,0.00000197,0.00000000017313266199999997,7695734,2019-05-27 15:10:16,btc,107.36475658330403,0.0,0.00000197,btc,477988.45781391,0.02503801,0.6762775172300758,137
1,[],12,[],2019-05-27 15:10:18,77438.39967716,0.0000022199999999999999207166319348250027587710064835846424102783203125,0.00000000019510381199999998,7695735,2019-05-27 15:10:18,btc,57.77747206195783,0.0,0.0000022199999999999999207166319348250027587710064835846424102783203125,btc,48261.81344692,0.002373873846,0.0190256999999644,137
1,[],4,[],2019-05-27 15:10:18,99236.32761551,0.00001471,0.0000000012927824659999998,7695736,2019-05-27 15:10:18,btc,9.512089848781283,0.0,0.00001471,btc,142339.09003114,0.88523763,1.012310800938737,142
1,[],5,[],2019-05-27 15:10:20,0.0,0,0,7695737,2019-05-27 15:10:20,btc,0.0,0.01771435,0,btc,0.0,0.0,0.0,142
1,[],20,[],2019-05-27 15:12:24,209177.3275,0.00001425,0.0000000012523555499999998,7695738,2019-05-27 15:12:24,btc,1.6066266654234,4.98,0.00001425,btc,9788.8796,7.47e-05,0.0230793786645,142
1,[],22,[],2019-05-27 15:12:27,11028.645,0.00001000,0.0000000008788459999999999,7695739,2019-05-27 15:12:27,BTC,3.2754788,0.0,0.00001000,BTC,1133.9993657797618,0.0,0.00745365,142
0.0,[],25,[],2019-05-27 15:12:28,0.0,0,0,7695740,2019-05-27 15:12:28,,0.0,0.0,0.0,btc,0.0,0.0,0.0,142
0,[],28,[],2019-05-27 15:12:30,0.0,0,0,7695741,2019-05-27 15:12:30,,0.0,0.0,0,,0.0,0.0,0.0,142
1,[],17,[],2019-05-03 01:13:16,32967.38636364,0.00000088,0.000000000048224264,7559122,2019-05-03 01:13:16,btc,20.06976206696776,0.0,0.00000088,btc,2746.079105,0.0,0.0105613000000032,142
0,[],22,[],2019-05-27 15:12:32,0.0,0,0,7695742,2019-05-27 15:12:32,,65.51518676,0.0,0,,839924755.3,0.0,0.0,143
0,[],22,[],2019-02-25 15:42:22,0.0,0,0,6783783,2019-02-25 15:42:22,,4.2131946,0.0,0,,2322156.0,0.0,0.0,146
,[],22,[],2018-11-20 23:01:11,0.0,0,0,4862114,2018-11-20 23:01:11,,2.56807021,0.0,,,61828.4988236,0.0,0.0,147
1,[],12,[],2019-04-21 06:38:04,193091.5971266,0.00000071,0.000000000037635183,7388679,2019-04-21 06:38:04,btc,2.301232411611175,0.0,0.00000071,btc,9957.48302385,0.00023528,0.0313308199999888,148
1,[],4,[],2019-03-19 21:31:25,255810.0415942,0.00000029,0.000000000011615747,6982695,2019-03-19 21:31:25,btc,218.94922712414143,0.0,0.00000029,btc,793529.37642722,0.00117,0.0608347789473395,152
0,[],22,[],2019-03-19 21:31:27,0.0,0,0,6982696,2019-03-19 21:31:27,,0.0,0.0,0,,0.0,0.0,0.0,152
1,[],5,[],2019-04-26 09:36:59,0.0,0,0,7465040,2019-04-26 09:36:59,btc,0.0,0.0,0,btc,0.0,0.0,0.0,153
,[],16,[],2019-01-11 15:38:59,0.0,0,0,6366141,2019-01-11 15:38:59,btc,0.0,0.0,,btc,0.0,0.0,0.0,155
0,[],22,[],2019-05-27 15:12:37,0.0,0,0,7695743,2019-05-27 15:12:37,,7.44455324,0.0,0,,5955762.942592593,0.0,0.0,156
0,[],23,[],2019-01-20 23:24:29,0.0,0,0,6476932,2019-01-20 23:24:29,,0.0,0.0,0,,0.0,0.0,0.0,156
1,[],22,[],2019-05-27 15:12:40,7066.0,0.00000800,0.0000000007030767999999999,7695744,2019-05-27 15:12:40,BTC,1.79802465,0.0,0.00000800,BTC,802.6461988741639,0.0,0.00062996,157
0,[],22,[],2019-05-21 23:40:32,0.0,0,0,7665049,2019-05-21 23:40:32,,50234.60468402,0.0,0,,54786159.03179465,0.0,0.0,158
,[],17,[],2018-11-20 22:56:10,0.0,0,0,4861976,2018-11-20 22:56:10,btc,1.1265625,0.0,,btc,1000.0,0.0,0.0,159
,[],20,[],2018-11-20 22:56:12,0.0,0,0,4861977,2018-11-20 22:56:12,btc,11912.7940471,0.0,,btc,34413894.3617,0.0,0.0,159
1,[],12,[],2019-05-24 02:51:20,9178.522006449999,0.00000191999999999999982841307998027158276954651228152215480804443359375,0.000000000151222656,7676256,2019-05-24 02:51:20,btc,149.80414728631675,0.0,0.00000191999999999999982841307998027158276954651228152215480804443359375,btc,1115.7451448499999,0.01783167678326,0.0120075778999181,168
1,[],17,[],2019-05-03 01:13:36,42852.0,0.00000002,0.000000000001096006,7559132,2019-05-03 01:13:36,btc,0.04279856251542,0.0,0.00000002,btc,274.46171372,0.0,0.00052852,168
1,[],22,[],2019-05-17 03:01:52,10.0,0.00000001,0.000000000000778341,7642059,2019-05-17 03:01:52,BTC,41.95893009,0.0,0.00000001,BTC,1753972.7737547632,0.0,1e-07,169
1,[],22,[],2019-05-27 15:12:43,203664.0,0.00000002,0.0000000000017576919999999999,7695745,2019-05-27 15:12:43,BTC,27.86392436,0.0,0.00000002,BTC,461617.9785507793,0.0,0.00213428,171
1,[],22,[],2019-05-27 15:12:47,374870.0,0.00000002,0.0000000000017576919999999999,7695746,2019-05-27 15:12:47,BTC,24.05839818,0.0,0.00000002,"BTC,LTC",1217800.4355616204,0.001,0.0044847,173
1,[],5,[],2019-05-27 15:12:48,0.0,0,0,7695747,2019-05-27 15:12:48,btc,0.0,0.00213717,0,btc,0.0,0.0,0.0,175
1,[],22,[],2019-05-27 15:12:51,90671.0,0.00000001,0.0000000000008788459999999999,7695748,2019-05-27 15:12:51,BTC,394.35459412,0.0,0.00000001,BTC,136275.61833431243,0.0,0.00090671,176
1,[],7,[],2019-05-27 15:12:52,0.0,0,0,7695749,2019-05-27 15:12:52,btc,522274.2525958015,0.0,0,btc,26477934.13428434,0.0,0.0,178
0,[],22,[],2019-05-27 15:12:54,0.0,0,0,7695750,2019-05-27 15:12:54,,1.00242428,0.0,0,,57512.0,0.0,0.0,178
0,[],2,[],2019-01-20 23:28:34,0.0,0,0,6477001,2019-01-20 23:28:34,,0.0,0.0,0,,0.0,0.0,0.0,178
1,[],5,[],2019-05-27 15:12:56,0.0,0,0,7695751,2019-05-27 15:12:56,btc,0.0,0.05805307,0,btc,0.0,0.0,0.0,179
0,[],22,[],2019-05-27 15:12:59,0.0,0,0,7695752,2019-05-27 15:12:59,,5.31437491,0.0,0,,13411089.311946675,0.0,0.0,179
0,[],23,[],2019-01-20 23:25:08,0.0,0,0,6476952,2019-01-20 23:25:08,,0.0,0.0,0,,0.0,0.0,0.0,179
1,[],22,[],2019-05-27 15:15:08,668207.0606446359,0.00000105,0.00000000009227882999999999,7695753,2019-05-27 15:15:08,BTC,39.29453341,0.0,0.00000105,"BTC,LTC",155164.6732478466,0.00830791,0.56691219,180
1,[],26,[],2019-05-27 15:15:08,0.0,0.00000010,0.000000000008788459999999999,7695754,2019-05-27 15:15:08,btc,0.0,0.0,0.00000010,btc,0.0,0.0,0.0,180
1,[],17,[],2019-05-03 01:13:56,20504.725000000002,0.0000001,0.00000000000548003,7559141,2019-05-03 01:13:56,btc,5.2010695838400265,0.0,0.0000001,btc,5033.45945,0.0,0.0011504725,180
,[],7,[],2018-11-20 22:58:01,562227.975654,0.00000085,0.000000000036176765,4862015,2018-11-20 22:58:01,btc,21836.6059674,2491.87645172,,btc,749999.041456,0.00211021,0.127565380455,183
,[],5,[],2019-01-10 08:11:41,0.0,0,0,6347036,2019-01-10 08:11:41,btc,82.15055501,0.00261,,btc,1.19002445,0.0,0.0,187
,[],17,[],2018-11-16 20:58:10,4062536.27273,0.00000001,0.000000000000550501,4708775,2018-11-16 20:58:10,btc,3.36492563466,0.195460381006,,"btc,eth",110697919.549,0.0,0.0157628953496,187
1,[],24,[],2019-05-22 21:04:52,0.0,0.000000000014,0.0000000000000010960978,7670219,2019-05-22 21:04:52,btc,0.0,0.0,0.000000000014,btc,0.0,0.0,0.0,187
0,[],22,[],2019-04-25 02:54:07,0.0,0,0,7447896,2019-04-25 02:54:07,,7.54794454,0.0,0,,76361.7243344055,0.0,0.0,191
0,[],22,[],2019-05-27 15:15:14,0.0,0,0,7695755,2019-05-27 15:15:14,,0.0,0.0,0,,0.0,0.0,0.0,197
0,[],23,[],2019-01-20 23:31:41,0.0,0,0,6477079,2019-01-20 23:31:41,,0.0,0.0,0,,0.0,0.0,0.0,199
0,[],22,[],2019-05-27 15:15:18,0.0,0,0,7695756,2019-05-27 15:15:18,,10.5564544,0.0,0,,99450037.0,0.0,0.0,199
1,[],26,[],2019-05-27 15:15:19,0.0,0.00000000,0,7695757,2019-05-27 15:15:19,btc,0.0,0.0,0.00000000,btc,0.0,0.0,0.0,199
0,[],2,[],2019-01-20 23:30:49,0.0,0,0,6477059,2019-01-20 23:30:49,,0.0,0.0,0,,0.0,0.0,0.0,201
1,[],4,[],2019-01-25 15:51:35,2084389.58565343,0.00000936,0.000000000333526752,6499557,2019-01-25 15:51:35,btc,2.0092503037378524,0.0,0.00000936,btc,160195.80207885,0.19272417,1.242687955921835,211
1,[],7,[],2019-05-27 15:15:23,1171974809.3159366,0.00000035,0.000000000030759609999999994,7695758,2019-05-27 15:15:23,btc,15202343.789096516,765167.010054,0.00000035,btc,8950683.27657191,0.27074272,12.820219644615392,212
1,[],12,[],2019-01-25 02:44:32,207462.42853209,0.000001080000000000000035831255497387193287295303889550268650054931640625,0.000000000038610756000000006,6493050,2019-01-25 02:44:32,btc,85023.03793723314,0.0,0.000001080000000000000035831255497387193287295303889550268650054931640625,btc,43675.73520027,0.000146250909087,0.0348620860622024,213
1,[],5,[],2019-05-27 15:15:24,0.0,0,0,7695759,2019-05-27 15:15:24,btc,0.0,0.10909882,0,btc,0.0,0.0,0.0,213
1,[],24,[],2019-05-27 15:15:24,0.0,0.000000090000,0.000000000007909614,7695760,2019-05-27 15:15:24,btc,0.0,0.0,0.000000090000,btc,0.0,0.0,0.0,213
1,[],26,[],2019-05-27 15:15:24,0.0,0.00000040,0.000000000035153839999999996,7695761,2019-05-27 15:15:24,btc,0.0,0.0,0.00000040,btc,0.0,0.0,0.0,213
0,[],22,[],2019-05-27 15:15:28,0.0,0,0,7695762,2019-05-27 15:15:28,,9.61445386,0.0,0,,3661587.094064925,0.0,0.0,216
0,[],27,[],2019-05-27 15:15:38,0.0,0,0,7695763,2019-05-27 15:15:38,,70.5932045580052,0.0,0,"btc,ltc",399336.40768,0.0,0.0,216
1,[],22,[],2019-05-27 15:15:41,526671.0,0.00000021,0.000000000018455766,7695764,2019-05-27 15:15:41,BTC,12054.78626181,0.0,0.00000021,BTC,482793.71642271616,0.0,0.02103425,217
1,[],7,[],2019-05-27 15:15:42,0.0,0,0,7695765,2019-05-27 15:15:42,btc,1234863.9718009047,0.0,0,btc,160745512.9208393,0.0,0.0,219
0,[],27,[],2019-05-27 15:15:49,0.0,0,0,7695766,2019-05-27 15:15:49,,0.153164083472,3578038.0,0,btc,828045.8967,0.10734114,0.0,219
0,[],28,[],2019-05-27 15:15:51,0.0,0,0,7695767,2019-05-27 15:15:51,,0.0,6823183.5432,0,,0.0,0.0,0.0,219
1,[],22,[],2019-05-23 16:41:05,172069.0,0.00000004,0.0000000000031167080000000004,7674065,2019-05-23 16:41:05,BTC,56.76466137,0.0,0.00000004,BTC,127061.6482738741,0.0,0.00393676,221
1,[],24,[],2019-05-23 16:41:05,0.0,0.000000010000,0.0000000000007791770000000001,7674066,2019-05-23 16:41:05,btc,0.0,0.0,0.000000010000,btc,0.0,0.0,0.0,221
1,[],20,[],2019-05-27 15:15:53,7389949.177,0.000000003,0.00000000000026365379999999996,7695768,2019-05-27 15:15:53,btc,100050.73112918323,340862.7332,0.000000003,btc,39752517.8618,0.0012549264496,0.0080223680562,224
0,[],22,[],2019-05-27 15:15:56,0.0,0,0,7695769,2019-05-27 15:15:56,,0.0,0.0,0,,0.0,0.0,0.0,224
1,[],26,[],2019-05-27 15:15:56,0.0,0.00000026,0.000000000022849995999999998,7695770,2019-05-27 15:15:56,btc,0.0,0.0,0.00000026,btc,0.0,0.0,0.0,231
1,[],26,[],2019-05-27 15:15:57,0.0,0.00000006,0.000000000005273075999999999,7695771,2019-05-27 15:15:57,btc,0.0,0.0,0.00000006,btc,0.0,0.0,0.0,234
0,[],27,[],2019-05-27 15:16:05,0.0,0,0,7695772,2019-05-27 15:16:05,,0.01134836604,0.0,0,"btc,eth",11462.996,0.0,0.0,234
1,[],4,[],2019-05-22 17:06:12,91780.56053785,0.00000078,0.000000000061977552,7669277,2019-05-22 17:06:12,btc,5.573372450018177,0.0,0.00000078,btc,729173.93529783,0.0,0.0307060663355679,236
1,[],24,[],2019-05-22 17:06:12,0.0,0.000000010000,0.000000000000794584,7669278,2019-05-22 17:06:12,btc,0.0,0.0,0.000000010000,btc,0.0,0.0,0.0,236
1,[],5,[],2019-05-27 15:16:07,0.0,0,0,7695773,2019-05-27 15:16:07,btc,0.0,0.10971738,0,btc,0.0,0.0,0.0,237
1,[],20,[],2019-05-27 15:16:09,120818905.6372,0.000000037,0.0000000000032517301999999996,7695774,2019-05-27 15:16:09,btc,58794.12818577223,16237164.5998,0.000000037,btc,42438766.3023,0.6671424080264,0.4652853566526,237
1,[],22,[],2019-05-27 15:16:12,363100.0,0.00000003,0.0000000000026365379999999996,7695775,2019-05-27 15:16:12,BTC,1.20267422,0.0,0.00000003,"BTC,LTC",17930.94871794872,0.0,0.009791,237
1,[],4,[],2019-05-27 15:16:13,26402676.71844403,0.00000012,0.000000000010546151999999999,7695776,2019-05-27 15:16:13,btc,3.2096368615678217,0.0,0.00000012,btc,9050206.98622656,0.0867281,0.5064401274334613,238
1,[],5,[],2019-05-27 15:16:14,0.0,0,0,7695777,2019-05-27 15:16:14,btc,0.0,0.00598144,0,btc,0.0,0.0,0.0,238
0,[],22,[],2019-03-12 16:49:32,0.0,0,0,6914458,2019-03-12 16:49:32,,0.40415746,0.0,0,,526736.5639027493,0.0,0.0,249
0,[],22,[],2019-05-27 15:16:17,0.0,0,0,7695778,2019-05-27 15:16:17,,13.44714864,0.0,0,,43777534.3426455,0.0,0.0,252
0,[],28,[],2019-05-27 15:16:19,0.0,0,0,7695779,2019-05-27 15:16:19,,0.0,202962.620086,0,,0.0,0.0,0.0,256
1,[],22,[],2019-05-27 15:16:22,1051629.0,0.00000001,0.0000000000008788459999999999,7695780,2019-05-27 15:16:22,BTC,21.85890394,0.0,0.00000001,BTC,545143.7509808998,8.82e-06,0.01051629,258
1,[],22,[],2019-05-19 18:12:02,400.0,0.00000001,0.0000000000007957800000000001,7653905,2019-05-19 18:12:02,BTC,2.415167,0.0,0.00000001,BTC,157.0,0.0,4e-06,259
1,[],5,[],2019-05-27 15:16:25,0.0,0,0,7695781,2019-05-27 15:16:25,btc,0.0,0.06506239,0,btc,0.0,0.0,0.0,264
1,[],20,[],2019-05-27 15:16:27,980215.6101,0.000000141,0.0000000000123917286,7695782,2019-05-27 15:16:27,btc,0.9781749883409,34445.0479,0.000000141,btc,52160.9707,0.018608795628,0.0109257346087,264
0,[],22,[],2019-04-12 17:57:27,0.0,0,0,7278186,2019-04-12 17:57:27,,66.37522201,0.0,0,,677842.4169881374,0.0,0.0,271
0,[],22,[],2019-05-27 15:16:31,0.0,0,0,7695783,2019-05-27 15:16:31,,33050470.74998113,0.0,0,,14361377780.7,0.0,0.0,272
0,[],28,[],2019-05-27 15:16:34,0.0,0,0,7695784,2019-05-27 15:16:34,,0.0,57863246845.344,0,,0.0,0.0,0.0,272
1,[],22,[],2019-05-23 07:12:29,219930.0,0.00000004,0.000000000003048688,7671985,2019-05-23 07:12:29,BTC,426.77835217,0.0,0.00000004,BTC,248664.3325962929,0.0,0.00739728,281
1,[],22,[],2019-05-27 15:16:39,583714.6,0.00000006,0.000000000005273075999999999,7695785,2019-05-27 15:16:39,BTC,31.63007382,0.0,0.00000006,"BTC,LTC",1187082.857672661,0.00773364,0.02308201,286
0,[],22,[],2019-05-27 15:16:41,0.0,0,0,7695786,2019-05-27 15:16:41,,7337904.52734956,0.0,0,,1960786582.6797826,0.0,0.0,294
