pairValue,buyBook,exchangeId,sellBook,updated,buyTotal,satoshiPrice,usdPrice,exchangeLogId,created,bestPair,sellTotalBtc,volume,pairPrice,activePairs,sellTotal,volumeBtc,buyTotalBtc,coinId
1,[],3,[],2019-05-11 22:00:12,32411.914280581932,0.0116335899999999992093790979197365231812000274658203125,0.0000008143408297689999,7617125,2019-05-11 22:00:12,btc,34.61958549966213,115.647495789,0.0116335899999999992093790979197365231812000274658203125,btc,14.531936468960001,0.0,0.7403609499074253,1
1,[],4,[],2019-05-11 22:00:13,251112.40161694,0.01111648,0.000000778143595168,7617126,2019-05-11 22:00:13,btc,9.444832714779961,0.0,0.01111648,btc,398.91874826,3.90486528,0.4710482530185978,1
1,[],5,[],2019-05-11 22:00:15,0.0,0,0,7617127,2019-05-11 22:00:15,btc,0.0,0.13807824,0,btc,0.0,0.0,0.0,1
1,[],10,[],2019-05-11 22:00:17,253854.67122293,0.00911013,0.0000006377009008829999,7617128,2019-05-11 22:00:17,btc,6525.3245158606605,1817.94350424,0.00911013,btc,1474.9159223,0.0,3.575644988926834,1
1,[],12,[],2019-05-11 22:00:20,80.06598184,0.0110500000000000007938094626069869264028966426849365234375,0.000000773490055,7617129,2019-05-11 22:00:20,btc,0.218626814256,0.0,0.0110500000000000007938094626069869264028966426849365234375,btc,16.03270825,0.8855519150927,0.3872159816724,1
1,[],20,[],2019-05-11 22:00:22,975.3763,0.010700243,0.0000007490073797813,7617130,2019-05-11 22:00:22,btc,0.0780276434287,0.2814,0.010700243,btc,5.1404,0.0031942184444,0.1756081990561,1
1,[],21,[],2019-05-11 22:00:23,2163.64763273,0.01108818999999999950489826261,0.000000776163320629,7617131,2019-05-11 22:00:23,btc,16.944621688983368,6620.23816138,0.01108818999999999950489826261446069111116230487823486328125,"btc,eth",1976.65258993,67.16172094995841,14.655410519993556,1
0,[],22,[],2019-05-11 22:00:26,0.0,0,0,7617132,2019-05-11 22:00:26,,0.3163308,0.0,0,,0.2527518593615956,0.0,0.0,1
1,[],24,[],2019-05-11 22:00:27,0.0,0.000000000000,0,7617133,2019-05-11 22:00:27,btc,0.0,0.0,0.000000000000,btc,0.0,0.0,0.0,1
0.0,[],25,[],2019-05-11 22:00:28,0.0,0,0,7617134,2019-05-11 22:00:28,btc,13.099999999624172,2171.370303,0.0,btc,1147.97922945,23.5361,0.0,1
1,[],26,[],2019-05-11 22:00:30,0.0,0,0,7617135,2019-05-11 22:00:30,,0.0,0.0,0,,0.0,0.0,0.0,1
1,[],28,[],2019-05-11 22:01:22,989.066,0.01131000,0.000000791689821,7617136,2019-05-11 22:01:22,btc,0.160832048,356107.8798,0.01131000,btc,8.7307,0.0,0.025728756,1
0,[],2,[],2019-01-20 23:28:45,0.0,0,0,6477011,2019-01-20 23:28:45,,0.0,0.0,0,,0.0,0.0,0.0,1
1,[],5,[],2019-05-11 22:01:23,0.0,0,0,7617137,2019-05-11 22:01:23,btc,0.0,0.00034758,0,btc,0.0,0.0,0.0,2
1,[],22,[],2019-05-11 22:01:27,12625.0,0.00000018,0.000000000012599838,7617138,2019-05-11 22:01:27,BTC,21.00846647,0.0,0.00000018,"BTC,XMR",24148.96059725142,0.0,0.00158221,2
1,[],5,[],2019-05-11 22:01:30,0.0,0,0,7617139,2019-05-11 22:01:30,btc,0.0,0.08895607,0,btc,0.0,0.0,0.0,3
1,[],12,[],2019-05-11 22:01:31,3306937.36578643,0.000000145,0.000000000010149869499999999,7617140,2019-05-11 22:01:31,btc,2714597.2782057426,0.0,0.000000145,btc,3316545.49178635,0.3086217718816809,0.3588519325414759,3
0,[],28,[],2019-05-11 22:01:33,0.0,0,0,7617141,2019-05-11 22:01:33,,0.0,0.0,0,,0.0,0.0,0.0,3
0,[],2,[],2019-01-20 23:31:32,0.0,0,0,6477077,2019-01-20 23:31:32,,0.0,0.0,0,,0.0,0.0,0.0,4
1,[],4,[],2019-04-26 19:14:12,610911.70993152,0.00000026,0.000000000013566046,7471614,2019-04-26 19:14:12,btc,31.457742656463164,0.0,0.00000026,btc,718733.71307795,0.00142695,0.0638464483338706,4
0,[],12,[],2019-04-25 23:08:22,0.0,0,0,7459310,2019-04-25 23:08:22,btc,1111851.94727753,0.0,0,btc,953412.0,0.0,0.0,5
0,[],2,[],2019-01-20 23:31:51,0.0,0,0,6477087,2019-01-20 23:31:51,,0.0,0.0,0,,0.0,0.0,0.0,6
1,[],11,[],2019-05-11 22:01:35,5042415.307535999,0.00000001,0.000000000000699991,7617142,2019-05-11 22:01:35,btc,9576.518911699495,10000.0,0.00000001,btc,47478529.75253575,0.0,0.05042415307536,6
1,[],3,[],2019-05-11 22:01:36,11168.93453278774,0.0001397600000000000035858815916611774810007773339748382568359375,0.000000009783074216,7617143,2019-05-11 22:01:36,btc,14.860151143660037,72.2557011207,0.0001397600000000000035858815916611774810007773339748382568359375,btc,339.998219854109,0.0,0.03855660516697192,7
1,[],4,[],2019-05-11 22:01:37,54825.48617961,0.00013500,0.0000000094498785,7617144,2019-05-11 22:01:37,btc,8.129762022648137,0.0,0.00013500,btc,36387.48557771,4.238351,3.565302838021812,7
1,[],5,[],2019-05-11 22:01:38,0.0,0,0,7617145,2019-05-11 22:01:38,btc,0.0,0.4261865,0,btc,0.0,0.0,0.0,7
1,[],20,[],2019-04-07 22:06:50,3201475.0482,0.000000001,0.000000000000051590000000000004,7213932,2019-04-07 22:06:50,btc,30.8005781811902,0.0,0.000000001,btc,23077405.3926,0.0,0.0032014750482,8
0,[],2,[],2019-01-20 23:22:42,0.0,0,0,6476876,2019-01-20 23:22:42,,0.0,0.0,0,,0.0,0.0,0.0,9
0,[],23,[],2019-01-20 23:22:48,0.0,0,0,6476878,2019-01-20 23:22:48,,0.0,0.0,0,,0.0,0.0,0.0,9
1,[],4,[],2019-05-11 22:01:40,23553277.02531422,0.00000065,0.000000000045499415,7617146,2019-05-11 22:01:40,btc,4.357979460912507,0.0,0.00000065,btc,3364111.99686785,1.14316657,0.7310715719047473,9
1,[],28,[],2019-05-11 22:02:19,18055.0,0.00000021,0.000000000014699811,7617147,2019-05-11 22:02:19,btc,2708.775233808764,3508066.0,0.00000021,btc,25766.3492,0.0,0.00186155,9
1,[],1,[],2019-02-17 23:31:42,1822507.21,0.00000181000000000000003456111265232042484285557293333113193511962890625,0.000000000066086901,6701244,2019-02-17 23:31:42,btc,3.6990969245,17153386.5,0.00000181000000000000003456111265232042484285557293333113193511962890625,btc,1997391.71,31.11772986,3.2610482446,9
1,[],4,[],2019-02-17 11:22:43,4341674.27126056,0.00000002,0.0000000000007272960000000001,6696112,2019-02-17 11:22:43,btc,0.1997230937751353,0.0,0.00000002,btc,4109766.79808031,0.00215132,0.0479381022052112,10
0,[],2,[],2019-01-20 23:23:08,0.0,0,0,6476890,2019-01-20 23:23:08,,0.0,0.0,0,,0.0,0.0,0.0,12
1,[],4,[],2019-05-11 22:02:20,9859545.77266278,0.00000079,0.000000000055299289,7617148,2019-05-11 22:02:20,btc,6.545890784874838,0.0,0.00000079,btc,4685222.21885676,0.99757,4.15072136278952,12
1,[],5,[],2019-05-11 22:02:22,0.0,0,0,7617149,2019-05-11 22:02:22,btc,0.0,0.09762704,0,btc,0.0,0.0,0.0,12
0.0,[],25,[],2019-05-11 22:02:24,0.0,0,0,7617150,2019-05-11 22:02:24,,0.0,0.0,0.0,btc,0.0,0.0,0.0,12
1,[],4,[],2019-05-11 22:02:25,32194279.00510267,0.00000606,0.000000000424194546,7617151,2019-05-11 22:02:25,btc,2.33676131387206,0.0,0.00000606,btc,284276.97098901,1.19370612,1.162517315299211,13
1,[],21,[],2019-05-11 22:02:29,2936240.29523717,0.000006090000000000000137344562806,0.000000000426294519,7617152,2019-05-11 22:02:29,btc,3.079129175754607,1613482.44753228,0.0000060900000000000001373445628061187306911961059086024761199951171875,btc,449288.60681178997,9.84321103,15.77876318611506,13
1,[],10,[],2019-05-11 20:02:18,704121.14730092,0.00000596,0.00000000041184970799999994,7616905,2019-05-11 20:02:18,btc,666793.5884570029,23081.8067273,0.00000596,btc,730209.10701226,0.0,0.5071980303328028,13
1,[],4,[],2019-05-11 22:02:31,1010881.03376008,0.00000084,0.000000000058799244,7617153,2019-05-11 22:02:31,btc,8.121170230858123,0.0,0.00000084,btc,1264767.89979107,0.01940279,0.169562180939182,14
1,[],12,[],2019-05-11 22:02:32,249129.21153264,0.00000085,0.000000000059499235,7617154,2019-05-11 22:02:32,btc,0.1187516700632496,0.0,0.00000085,btc,14931.03903504,0.0,0.0243930199999749,14
1,[],26,[],2019-05-11 22:04:32,0.0,0.00000050,0.00000000003499955,7617155,2019-05-11 22:04:32,btc,0.0,0.0,0.00000050,btc,0.0,0.0,0.0,14
0,[],17,[],2019-05-03 00:53:32,0.0,0,0,7558876,2019-05-03 00:53:32,btc,0.0,0.0,0,btc,0.0,0.0,0.0,14
0,[],4,[],2019-05-11 22:04:33,0.0,0,0,7617156,2019-05-11 22:04:33,,0.0,0.0,0,,0.0,0.0,0.0,15
,[],12,[],2018-12-01 15:15:48,204241.84496,0.00000489,0.000000000202473384,5260204,2018-12-01 15:15:48,btc,49.5475654835,0.0,,btc,35763.2193806,0.0163153972027625,0.0203389899998,15
0,[],2,[],2019-01-20 23:23:38,0.0,0,0,6476906,2019-01-20 23:23:38,,0.0,0.0,0,,0.0,0.0,0.0,18
1,[],4,[],2019-05-11 22:04:35,32101.41267163,0.00001230,0.00000000086098893,7617157,2019-05-11 22:04:35,btc,1.0978406855372098,0.0,0.00001230,btc,13426.00882517,0.11051195,0.0598456379339232,18
1,[],10,[],2019-05-11 22:04:37,334105.80514765,0.00001498,0.0000000010485865180000001,7617158,2019-05-11 22:04:37,btc,15.409051604542404,2626.95557308,0.00001498,btc,9963.70135075,0.0,0.5009176251749989,18
1,[],12,[],2019-05-11 22:04:38,221542.62438644,0.000013950000000000000268708666428807418924407102167606353759765625,0.000000000976487445,7617159,2019-05-11 22:04:38,btc,33215.328486843944,0.0,0.000013950000000000000268708666428807418924407102167606353759765625,btc,1818.7658888400001,0.0042314877368591,0.0175187015813597,18
0,[],17,[],2019-05-03 00:53:39,0.0,0,0,7558882,2019-05-03 00:53:39,btc,0.0,0.0,0,btc,0.0,0.0,0.0,18
0,[],2,[],2019-01-20 23:24:19,0.0,0,0,6476924,2019-01-20 23:24:19,,0.0,0.0,0,,0.0,0.0,0.0,19
1,[],3,[],2019-05-11 22:06:38,163795.3240198978,0.0000128900000000000002531481968492954592875321395695209503173828125,0.0000000009022883990000001,7617160,2019-05-11 22:06:38,btc,0.2563276258550307,877.526669329,0.0000128900000000000002531481968492954592875321395695209503173828125,btc,7252.566877867577,0.0,0.10254574397322742,19
1,[],4,[],2019-05-11 22:06:39,407026.35073915,0.00001311,0.000000000917688201,7617161,2019-05-11 22:06:39,btc,3.447927101660072,0.0,0.00001311,btc,114082.55180002,0.26030936,0.6283975534208791,19
1,[],5,[],2019-05-11 22:06:42,0.0,0,0,7617162,2019-05-11 22:06:42,btc,0.0,0.00066658,0,btc,0.0,0.0,0.0,19
1,[],12,[],2019-05-11 22:06:44,207330.303696,0.000012239999999999999700226772925137908032411360181868076324462890625,0.000000000856788984,7617163,2019-05-11 22:06:44,btc,0.3021233321641617,0.0,0.000012239999999999999700226772925137908032411360181868076324462890625,btc,3015.57901296,0.0001224,0.0820490899998166,19
1,[],27,[],2019-05-11 22:06:52,100.0,0.0000001,0.00000000000699991,7617164,2019-05-11 22:06:52,btc,0.0,0.0,0.0000001,btc,0.0,0.0,1e-05,19
1,[],4,[],2019-05-11 22:06:53,1835078.57391266,0.00000009,0.000000000006299919,7617165,2019-05-11 22:06:53,btc,5.279309685630553,0.0,0.00000009,btc,2279170.28595418,0.0,0.0608465352282092,20
1,[],4,[],2019-05-11 22:06:54,73319152.80551691,0.00000001,0.000000000000699991,7617166,2019-05-11 22:06:54,btc,1831.8827586720074,0.0,0.00000001,btc,55179405.04778949,0.00022487,0.7331915280551692,21
1,[],12,[],2019-05-11 22:06:55,5195602.0,0.00000001,0.000000000000699991,7617167,2019-05-11 22:06:55,btc,2895.661719010819,0.0,0.00000001,btc,7235925.79820176,0.00017748,0.05195602,21
0,[],17,[],2019-05-03 00:53:51,0.0,0,0,7558891,2019-05-03 00:53:51,btc,0.0,0.0,0,btc,0.0,0.0,0.0,21
1,[],12,[],2019-05-11 22:08:56,7795469603.296512,0.0000000005,0.00000000000003499955,7617168,2019-05-11 22:08:56,btc,311121829959.7008,0.0,0.0000000005,btc,2618316233.769635,0.13457638510389616,1.8303903855482557,23
0.000000000282135,[],27,[],2019-05-11 22:09:04,15284978.0,5.6427e-18,3.9498392157e-22,7617169,2019-05-11 22:09:04,eth,184.013745279652,714187872.542,0.00000002,eth,5456507.2284,4.02994790815575e-09,5.2858861225799997e-11,23
1,[],4,[],2019-05-11 22:09:05,745352.44086146,0.00000030,0.00000000002099973,7617170,2019-05-11 22:09:05,btc,13.907205649900789,0.0,0.00000030,btc,2068110.63294104,0.03062392,0.0432883308896,24
1,[],22,[],2019-05-11 22:09:08,21.76,0.00000100,0.0000000000699991,7617171,2019-05-11 22:09:08,BTC,7.415e-05,0.0,0.00000100,BTC,23.919354838709676,0.0,1.186e-05,24
0.0,[],25,[],2019-05-11 22:09:10,0.0,0,0,7617172,2019-05-11 22:09:10,,0.0,0.0,0.0,btc,0.0,0.0,0.0,24
1,[],4,[],2019-05-11 22:09:11,26989826.12789197,0.00000427,0.000000000298896157,7617173,2019-05-11 22:09:11,btc,11.30013542516251,0.0,0.00000427,btc,330698.87750431,0.06575269,0.5020282260863054,26
1,[],10,[],2019-05-11 22:09:13,158531.32050974,0.00000802,0.0000000005613927819999999,7617174,2019-05-11 22:09:13,btc,25.84480302551949,3621.49634269,0.00000802,btc,19849.69690304,0.0,0.0654956684864123,26
0,[],2,[],2019-01-20 23:25:56,0.0,0,0,6476976,2019-01-20 23:25:56,,0.0,0.0,0,,0.0,0.0,0.0,26
1,[],11,[],2019-04-30 04:16:17,7094566.83690364,0.00000006,0.000000000003115554,7518027,2019-04-30 04:16:17,btc,67504.138725751,6116.07566417,0.00000006,btc,6591680.7351637,0.0,0.38529422037817224,27
1,[],5,[],2019-04-26 09:47:06,0.0,0,0,7465326,2019-04-26 09:47:06,btc,0.0,0.0,0,btc,0.0,0.0,0.0,27
1,[],3,[],2019-04-28 02:38:55,141621.60361514,0.00000001,0.0000000000005253330000000001,7491060,2019-04-28 02:38:55,btc,2.501704004580372,921815.184511,0.00000001,btc,21091882.2176418,0.0,0.0014162160361513999,27
1,[],4,[],2019-05-11 22:09:14,1440470092.0878835,0.00000001,0.000000000000699991,7617175,2019-05-11 22:09:14,btc,5.118925960972684,0.0,0.00000001,"btc,ltc",309794828.70800805,0.07672356,9.495210719654187,29
1,[],7,[],2019-05-11 22:09:15,113385941.7229273,0.00000001,0.000000000000699991,7617176,2019-05-11 22:09:15,btc,46550610.563016795,0.0,0.00000001,btc,43183306.32242329,0.0,1.133859417229273,29
1,[],4,[],2019-05-11 22:09:16,1567401.16000815,0.00000011,0.000000000007699901,7617177,2019-05-11 22:09:16,btc,2.5845436016638264,0.0,0.00000011,btc,2063128.84218893,0.00012954,0.0383575571522799,30
0,[],17,[],2019-05-03 01:11:25,0.0,0,0,7559066,2019-05-03 01:11:25,btc,0.0,0.0,0,btc,0.0,0.0,0.0,30
1,[],4,[],2019-05-11 22:11:18,178324.81095991,0.00005372,0.000000003760351652,7617178,2019-05-11 22:11:18,btc,6.1776231460502675,0.0,0.00005372,btc,59716.20119469,1.10026537,1.05029403254911,31
1,[],21,[],2019-05-11 22:11:19,73725.25717325,0.00005438999999999999932810690328,0.000000003807251049,7617179,2019-05-11 22:11:19,btc,4.001586101010935,331799.88580023,0.00005438999999999999932810690328466307619237340986728668212890625,btc,67080.58000279,18.19249409,3.510156240665207,31
0,[],2,[],2019-01-20 23:28:43,0.0,0,0,6477009,2019-01-20 23:28:43,,0.0,0.0,0,,0.0,0.0,0.0,32
0,[],4,[],2019-05-11 22:11:20,0.0,0,0,7617180,2019-05-11 22:11:20,,0.0,0.0,0,,0.0,0.0,0.0,33
1,[],12,[],2019-03-30 07:55:10,40641173.964,0.00000003,0.000000000001228359,7108785,2019-03-30 07:55:10,btc,4233210.82356125,0.0,0.00000003,btc,28378394.68333462,0.0126927883965248,0.90752895892,33
0,[],4,[],2019-05-11 22:11:21,0.0,0,0,7617181,2019-05-11 22:11:21,,3.131930234403139,0.0,0,,138635404.28265294,0.01505719,0.0,34
1,[],5,[],2019-05-11 22:11:22,0.0,0,0,7617182,2019-05-11 22:11:22,btc,0.0,0.00430278,0,btc,0.0,0.0,0.0,34
0.000000000133684,[],4,[],2019-05-02 18:17:45,3384239970.6360936,1.3368400000000002e-18,7.293946092400001e-23,7556428,2019-05-02 18:17:45,ltc,5.381102735485169e-08,0.0,0.00000001,ltc,6862894551.7408495,0.0,4.524187362345155e-09,36
1,[],5,[],2019-05-02 18:17:46,0.0,0,0,7556429,2019-05-02 18:17:46,btc,0.0,0.0,0,btc,0.0,0.0,0.0,36
0.0000000002926451,[],17,[],2019-05-02 18:17:47,200000.0,2.9264510000000002e-18,1.596703856561e-22,7556430,2019-05-02 18:17:47,eth,0.20942468735267253,0.0,0.00000001,"btc,eth",1018272.20243647,0.0,5.852902e-13,36
0.000000000133684,[],27,[],2019-05-02 18:17:55,7883196.008,1.3368400000000002e-18,7.293946092400001e-23,7556431,2019-05-02 18:17:55,ltc,25567.4086131264,0.0,0.00000001,"ltc,eth",21753551.64,0.0,1.0538571751334722e-11,36
1,[],4,[],2019-05-11 22:11:23,262316.54881372,0.00000021,0.000000000014699811,7617183,2019-05-11 22:11:23,btc,19772.871544258807,0.0,0.00000021,btc,952676.36850569,0.01322588,0.019278077352695,37
1,[],12,[],2019-05-11 22:11:24,1312291.95238094,0.00000021,0.000000000014699811,7617184,2019-05-11 22:11:24,btc,19604.338252775564,0.0,0.00000021,btc,408180.20812284,0.0382135748483198,0.13309277999999738,37
1,[],27,[],2019-05-11 22:13:30,1600.0,0.00000015,0.000000000010499865,7617185,2019-05-11 22:13:30,btc,24.12824334291843,0.0,0.00000015,btc,5839.49448498,0.0,3e-05,37
1,[],17,[],2019-05-03 01:11:36,211752.74075282,0.00000025,0.000000000013700074999999998,7559074,2019-05-03 01:11:36,btc,0.055484923955058496,0.0,0.00000025,"btc,eth",1387.19918473,0.0,0.0005381851887916605,37
1,[],5,[],2019-05-11 22:13:32,0.0,0,0,7617186,2019-05-11 22:13:32,btc,0.0,0.06928286,0,btc,0.0,0.0,0.0,42
1,[],12,[],2019-05-11 22:13:33,358501.95388612,0.00000302999999999999978877139594768408414893201552331447601318359375,0.000000000212097273,7617187,2019-05-11 22:13:33,btc,2227607.635744574,0.0,0.00000302999999999999978877139594768408414893201552331447601318359375,btc,70436.8389246,0.4077096188417911,0.0846842982213097,42
1,[],27,[],2019-05-11 22:13:40,506.0,0.00000002,0.000000000001399982,7617188,2019-05-11 22:13:40,btc,1.22636089793465,0.0,0.00000002,"btc,eth",1336.4475157,0.0,3.000000438889206e-06,42
1,[],12,[],2019-03-13 09:13:29,1112112.0,0.00000001,0.000000000000386531,6919902,2019-03-13 09:13:29,btc,29058.00478931866,0.0,0.00000001,btc,5967681.93306694,9.99000999e-07,0.01112112,43
1,[],5,[],2019-04-26 22:38:52,0.0,0,0,7474154,2019-04-26 22:38:52,btc,0.0,0.02638891,0,btc,0.0,0.0,0.0,43
0,[],17,[],2019-04-26 22:38:53,0.0,0,0,7474155,2019-04-26 22:38:53,btc,0.0,0.0,0,btc,0.0,0.0,0.0,43
1,[],12,[],2019-03-05 01:54:08,639326.02,0.00000004,0.000000000001486676,6845775,2019-03-05 01:54:08,btc,11116042.728239931,0.0,0.00000004,btc,1103841.4595604,0.0003330765234764,0.014975410599999999,44
1,[],4,[],2019-05-11 22:13:41,130105357.71668,0.00000001,0.000000000000699991,7617189,2019-05-11 22:13:41,btc,436.8252341168153,0.0,0.00000001,"btc,ltc",23049031.09584506,0.00119067,0.2725683068330301,49
1,[],4,[],2019-05-11 22:13:42,75549384.61543706,0.00000001,0.000000000000699991,7617190,2019-05-11 22:13:42,btc,21662.482688831144,0.0,0.00000001,"btc,ltc",107207365.07184759,0.07017332,0.03488379368161078,52
0,[],22,[],2019-05-11 22:13:45,0.0,0,0,7617191,2019-05-11 22:13:45,,10289.64343849,0.0,0,,311140042.4566013,0.0,0.0,57
0,[],27,[],2019-05-11 22:13:51,0.0,0,0,7617192,2019-05-11 22:13:51,,0.0,0.0,0,"btc,eth",0.0,0.0,0.0,57
0.0000000001300512,[],4,[],2019-05-11 22:13:53,1049369965.9406304,1.300512e-18,9.10346695392e-23,7617193,2019-05-11 22:13:53,ltc,19.110263549877015,0.0,0.00000001,ltc,6047914786.257433,0.0,1.3647182331453812e-09,58
1,[],12,[],2019-05-11 22:13:54,1507964271.0,0.0000000001,0.0000000000000069999100000000006,7617194,2019-05-11 22:13:54,btc,120199320.24942818,0.0,0.0000000001,btc,4534497700.212796,0.00838738772087912,0.15079642710000002,58
0.0000000001118167,[],22,[],2019-05-11 22:15:58,137323.0,1.1181669999999999e-18,7.827068364969999e-23,7617195,2019-05-11 22:15:58,XMR,69.17947824,0.0,0.00000001,XMR,9887848.044444444,0.0,0.00137323,58
1,[],17,[],2019-05-03 01:12:09,1200000.0,0.0000000001,0.00000000000000548003,7559085,2019-05-03 01:12:09,btc,1e+24,0.0,0.0000000001,"btc,eth",39516342.31952568,0.0,0.00010000000058666061,58
1,[],5,[],2019-05-11 22:15:59,0.0,0,0,7617196,2019-05-11 22:15:59,btc,0.0,0.06520687,0,btc,0.0,0.0,0.0,61
1,[],22,[],2019-05-11 22:16:02,13613.833333333334,0.00000012,0.000000000008399892,7617197,2019-05-11 22:16:02,BTC,1002.29626883,0.0,0.00000012,BTC,15392.180177125656,0.0,0.00153269,61
1,[],26,[],2019-05-11 22:16:02,0.0,0.00000050,0.00000000003499955,7617198,2019-05-11 22:16:02,btc,0.0,0.0,0.00000050,btc,0.0,0.0,0.0,61
0.000000000282135,[],27,[],2019-05-11 22:16:13,100000.0,2.82135e-18,1.97491960785e-22,7617199,2019-05-11 22:16:13,eth,1.9482732497246655,0.0,0.00000001,"btc,eth",13266.51663696,0.0,2.82135e-13,61
1,[],28,[],2019-05-11 22:16:59,1039.304,0.00000008,0.000000000005599928,7617200,2019-05-11 22:16:59,btc,2.056501795415105,777.0,0.00000008,btc,10022.46650005,0.0,2.439304e-05,61
1,[],4,[],2019-05-11 22:17:00,1206989.67908062,0.00000099,0.000000000069299109,7617201,2019-05-11 22:17:00,btc,2.1513496048056897,0.0,0.00000099,btc,710642.45450954,0.08931724,0.785655645161191,67
0.0,[],25,[],2019-05-11 22:17:01,0.0,0,0,7617202,2019-05-11 22:17:01,,0.0,0.0,0.0,btc,0.0,0.0,0.0,67
1,[],12,[],2019-05-11 22:17:03,1438770.0,0.0000001,0.00000000000699991,7617203,2019-05-11 22:17:03,btc,55556353.360032216,0.0,0.0000001,btc,1529080.72929508,0.0005344487612395,0.02188475,71
,[],5,[],2018-11-20 23:02:39,1.5e-07,0.00000005,0.000000000002128045,4862160,2018-11-20 23:02:39,btc,2.84511358,0.0,,btc,0.00036572,0.0,0.07381892,74
1,[],5,[],2019-05-11 22:17:05,0.0,0,0,7617204,2019-05-11 22:17:05,btc,0.0,0.01088419,0,btc,0.0,0.0,0.0,75
0,[],20,[],2019-01-25 09:30:31,0.0,0,0,6495923,2019-01-25 09:30:31,btc,0.0,0.0,0,btc,0.0,0.0,0.0,81
0,[],4,[],2019-05-11 22:17:06,0.0,0,0,7617205,2019-05-11 22:17:06,,133647.3445887475,0.0,0,,34200062.02546142,0.00136741,0.0,81
1,[],4,[],2019-05-11 22:17:08,27248.97176889,0.00006808,0.000000004765538728,7617206,2019-05-11 22:17:08,btc,18.836147297451568,0.0,0.00006808,btc,29485.18270303,0.79421588,0.2878780045714227,82
1,[],21,[],2019-05-11 22:17:08,248960.690447,0.00006451000000000000407941042058,0.000000004515641941,7617207,2019-05-11 22:17:08,btc,2.874759601181298,7764.99748441,0.000064510000000000004079410420576579099360969848930835723876953125,btc,37493.99654056,0.50667584,1.4272132283377077,82
0,[],17,[],2019-03-25 22:42:34,0.0,0,0,7038780,2019-03-25 22:42:34,btc,0.0445064681804024,0.0,0,btc,995513.18476001,0.0,0.0,84
0.00000000013644,[],4,[],2019-05-01 19:17:39,299701867.376,1.3644e-18,7.259508504e-23,7542161,2019-05-01 19:17:39,ltc,1.6769037726995486,0.0,0.00000001,ltc,427823536.87452894,0.00010978,4.089132278478144e-10,85
,[],22,[],2018-11-20 23:09:34,3408.1,0.0000001,0.0000000000041895,4862324,2018-11-20 23:09:34,BTC,0.04624735,0.0,,BTC,4990.0,0.0,0.00033081,86
1,[],22,[],2019-05-11 22:17:12,85999.0,0.00000001,0.000000000000699991,7617208,2019-05-11 22:17:12,BTC,3.66445213,0.0,0.00000001,BTC,336978.29736842104,4e-05,0.00085999,87
1,[],27,[],2019-05-11 22:17:19,10674.0,0.00000001,0.000000000000699991,7617209,2019-05-11 22:17:19,btc,4.960708560736,0.0,0.00000001,btc,10217.62841,0.0,0.00010674,87
,[],2,[],2018-11-20 23:10:47,0.0,0,0,4862359,2018-11-20 23:10:47,,0.0,0.0,,,0.0,0.0,0.0,88
1,[],11,[],2019-05-11 22:17:21,78015.44131062,0.00013699999999999999612983192509574337236699648201465606689453125,0.000000009589876699999999,7617210,2019-05-11 22:17:21,btc,176.8467268646771,4892.29129458,0.00013699999999999999612983192509574337236699648201465606689453125,btc,191018.06897584,0.0,4.452232731159927,89
0,[],2,[],2019-01-20 23:31:45,0.0,0,0,6477083,2019-01-20 23:31:45,,0.0,0.0,0,,0.0,0.0,0.0,91
0,[],17,[],2019-05-03 01:12:26,0.0,0,0,7559096,2019-05-03 01:12:26,btc,0.0,0.0,0,btc,0.0,0.0,0.0,91
1,[],12,[],2019-05-11 22:17:22,483847.64540613,0.00000026,0.000000000018199766,7617211,2019-05-11 22:17:22,btc,89.8613633178353,0.0,0.00000026,btc,195799.85702958,0.0205030761558699,0.0465478872722613,91
1,[],22,[],2019-05-11 22:19:25,76014.0,0.0000008,0.00000000005599928,7617212,2019-05-11 22:19:25,BTC,0.1,0.0,0.0000008,"BTC,LTC",1.0,0.0,0.0017135,91
1,[],22,[],2019-04-09 20:17:52,374949.73333333334,0.00000015,0.000000000007771935,7235704,2019-04-09 20:17:52,BTC,6.87372503,0.0,0.00000015,"BTC,LTC",159980.01196797504,1.1e-05,0.80510266,95
0,[],17,[],2019-05-03 01:12:32,0.0,0,0,7559100,2019-05-03 01:12:32,btc,0.0,0.0,0,btc,0.0,0.0,0.0,96
0.0000000001300512,[],4,[],2019-05-11 22:19:26,548249761.9760879,7.803072e-17,5.462080172352e-21,7617213,2019-05-11 22:19:26,ltc,11.303507833986737,0.0,0.0000006,ltc,136767760.6574925,0.0,1.4516540074748092e-09,96
0,[],12,[],2019-05-11 22:19:27,0.0,0,0,7617214,2019-05-11 22:19:27,btc,25054.270818746474,0.0,0,btc,7546805.46658341,2.3576423576e-06,0.0,96
1,[],4,[],2019-04-14 03:32:46,1039404.33283278,0.00000038,0.000000000019245518,7293458,2019-04-14 03:32:46,btc,4.170086055365747,0.0,0.00000038,btc,3097704.34561074,0.06260606,0.1859928211030784,99
0,[],2,[],2019-01-20 23:23:55,0.0,0,0,6476914,2019-01-20 23:23:55,,0.0,0.0,0,,0.0,0.0,0.0,100
1,[],4,[],2019-05-11 22:21:29,404443.95596034,0.00003267,0.000000002286870597,7617215,2019-05-11 22:21:29,btc,6.995870818627796,0.0,0.00003267,btc,119942.40913117,0.53906629,0.4378834967023351,100
1,[],22,[],2019-05-11 22:21:33,130000.0,0.00000001,0.000000000000699991,7617216,2019-05-11 22:21:33,BTC,24.83526409,0.0,0.00000001,BTC,11187.719,0.0,0.0013,101
1,[],4,[],2019-05-11 22:21:34,634183.17847696,0.00000555,0.000000000388495005,7617217,2019-05-11 22:21:34,btc,254.41495911888506,0.0,0.00000555,btc,370453.54062582,1.67399895,0.8892722985932773,103
1,[],12,[],2019-05-11 22:21:36,101749716.76392001,0.000000005,0.0000000000003499955,7617218,2019-05-11 22:21:36,btc,468525272.75406307,0.0,0.000000005,btc,109911997.59267189,0.05191214813478062,0.24757811396776006,105
0,[],27,[],2019-05-11 22:21:42,0.0,0,0,7617219,2019-05-11 22:21:42,,0.0584885651331397,0.0,0,btc,600596.63747933,0.0,0.0,105
1,[],22,[],2019-04-21 00:17:26,21333.0,0.00000001,0.000000000000532493,7385819,2019-04-21 00:17:26,BTC,51.38182867,0.0,0.00000001,BTC,470435.0,0.0,0.00021333,107
1,[],26,[],2019-04-21 00:17:26,0.0,0.00000000,0,7385820,2019-04-21 00:17:26,btc,0.0,0.0,0.00000000,btc,0.0,0.0,0.0,107
1,[],5,[],2019-05-11 22:21:47,0.0,0,0,7617220,2019-05-11 22:21:47,btc,0.0,0.00144267,0,btc,0.0,0.0,0.0,112
1,[],22,[],2019-05-11 22:21:50,79003.0,0.00000001,0.000000000000699991,7617221,2019-05-11 22:21:50,BTC,2.78774668,0.0,0.00000001,BTC,1151913.0833333333,0.00229029,0.00079003,112
1,[],27,[],2019-05-11 22:21:57,1.0,0.00000001,0.000000000000699991,7617222,2019-05-11 22:21:57,btc,1.25032588,0.0,0.00000001,"btc,eth",1819.0,0.0,1e-08,112
1,[],4,[],2019-05-11 22:21:59,364109.31564654,0.00000151,0.000000000105698641,7617223,2019-05-11 22:21:59,btc,4.851566236361911,0.0,0.00000151,btc,521715.08318115,0.01220428,0.2019411940034436,113
1,[],5,[],2019-05-11 22:22:01,0.0,0,0,7617224,2019-05-11 22:22:01,btc,0.0,0.00070201,0,btc,0.0,0.0,0.0,113
1,[],17,[],2019-04-26 02:17:47,162738.278,0.00000004,0.0000000000021069000000000002,7461287,2019-04-26 02:17:47,btc,1.3331140273775473,0.0,0.00000004,btc,51796.221,0.0,0.00230953112,116
0,[],27,[],2019-04-26 02:19:51,0.0,0,0,7461288,2019-04-26 02:19:51,,0.0,0.0,0,,0.0,0.0,0.0,116
1,[],4,[],2019-05-07 20:09:28,131822.85721655,0.00001022,0.00000000060230548,7572994,2019-05-07 20:09:28,btc,132.18460413545117,0.0,0.00001022,btc,268070.13193351,0.06918336,1.0489745103085106,120
1,[],7,[],2019-05-07 20:09:30,9501.79941055,0.000011699999999999999788190263583231853772304020822048187255859375,0.0000000006895277999999999,7572995,2019-05-07 20:09:30,btc,231185.88817567716,62.23644451,0.000011699999999999999788190263583231853772304020822048187255859375,btc,4076.97424313,0.00072692,0.018013380795019,120
1,[],20,[],2019-04-07 18:42:29,1914137.0852,0.000000035,0.0000000000017871910000000002,7211992,2019-04-07 18:42:29,btc,32.2497668025648,25528.85,0.000000035,btc,1001975.4986,0.00089350975,0.0152723574729,125
1,[],22,[],2019-05-11 22:22:04,10000.0,0.00000001,0.000000000000699991,7617225,2019-05-11 22:22:04,BTC,0.032061,0.0,0.00000001,BTC,299316.7611111111,0.0,0.0001,126
0,[],2,[],2019-01-20 23:25:46,0.0,0,0,6476969,2019-01-20 23:25:46,,0.0,0.0,0,,0.0,0.0,0.0,131
1,[],4,[],2019-05-11 22:22:05,1852848.51865532,0.00000685,0.000000000479493835,7617226,2019-05-11 22:22:05,btc,3.3656919359026545,0.0,0.00000685,btc,168794.91789519,0.10868572,0.3280167328628656,131
1,[],17,[],2019-05-03 01:13:10,10000.0,0.00000001,0.000000000000548003,7559115,2019-05-03 01:13:10,btc,0.0953976503951408,0.0,0.00000001,btc,5037.62507334,0.0,0.0001,131
1,[],4,[],2019-05-11 22:24:06,4712.13469333,0.00010321,0.000000007224607111,7617227,2019-05-11 22:24:06,btc,6.011839234540249,0.0,0.00010321,btc,195.61424306,0.0005214,0.0073417379534187,135
1,[],3,[],2019-05-11 22:24:07,32605.0,0.00000001,0.000000000000699991,7617228,2019-05-11 22:24:07,btc,0.2039354059486088,747016.391393,0.00000001,btc,1718704.31412391,0.0,0.00032605,136
1,[],4,[],2019-05-11 22:24:08,2395817.04240039,0.00000186,0.000000000130198326,7617229,2019-05-11 22:24:08,btc,318.4552310958859,0.0,0.00000186,btc,529700.33694771,0.23767438,0.5834739226230387,137
1,[],12,[],2019-05-11 22:24:10,325025.18112694,0.0000018500000000000000751026844880708921436962555162608623504638671875,0.000000000129498335,7617230,2019-05-11 22:24:10,btc,48531.24234320197,0.0,0.0000018500000000000000751026844880708921436962555162608623504638671875,btc,41733.39122142,1.95e-06,0.0244126357271125,137
1,[],4,[],2019-05-11 22:24:11,59685.73071867,0.00002868,0.000000002007574188,7617231,2019-05-11 22:24:11,btc,5.24660250182725,0.0,0.00002868,btc,75045.85771476,0.27765109,0.3138130242422516,142
1,[],5,[],2019-05-11 22:24:12,0.0,0,0,7617232,2019-05-11 22:24:12,btc,0.0,0.06695902,0,btc,0.0,0.0,0.0,142
1,[],20,[],2019-05-11 22:26:14,162668.9256,0.00002857,0.000000001999874287,7617233,2019-05-11 22:26:14,btc,1.7236242477244,362.3535,0.00002857,btc,8546.1706,0.011777018421,0.046371158216,142
1,[],22,[],2019-05-11 22:26:17,1370.0,0.00000200,0.0000000001399982,7617234,2019-05-11 22:26:17,BTC,3.2756588,0.0,0.00000200,BTC,1135.5948275773155,0.0,0.0003632,142
1,[],17,[],2019-05-03 01:13:16,32967.38636364,0.00000088,0.000000000048224264,7559122,2019-05-03 01:13:16,btc,20.06976206696776,0.0,0.00000088,btc,2746.079105,0.0,0.0105613000000032,142
0.0,[],25,[],2019-05-11 22:26:18,0.0,0,0,7617235,2019-05-11 22:26:18,,0.0,0.0,0.0,btc,0.0,0.0,0.0,142
1,[],28,[],2019-05-11 22:26:59,79102.0,0.00003311,0.000000002317670201,7617236,2019-05-11 22:26:59,btc,0.0555251924,242340.6893,0.00003311,btc,438.37303,0.0,0.07347342,142
0,[],22,[],2019-05-11 22:27:02,0.0,0,0,7617237,2019-05-11 22:27:02,,64.16505383,0.0,0,,688775795.8,0.0,0.0,143
0,[],22,[],2019-02-25 15:42:22,0.0,0,0,6783783,2019-02-25 15:42:22,,4.2131946,0.0,0,,2322156.0,0.0,0.0,146
,[],22,[],2018-11-20 23:01:11,0.0,0,0,4862114,2018-11-20 23:01:11,,2.56807021,0.0,,,61828.4988236,0.0,0.0,147
1,[],12,[],2019-04-21 06:38:04,193091.5971266,0.00000071,0.000000000037635183,7388679,2019-04-21 06:38:04,btc,2.301232411611175,0.0,0.00000071,btc,9957.48302385,0.00023528,0.0313308199999888,148
1,[],4,[],2019-03-19 21:31:25,255810.0415942,0.00000029,0.000000000011615747,6982695,2019-03-19 21:31:25,btc,218.94922712414143,0.0,0.00000029,btc,793529.37642722,0.00117,0.0608347789473395,152
0,[],22,[],2019-03-19 21:31:27,0.0,0,0,6982696,2019-03-19 21:31:27,,0.0,0.0,0,,0.0,0.0,0.0,152
1,[],5,[],2019-04-26 09:36:59,0.0,0,0,7465040,2019-04-26 09:36:59,btc,0.0,0.0,0,btc,0.0,0.0,0.0,153
,[],16,[],2019-01-11 15:38:59,0.0,0,0,6366141,2019-01-11 15:38:59,btc,0.0,0.0,,btc,0.0,0.0,0.0,155
0,[],22,[],2019-05-11 16:24:45,0.0,0,0,7616280,2019-05-11 16:24:45,,6.80191271,0.0,0,,4673448.342592592,0.0,0.0,156
0,[],23,[],2019-01-20 23:24:29,0.0,0,0,6476932,2019-01-20 23:24:29,,0.0,0.0,0,,0.0,0.0,0.0,156
1,[],22,[],2019-05-11 22:27:05,7066.0,0.00000800,0.0000000005599928,7617238,2019-05-11 22:27:05,BTC,1.79802465,0.0,0.00000800,BTC,802.6461988741639,0.0,0.00062996,157
0,[],22,[],2019-05-07 22:25:46,0.0,0,0,7574238,2019-05-07 22:25:46,,50234.60468402,0.0,0,,54786159.03179465,0.0,0.0,158
,[],17,[],2018-11-20 22:56:10,0.0,0,0,4861976,2018-11-20 22:56:10,btc,1.1265625,0.0,,btc,1000.0,0.0,0.0,159
,[],20,[],2018-11-20 22:56:12,0.0,0,0,4861977,2018-11-20 22:56:12,btc,11912.7940471,0.0,,btc,34413894.3617,0.0,0.0,159
1,[],12,[],2019-05-11 22:27:06,266305.11708129,0.0000039899999999999999147361727513949603007858968339860439300537109375,0.000000000279296409,7617239,2019-05-11 22:27:06,btc,23.175134617539396,0.0,0.0000039899999999999999147361727513949603007858968339860439300537109375,btc,12626.91716398,3.591e-07,0.051043954299850196,168
1,[],17,[],2019-05-03 01:13:36,42852.0,0.00000002,0.000000000001096006,7559132,2019-05-03 01:13:36,btc,0.04279856251542,0.0,0.00000002,btc,274.46171372,0.0,0.00052852,168
1,[],22,[],2019-05-07 03:57:18,743122.0,0.00000001,0.000000000000593596,7562020,2019-05-07 03:57:18,BTC,41.40912107,0.0,0.00000001,BTC,1593401.2737547632,0.00342649,0.00743122,169
1,[],22,[],2019-05-11 20:28:18,255790.0,0.00000003,0.000000000002073069,7616994,2019-05-11 20:28:18,BTC,27.85797373,0.0,0.00000003,BTC,428427.75197766203,0.0017052,0.0037957,171
1,[],22,[],2019-05-11 20:28:23,215028.2,0.00000014,0.000000000009674322,7616995,2019-05-11 20:28:23,BTC,823.68423768,0.0,0.00000014,"BTC,LTC",693221.1983490599,0.00499557,0.01305882,173
1,[],5,[],2019-05-06 19:49:32,0.0,0,0,7559281,2019-05-06 19:49:32,btc,0.0,0.00023336,0,btc,0.0,0.0,0.0,175
1,[],22,[],2019-05-11 20:28:28,90671.0,0.00000001,0.0000000000006910229999999999,7616996,2019-05-11 20:28:28,BTC,394.35459412,0.0,0.00000001,BTC,136275.61833431243,0.0,0.00090671,176
0,[],2,[],2019-01-20 23:28:34,0.0,0,0,6477001,2019-01-20 23:28:34,,0.0,0.0,0,,0.0,0.0,0.0,178
1,[],7,[],2019-05-11 20:28:30,0.0,0,0,7616997,2019-05-11 20:28:30,btc,520274.2870788149,0.0,0,btc,27457332.23673972,0.0,0.0,178
0,[],22,[],2019-05-11 20:28:32,0.0,0,0,7616998,2019-05-11 20:28:32,,1.00242428,0.0,0,,57512.0,0.0,0.0,178
0,[],23,[],2019-01-20 23:25:08,0.0,0,0,6476952,2019-01-20 23:25:08,,0.0,0.0,0,,0.0,0.0,0.0,179
1,[],5,[],2019-05-11 20:28:34,0.0,0,0,7616999,2019-05-11 20:28:34,btc,0.0,0.00953424,0,btc,0.0,0.0,0.0,179
1,[],22,[],2019-05-11 20:28:37,3007516.0,0.00000001,0.0000000000006910229999999999,7617000,2019-05-11 20:28:37,BTC,5.33672257,0.0,0.00000001,BTC,14228815.411946677,0.0,0.03007516,179
1,[],17,[],2019-05-03 01:13:56,20504.725000000002,0.0000001,0.00000000000548003,7559141,2019-05-03 01:13:56,btc,5.2010695838400265,0.0,0.0000001,btc,5033.45945,0.0,0.0011504725,180
1,[],22,[],2019-05-11 20:30:41,656741.6291435591,0.00000180,0.00000000012438414,7617001,2019-05-11 20:30:41,BTC,39.27308501,0.0,0.00000180,"BTC,LTC",47430.71131743627,0.00373976,0.57771033,180
1,[],26,[],2019-05-11 20:30:42,0.0,0.00000010,0.00000000000691023,7617002,2019-05-11 20:30:42,btc,0.0,1100.0,0.00000010,btc,0.0,0.0,0.0,180
,[],7,[],2018-11-20 22:58:01,562227.975654,0.00000085,0.000000000036176765,4862015,2018-11-20 22:58:01,btc,21836.6059674,2491.87645172,,btc,749999.041456,0.00211021,0.127565380455,183
,[],5,[],2019-01-10 08:11:41,0.0,0,0,6347036,2019-01-10 08:11:41,btc,82.15055501,0.00261,,btc,1.19002445,0.0,0.0,187
1,[],24,[],2019-04-30 17:34:05,0.0,0.000000000014,7.396256000000001e-16,7526291,2019-04-30 17:34:05,btc,0.0,0.0,0.000000000014,btc,0.0,0.0,0.0,187
,[],17,[],2018-11-16 20:58:10,4062536.27273,0.00000001,0.000000000000550501,4708775,2018-11-16 20:58:10,btc,3.36492563466,0.195460381006,,"btc,eth",110697919.549,0.0,0.0157628953496,187
0,[],22,[],2019-04-25 02:54:07,0.0,0,0,7447896,2019-04-25 02:54:07,,7.54794454,0.0,0,,76361.7243344055,0.0,0.0,191
0,[],22,[],2019-05-11 20:30:47,0.0,0,0,7617003,2019-05-11 20:30:47,,0.0,0.0,0,,0.0,0.0,0.0,197
0,[],23,[],2019-01-20 23:31:41,0.0,0,0,6477079,2019-01-20 23:31:41,,0.0,0.0,0,,0.0,0.0,0.0,199
0.0000000001286001,[],22,[],2019-05-11 20:30:50,53813439.5,2.572002e-18,1.777312538046e-22,7617004,2019-05-11 20:30:50,LTC,7.64521369,0.0,0.00000002,LTC,35260436.0,2.365962777783e-12,0.62226498,199
1,[],26,[],2019-05-11 20:30:50,0.0,0.00000000,0,7617005,2019-05-11 20:30:50,btc,0.0,0.0,0.00000000,btc,0.0,0.0,0.0,199
0,[],2,[],2019-01-20 23:30:49,0.0,0,0,6477059,2019-01-20 23:30:49,,0.0,0.0,0,,0.0,0.0,0.0,201
1,[],4,[],2019-01-25 15:51:35,2084389.58565343,0.00000936,0.000000000333526752,6499557,2019-01-25 15:51:35,btc,2.0092503037378524,0.0,0.00000936,btc,160195.80207885,0.19272417,1.242687955921835,211
1,[],7,[],2019-05-11 20:30:54,13838565.57152945,0.00000085,0.000000000058736955,7617006,2019-05-11 20:30:54,btc,15200781.047811927,309323.651069,0.00000085,btc,13059164.58229807,0.0,1.1897283068190876,212
1,[],5,[],2019-05-07 13:02:51,0.0,0,0,7566706,2019-05-07 13:02:51,btc,0.0,0.43032184,0,btc,0.0,0.0,0.0,213
1,[],24,[],2019-05-07 13:02:52,0.0,0.000000050000,0.000000000002968865,7566707,2019-05-07 13:02:52,btc,0.0,0.0,0.000000050000,btc,0.0,0.0,0.0,213
1,[],26,[],2019-05-07 13:02:52,0.0,0.00000040,0.00000000002375092,7566708,2019-05-07 13:02:52,btc,0.0,0.0,0.00000040,btc,0.0,0.0,0.0,213
1,[],12,[],2019-01-25 02:44:32,207462.42853209,0.000001080000000000000035831255497387193287295303889550268650054931640625,0.000000000038610756000000006,6493050,2019-01-25 02:44:32,btc,85023.03793723314,0.0,0.000001080000000000000035831255497387193287295303889550268650054931640625,btc,43675.73520027,0.000146250909087,0.0348620860622024,213
0,[],22,[],2019-05-11 20:30:57,0.0,0,0,7617007,2019-05-11 20:30:57,,9.58164616,0.0,0,,2460817.094064925,0.0,0.0,216
0,[],27,[],2019-05-11 20:31:06,0.0,0,0,7617008,2019-05-11 20:31:06,,62.25505410367708,1515.0,0,"btc,ltc",227180.947308,1.515e-05,0.0,216
1,[],22,[],2019-05-11 20:31:10,291205.4,0.00000075,0.000000000051826725,7617009,2019-05-11 20:31:10,BTC,12054.94436059,0.0,0.00000075,BTC,436390.0005265019,0.01626177,0.02770333,217
1,[],7,[],2019-05-11 20:31:11,0.0,0,0,7617010,2019-05-11 20:31:11,btc,111302.56865462937,0.0,0,btc,137781098.61523312,0.0,0.0,219
0,[],27,[],2019-05-11 20:31:17,0.0,0,0,7617011,2019-05-11 20:31:17,,0.06997067,0.0,0,btc,1753528.0,0.0,0.0,219
0.0000000000000039,[],28,[],2019-05-11 20:31:19,552985890.83,2.5350000000000004e-18,1.751743305e-22,7617012,2019-05-11 20:31:19,doge,3651185.568400157,15205.0,0.00065000,"btc,doge",45529124.3823,0.0,2.13103582159955e-11,219
1,[],22,[],2019-05-11 20:31:23,381170.0,0.00000004,0.0000000000027640919999999997,7617013,2019-05-11 20:31:23,BTC,56.7649867,0.0,0.00000004,BTC,131552.84827387411,0.0,0.0123008,221
1,[],24,[],2019-05-11 20:31:23,0.0,0.000000010000,0.0000000000006910229999999999,7617014,2019-05-11 20:31:23,btc,0.0,0.0,0.000000010000,btc,0.0,0.0,0.0,221
1,[],20,[],2019-05-11 20:31:25,15529202.6192,0.000000012,0.0000000000008292275999999999,7617015,2019-05-11 20:31:25,btc,100091.60647538026,555022.816,0.000000012,btc,25374327.0223,0.0062415873151,0.1107493680253,224
0,[],22,[],2019-05-11 20:31:27,0.0,0,0,7617016,2019-05-11 20:31:27,,0.0,0.0,0,,0.0,0.0,0.0,224
1,[],26,[],2019-05-11 20:31:28,0.0,0.00000026,0.000000000017966597999999998,7617017,2019-05-11 20:31:28,btc,0.0,0.0,0.00000026,btc,0.0,0.0,0.0,231
1,[],26,[],2019-05-11 20:31:28,0.0,0.00000005,0.000000000003455115,7617018,2019-05-11 20:31:28,btc,0.0,200.0,0.00000005,btc,0.0,0.0,0.0,234
0,[],27,[],2019-05-11 20:31:38,0.0,0,0,7617019,2019-05-11 20:31:38,,0.01134836604,0.0,0,"btc,eth",11462.996,0.0,0.0,234
1,[],4,[],2019-04-29 21:02:20,217188.93193785,0.00000080,0.00000000004151584,7514327,2019-04-29 21:02:20,btc,5.239800103892936,0.0,0.00000080,btc,797346.30008933,0.0,0.0590549781555679,236
1,[],24,[],2019-04-29 21:02:20,0.0,0.000000100000,0.00000000000518948,7514328,2019-04-29 21:02:20,btc,0.0,0.0,0.000000100000,btc,0.0,0.0,0.0,236
1,[],5,[],2019-05-06 20:53:15,0.0,0,0,7559637,2019-05-06 20:53:15,btc,0.0,0.20253514,0,btc,0.0,0.0,0.0,237
1,[],20,[],2019-05-06 20:53:18,38173217.6136,0.000000083,0.0000000000047460728,7559638,2019-05-06 20:53:18,btc,21342.514614200165,8832375.7238,0.000000083,btc,27701499.3386,0.7554403456107,1.3621107610479,237
1,[],22,[],2019-05-06 20:53:20,343938.0,0.00000009,0.000000000005146344,7559639,2019-05-06 20:53:20,BTC,1.20267422,0.0,0.00000009,BTC,17930.94871794872,0.0,0.01017442,237
1,[],4,[],2019-05-11 20:31:39,9343587.43202496,0.00000015,0.000000000010365345,7617020,2019-05-11 20:31:39,btc,3.4518406391064698,0.0,0.00000015,btc,9453682.40846088,0.17130983,0.8492855810165084,238
1,[],5,[],2019-05-11 20:31:40,0.0,0,0,7617021,2019-05-11 20:31:40,btc,0.0,0.0025951,0,btc,0.0,0.0,0.0,238
0,[],22,[],2019-03-12 16:49:32,0.0,0,0,6914458,2019-03-12 16:49:32,,0.40415746,0.0,0,,526736.5639027493,0.0,0.0,249
0,[],22,[],2019-05-11 20:31:42,0.0,0,0,7617022,2019-05-11 20:31:42,,4.53616,0.0,0,,39012346.69978836,0.0,0.0,252
1,[],28,[],2019-05-11 20:31:44,45118178.22,0.0000003,0.00000000002073069,7617023,2019-05-11 20:31:44,btc,43891.84105549241,256124.1709,0.0000003,btc,2887397.6982,0.0,0.64236450382,256
1,[],22,[],2019-05-11 20:31:47,1088993.5,0.00000002,0.0000000000013820459999999999,7617024,2019-05-11 20:31:47,BTC,21.88116616,0.0,0.00000002,BTC,522884.63333384093,0.0,0.01124633,258
1,[],22,[],2019-03-13 00:07:30,47146.0,0.00000001,0.000000000000387233,6917028,2019-03-13 00:07:30,BTC,2.415167,0.0,0.00000001,BTC,157.0,0.0,0.00047146,259
1,[],5,[],2019-05-11 20:31:49,0.0,0,0,7617025,2019-05-11 20:31:49,btc,0.0,0.28125976,0,btc,0.0,0.0,0.0,264
1,[],20,[],2019-05-11 20:31:50,1246135.3124,0.000000512,0.000000000035380377599999997,7617026,2019-05-11 20:31:50,btc,4.9328496825569,70259.7779,0.000000512,btc,87941.8317,0.0820502481776,0.0181355279482,264
0,[],22,[],2019-04-12 17:57:27,0.0,0,0,7278186,2019-04-12 17:57:27,,66.37522201,0.0,0,,677842.4169881374,0.0,0.0,271
0,[],22,[],2019-05-11 20:31:53,0.0,0,0,7617027,2019-05-11 20:31:53,,33051802.3172899,0.0,0,,15696307799.7,0.0,0.0,272
0.0000000000000039,[],28,[],2019-05-11 20:31:55,268899238682.584,2.301e-21,1.590043923e-25,7617028,2019-05-11 20:31:55,doge,26560079.436544094,8406011396.0699,0.00000059,doge,366066569760.476,0.0,2.0542533995641617e-10,272
1,[],22,[],2019-05-11 20:31:59,127494.9,0.0000001,0.00000000000691023,7617029,2019-05-11 20:31:59,BTC,427.36616185,0.0,0.0000001,BTC,251562.95264460208,0.00053887,0.0039353,281
1,[],22,[],2019-05-11 20:32:03,307852.1,0.00000002,0.0000000000013820459999999999,7617030,2019-05-11 20:32:03,BTC,1.50216037,0.0,0.00000002,"BTC,LTC",533128.8256135201,0.00720789,0.01130836,286
0,[],22,[],2019-05-11 20:32:06,0.0,0,0,7617031,2019-05-11 20:32:06,,7337892.75526966,0.0,0,,1388519262.7797825,0.0,0.0,294
