pairValue,buyBook,exchangeId,sellBook,updated,buyTotal,satoshiPrice,usdPrice,exchangeLogId,created,bestPair,sellTotalBtc,volume,pairPrice,activePairs,sellTotal,volumeBtc,buyTotalBtc,coinId
1,[],3,[],2019-02-27 03:05:56,30539.32801997086,0.01248984000000000031682656498333017225377261638641357421875,0.000000476828368632,6798954,2019-02-27 03:05:56,btc,61.109420088359414,0.000149206496,0.01248984000000000031682656498333017225377261638641357421875,btc,25.182162565229,0.0,0.2962622755557509,1
1,[],4,[],2019-02-27 03:05:57,303082.51886596,0.01251730,0.00000047787671729,6798955,2019-02-27 03:05:57,btc,9.2166637106634,0.0,0.01251730,btc,263.76848982,0.88317213,2.74022725087786,1
1,[],5,[],2019-02-27 03:05:59,0.0,0,0,6798956,2019-02-27 03:05:59,btc,0.0,0.00328503,0,btc,0.0,0.0,0.0,1
1,[],10,[],2019-02-27 03:06:01,414636.38836696,0.01057516,0.000000403731055868,6798957,2019-02-27 03:06:01,btc,6522.487851775911,1537.55590644,0.01057516,btc,1027.5518564,0.0,5.4051928523913295,1
1,[],12,[],2019-02-27 03:06:03,10429.98745451,0.01247999999999999977406961448878064402379095554351806640625,0.000000476452704,6798958,2019-02-27 03:06:03,btc,0.469646476534,0.0,0.01247999999999999977406961448878064402379095554351806640625,btc,27.98434652,0.2167316246344,0.2649908320205,1
1,[],20,[],2019-02-27 03:06:05,1150.0464,0.01051,0.000000401243423,6798959,2019-02-27 03:06:05,btc,0.0665459125693,0.0307,0.01051,btc,3.0401,0.00037761,0.0875490456215,1
1,[],21,[],2019-02-27 03:06:06,2435.08636501,0.01252009999999999928510518998,0.00000047798361373,6798960,2019-02-27 03:06:06,btc,23.32328611170898,2306.0333031200003,0.012520099999999999285105189983369200490415096282958984375,"btc,eth",2415.79640016,27.9513922107163,23.27839387891759,1
1,[],22,[],2019-02-27 03:06:10,0.0163776,0.01300000,0.0000004963049,6798961,2019-02-27 03:06:10,BTC,0.31423927,0.0,0.01300000,BTC,0.11751954901960784,0.0,0.00020972,1
1,[],24,[],2019-02-27 03:06:11,0.0,0.000000000000,0,6798962,2019-02-27 03:06:11,btc,0.0,0.0,0.000000000000,btc,0.0,0.0,0.0,1
0.0,[],25,[],2019-02-27 03:06:11,0.0,0,0,6798963,2019-02-27 03:06:11,btc,23.689599997437394,3443.96015069,0.0,btc,1847.93002613,44.0615,0.0,1
1,[],26,[],2019-02-27 03:06:12,0.0,0,0,6798964,2019-02-27 03:06:12,,0.0,0.0,0,,0.0,0.0,0.0,1
1,[],28,[],2019-02-27 03:06:14,993.142,0.01323000,0.000000505085679,6798965,2019-02-27 03:06:14,btc,0.162839806,18077.9,0.01323000,btc,8.9,0.0,0.089302756,1
0,[],2,[],2019-01-20 23:28:45,0.0,0,0,6477011,2019-01-20 23:28:45,,0.0,0.0,0,,0.0,0.0,0.0,1
1,[],5,[],2019-02-27 03:06:15,0.0,0,0,6798966,2019-02-27 03:06:15,btc,0.0,0.00045954,0,btc,0.0,0.0,0.0,2
0,[],22,[],2019-02-27 03:06:18,0.0,0,0,6798967,2019-02-27 03:06:18,,0.0,0.0,0,,0.0,0.0,0.0,2
1,[],5,[],2019-02-27 03:06:19,0.0,0,0,6798968,2019-02-27 03:06:19,btc,0.0,0.02669952,0,btc,0.0,0.0,0.0,3
1,[],12,[],2019-02-27 03:06:20,13619070.947900001,0.000000172,0.0000000000065664956,6798969,2019-02-27 03:06:20,btc,924396.232990806,0.0,0.000000172,btc,8103198.98829583,0.02917313443160141,0.7204414228387,3
0,[],28,[],2019-02-27 03:06:21,0.0,0,0,6798970,2019-02-27 03:06:21,,0.0,0.0,0,,0.0,0.0,0.0,3
0,[],2,[],2019-01-20 23:31:32,0.0,0,0,6477077,2019-01-20 23:31:32,,0.0,0.0,0,,0.0,0.0,0.0,4
1,[],4,[],2019-02-27 03:06:22,411324.47432847,0.00000032,0.000000000012216736,6798971,2019-02-27 03:06:22,btc,31.98829919645077,0.0,0.00000032,btc,712506.44072273,0.0,0.0583397307735309,4
1,[],12,[],2019-02-22 14:50:14,1367032.5219999999,0.00000003,0.000000000001190475,6759350,2019-02-22 14:50:14,btc,11013869.583570713,0.0,0.00000003,btc,1211697.32371984,0.00024567976024,0.02065290044,5
0,[],2,[],2019-01-20 23:31:51,0.0,0,0,6477087,2019-01-20 23:31:51,,0.0,0.0,0,,0.0,0.0,0.0,6
1,[],11,[],2019-02-27 03:06:24,4272596.5,0.00000001,0.000000000000381773,6798972,2019-02-27 03:06:24,btc,9432.752678832814,110000.0,0.00000001,btc,41797017.57452957,0.0,0.042725965,6
1,[],3,[],2019-02-27 03:06:25,1085.537475048359,0.0001510600000000000072038208731584063571062870323657989501953125,0.0000000057670629380000005,6798973,2019-02-27 03:06:25,btc,26.3363151709563,0.0,0.0001510600000000000072038208731584063571062870323657989501953125,btc,247.537822229004,0.0,0.03339742781632559,7
1,[],4,[],2019-02-27 03:06:25,101504.93134593,0.00023711,0.000000009052219603,6798974,2019-02-27 03:06:25,btc,10.78064183846218,0.0,0.00023711,btc,35251.46149736,3.21362707,6.0106825404852176,7
1,[],5,[],2019-02-27 03:06:27,0.0,0,0,6798975,2019-02-27 03:06:27,btc,0.0,0.27444084,0,btc,0.0,0.0,0.0,7
1,[],20,[],2019-02-20 02:16:17,39399275.8418,0.000000001,0.0000000000000390183,6728586,2019-02-20 02:16:17,btc,116.9737569154545,525.0,0.000000001,btc,56932965.8895,5.25e-07,0.0393992758418,8
0,[],2,[],2019-01-20 23:22:42,0.0,0,0,6476876,2019-01-20 23:22:42,,0.0,0.0,0,,0.0,0.0,0.0,9
0,[],23,[],2019-01-20 23:22:48,0.0,0,0,6476878,2019-01-20 23:22:48,,0.0,0.0,0,,0.0,0.0,0.0,9
1,[],4,[],2019-02-27 03:06:29,1979311.94783535,0.00000177,0.00000000006757382100000001,6798976,2019-02-27 03:06:29,btc,5.86943446417605,0.0,0.00000177,btc,2270057.92116205,2.63065555,0.7749380150554037,9
1,[],28,[],2019-02-27 03:06:30,59857.48,0.00000179,0.000000000068337367,6798977,2019-02-27 03:06:30,btc,2708.762682539512,3710993.75,0.00000179,btc,12195.0788,0.0,0.0707718668,9
1,[],1,[],2019-02-17 23:31:42,1822507.21,0.00000181000000000000003456111265232042484285557293333113193511962890625,0.000000000066086901,6701244,2019-02-17 23:31:42,btc,3.6990969245,17153386.5,0.00000181000000000000003456111265232042484285557293333113193511962890625,btc,1997391.71,31.11772986,3.2610482446,9
1,[],4,[],2019-02-17 11:22:43,4341674.27126056,0.00000002,0.0000000000007272960000000001,6696112,2019-02-17 11:22:43,btc,0.1997230937751353,0.0,0.00000002,btc,4109766.79808031,0.00215132,0.0479381022052112,10
0,[],2,[],2019-01-20 23:23:08,0.0,0,0,6476890,2019-01-20 23:23:08,,0.0,0.0,0,,0.0,0.0,0.0,12
1,[],4,[],2019-02-27 03:06:31,3958753.62871226,0.00000121,0.000000000046194533000000004,6798978,2019-02-27 03:06:31,btc,10.097732622319569,0.0,0.00000121,btc,5280866.2315729,1.32519693,2.278851991055528,12
1,[],5,[],2019-02-27 03:06:32,0.0,0,0,6798979,2019-02-27 03:06:32,btc,0.0,0.26214202,0,btc,0.0,0.0,0.0,12
0.0,[],25,[],2019-02-27 03:06:33,0.0,0,0,6798980,2019-02-27 03:06:33,,0.0,0.0,0.0,btc,0.0,0.0,0.0,12
1,[],4,[],2019-02-27 03:06:34,1185515.87004488,0.00000541,0.000000000206539193,6798981,2019-02-27 03:06:34,btc,3.1164852458387635,0.0,0.00000541,btc,440590.72908348,0.48505767,0.5123021549509584,13
1,[],10,[],2019-02-27 03:06:37,474068.07236848,0.00000529,0.000000000201957917,6798982,2019-02-27 03:06:37,btc,666802.6252138801,7854.67156707,0.00000529,btc,747097.80562326,0.0,0.2850160004523205,13
1,[],21,[],2019-02-27 03:06:38,572691.01361831,0.000005480000000000000048481184345,0.00000000020921160400000002,6798983,2019-02-27 03:06:38,btc,5.3144151641102155,773303.86236583,0.000005480000000000000048481184344861816271077259443700313568115234375,btc,853983.05211635,4.29452347,2.925049670121736,13
1,[],4,[],2019-02-27 03:06:39,698319.71075,0.00000126,0.000000000048103398000000004,6798984,2019-02-27 03:06:39,btc,14.684123541945576,0.0,0.00000126,btc,899981.99840884,0.10364493,0.1439564801899903,14
1,[],12,[],2019-02-27 03:06:40,217265.91304348,0.000001120000000000000076372827333137660588135986472479999065399169921875,0.000000000042758576,6798985,2019-02-27 03:06:40,btc,5.294297632059277,0.0,0.000001120000000000000076372827333137660588135986472479999065399169921875,btc,33863.19873547,0.0,0.0232142600000004,14
0,[],17,[],2019-02-27 03:06:52,0.0,0,0,6798986,2019-02-27 03:06:52,btc,0.0,0.0,0,btc,0.0,0.0,0.0,14
1,[],26,[],2019-02-27 03:06:52,0.0,0.00000050,0.00000000001908865,6798987,2019-02-27 03:06:52,btc,0.0,0.0,0.00000050,btc,0.0,0.0,0.0,14
0,[],4,[],2019-02-27 03:06:53,0.0,0,0,6798988,2019-02-27 03:06:53,,0.0,0.0,0,,0.0,0.0,0.0,15
,[],12,[],2018-12-01 15:15:48,204241.84496,0.00000489,0.000000000202473384,5260204,2018-12-01 15:15:48,btc,49.5475654835,0.0,,btc,35763.2193806,0.0163153972027625,0.0203389899998,15
0,[],17,[],2019-02-27 02:08:13,0.0,0,0,6798604,2019-02-27 02:08:13,btc,0.0,0.0,0,btc,0.0,0.0,0.0,18
0,[],2,[],2019-01-20 23:23:38,0.0,0,0,6476906,2019-01-20 23:23:38,,0.0,0.0,0,,0.0,0.0,0.0,18
1,[],4,[],2019-02-27 03:06:55,26293.62662642,0.00001790,0.00000000068337367,6798989,2019-02-27 03:06:55,btc,1.2360726093733625,0.0,0.00001790,btc,9621.51247796,0.00735904,0.089153296046602,18
1,[],10,[],2019-02-27 03:06:57,783760.97888302,0.00001728,0.000000000659703744,6798990,2019-02-27 03:06:57,btc,16.63252308944722,12895.8356376,0.00001728,btc,14933.19698742,0.0,0.1439764203999027,18
1,[],12,[],2019-02-27 03:06:58,193822.97701176,0.00001701999999999999967450516058509180084001854993402957916259765625,0.000000000649777646,6798991,2019-02-27 03:06:58,btc,23.630618496975615,0.0,0.00001701999999999999967450516058509180084001854993402957916259765625,btc,1872.37523886,0.000326034300809,0.0386153917321437,18
0,[],2,[],2019-01-20 23:24:19,0.0,0,0,6476924,2019-01-20 23:24:19,,0.0,0.0,0,,0.0,0.0,0.0,19
1,[],3,[],2019-02-27 03:07:09,118351.62863834214,0.0000200099999999999998462514583241755872222711332142353057861328125,0.000000000763927773,6798992,2019-02-27 03:07:09,btc,0.5286560728341213,0.0,0.0000200099999999999998462514583241755872222711332142353057861328125,btc,9053.568872553742,0.0,0.030907014098799864,19
1,[],4,[],2019-02-27 03:07:10,474996.27006215,0.00001985,0.000000000757819405,6798993,2019-02-27 03:07:10,btc,2.0612163024509345,0.0,0.00001985,btc,68980.87828645,0.29175604,2.451327224634817,19
1,[],5,[],2019-02-27 03:07:11,0.0,0,0,6798994,2019-02-27 03:07:11,btc,0.0,0.00031489,0,btc,0.0,0.0,0.0,19
1,[],12,[],2019-02-27 03:07:12,135344.56895513,0.00001981999999999999997131634732472349469389882870018482208251953125,0.000000000756674086,6798995,2019-02-27 03:07:12,btc,1.358361835096672,0.0,0.00001981999999999999997131634732472349469389882870018482208251953125,btc,392.27457877,0.00010926,0.1097115400000166,19
0,[],27,[],2019-02-27 03:07:14,0.0,0,0,6798996,2019-02-27 03:07:14,,0.0,0.0,0,btc,0.0,0.0,0.0,19
1,[],4,[],2019-02-27 03:07:15,8067919.95424551,0.00000013,0.000000000004963049,6798997,2019-02-27 03:07:15,btc,7.3759226929147985,0.0,0.00000013,btc,2842908.4360639,0.00026143,0.2581112151781454,20
1,[],4,[],2019-02-27 03:07:16,104036087.13737024,0.00000002,0.000000000000763546,6798998,2019-02-27 03:07:16,btc,1807.0981986415547,0.0,0.00000002,btc,54975780.27639335,0.0,1.1684621866280451,21
1,[],12,[],2019-02-27 03:07:17,18358332.0,0.00000002,0.000000000000763546,6798999,2019-02-27 03:07:17,btc,670.3772032734847,0.0,0.00000002,btc,8255366.32857329,0.00578088,0.23940688000000002,21
0,[],17,[],2019-02-27 01:06:55,0.0,0,0,6798242,2019-02-27 01:06:55,btc,0.0,0.0,0,btc,0.0,0.0,0.0,21
1,[],12,[],2019-02-27 03:07:29,3186831163.6808996,0.0000000002,0.000000000000007635460000000001,6799000,2019-02-27 03:07:29,btc,875865843030.0005,0.0,0.0000000002,btc,4950531524.020418,0.024520237182417585,0.34363679498299043,23
0.00000000035593800000000005,[],27,[],2019-02-27 03:07:31,2000.0,3.55938e-18,1.35887518074e-22,6799001,2019-02-27 03:07:31,eth,1.3829826565934114,0.0,0.00000001,eth,2164879.85514486,0.0,7.11876e-15,23
1,[],4,[],2019-02-27 03:07:32,464682.94858934,0.00000058,0.000000000022142834,6799002,2019-02-27 03:07:32,btc,9.150059988621054,0.0,0.00000058,btc,1520441.02559635,0.01110878,0.1489792646405643,24
1,[],22,[],2019-02-27 03:07:35,11.76,0.00000100,0.0000000000381773,6799003,2019-02-27 03:07:35,BTC,7.415e-05,0.0,0.00000100,BTC,23.919354838709676,0.0,1.176e-05,24
0.0,[],25,[],2019-02-27 03:07:37,0.0,0,0,6799004,2019-02-27 03:07:37,,0.0,0.0,0.0,btc,0.0,0.0,0.0,24
1,[],4,[],2019-02-27 03:07:38,28279936.05959688,0.00000665,0.000000000253879045,6799005,2019-02-27 03:07:38,btc,167.54515635766595,0.0,0.00000665,btc,263316.52309092,0.09229154,0.4666283513922894,26
1,[],10,[],2019-02-27 03:07:40,699061.84566707,0.0000064,0.00000000024433472,6799006,2019-02-27 03:07:40,btc,26.12575024914623,4037.42092672,0.0000064,btc,14016.78948878,0.0,0.2634607856942328,26
0,[],2,[],2019-01-20 23:25:56,0.0,0,0,6476976,2019-01-20 23:25:56,,0.0,0.0,0,,0.0,0.0,0.0,26
1,[],3,[],2019-02-27 03:07:40,6199746.70213569,0.00000001,0.000000000000381773,6799007,2019-02-27 03:07:40,btc,2.3180956400798345,99246.3381024,0.00000001,btc,17653379.75436659,0.0,0.061997467021356896,27
1,[],5,[],2019-02-27 03:07:41,0.0,0,0,6799008,2019-02-27 03:07:41,btc,0.0,0.00476051,0,btc,0.0,0.0,0.0,27
1,[],11,[],2019-02-27 03:07:43,9491944.20350207,0.00000005,0.000000000001908865,6799009,2019-02-27 03:07:43,btc,67506.40605986067,169525.403564,0.00000005,btc,8002256.57282965,0.0,0.44249750446473557,27
1,[],4,[],2019-02-27 03:07:44,1504278922.8158872,0.00000002,0.000000000000763546,6799010,2019-02-27 03:07:44,btc,2.5831232589757014,0.0,0.00000002,"btc,ltc",274918983.529572,0.5583975,12.329278332949803,29
1,[],7,[],2019-02-27 03:07:46,47476687.7215207,0.00000002,0.000000000000763546,6799011,2019-02-27 03:07:46,btc,44462590.76774984,0.0,0.00000002,btc,47164116.521593474,0.0,0.6189312873043272,29
1,[],4,[],2019-02-27 03:07:46,1439182.71487823,0.00000028,0.000000000010689644,6799012,2019-02-27 03:07:46,btc,2.334251439083168,0.0,0.00000028,btc,1570044.46360863,0.00153277,0.0968759610718031,30
0,[],17,[],2019-02-27 03:07:48,0.0,0,0,6799013,2019-02-27 03:07:48,btc,0.0,0.0,0,btc,0.0,0.0,0.0,30
1,[],4,[],2019-02-27 03:07:49,1117115.80662326,0.00005115,0.0000000019527688950000002,6799014,2019-02-27 03:07:49,btc,4.849463868655317,0.0,0.00005115,btc,63133.17825814,0.472639,1.1070125638286012,31
1,[],21,[],2019-02-27 03:07:50,66314.17664609,0.00005178999999999999711642120759,0.000000001977202367,6799015,2019-02-27 03:07:50,btc,1.3654880356911654,80423.69425047,0.0000517899999999999971164212075880328711718902923166751861572265625,btc,23568.58802166,4.15301037,2.8380553231613654,31
0,[],2,[],2019-01-20 23:28:43,0.0,0,0,6477009,2019-01-20 23:28:43,,0.0,0.0,0,,0.0,0.0,0.0,32
1,[],4,[],2019-02-27 03:07:51,371733000.1134312,0.00000004,0.000000000001527092,6799016,2019-02-27 03:07:51,btc,9.659832043225363,0.0,0.00000004,"btc,ltc",179195612.03529152,1.5650583,8.336239884522165,33
1,[],12,[],2019-02-27 03:07:51,16560323.0,0.00000004,0.000000000001527092,6799017,2019-02-27 03:07:51,btc,35630543.57919832,0.0,0.00000004,btc,90520255.8122464,0.0294856312087925,0.53586757,33
1,[],4,[],2019-02-27 03:07:52,124646686.98262756,0.00000001,0.000000000000381773,6799018,2019-02-27 03:07:52,btc,4.042263117617996,0.0,0.00000001,btc,101570786.9276837,0.01605978,1.2464668698262755,34
1,[],5,[],2019-02-27 03:09:52,0.0,0,0,6799019,2019-02-27 03:09:52,btc,0.0,0.23693132,0,btc,0.0,0.0,0.0,34
0.0000000001168252,[],4,[],2019-02-27 03:09:53,2255765484.9733334,2.3365040000000002e-18,8.920141415920001e-23,6799020,2019-02-27 03:09:53,ltc,2.9755894364433475e-08,0.0,0.00000002,ltc,3956903635.5669875,0.0,4.3400137049944145e-09,36
1,[],5,[],2019-02-27 03:09:55,0.0,0,0,6799021,2019-02-27 03:09:55,btc,0.0,0.0,0,btc,0.0,0.0,0.0,36
0,[],17,[],2019-02-27 03:09:57,0.0,0,0,6799022,2019-02-27 03:09:57,btc,0.07464582822993586,0.0,0,btc,4105386.20243647,0.0,0.0,36
0.00000000035593800000000005,[],27,[],2019-02-27 03:10:00,1000000.0,3.55938e-18,1.35887518074e-22,6799023,2019-02-27 03:10:00,eth,218.4147971062634,0.0,0.00000001,"ltc,eth",8163566.48751039,0.0,1.173034256e-12,36
1,[],4,[],2019-02-27 03:10:01,398268.03060256,0.00000060,0.00000000002290638,6799024,2019-02-27 03:10:01,btc,19772.500948103443,0.0,0.00000060,btc,577351.36941515,0.0199123,0.2003698838499555,37
1,[],12,[],2019-02-27 03:10:02,598152.55633731,0.00000057,0.000000000021761061000000003,6799025,2019-02-27 03:10:02,btc,1344.7324790783598,0.0,0.00000057,btc,979185.05152008,0.2108080268986158,0.1865190599999987,37
1,[],17,[],2019-02-27 03:10:14,1752.74075282,0.00000025,0.000000000009544324999999999,6799026,2019-02-27 03:10:14,btc,0.055484923777095005,0.0,0.00000025,btc,1319.19918473,0.0,0.00043818518820499993,37
1,[],27,[],2019-02-27 03:10:16,14685.567,0.00000045,0.000000000017179785,6799027,2019-02-27 03:10:16,btc,25.82160393111233,0.0,0.00000045,btc,6804.86438508,0.0,0.00480032515,37
1,[],5,[],2019-02-27 03:10:18,0.0,0,0,6799028,2019-02-27 03:10:18,btc,0.0,0.08705214,0,btc,0.0,0.0,0.0,42
1,[],12,[],2019-02-27 03:10:19,240599.79936153,0.00000092,0.000000000035123116,6799029,2019-02-27 03:10:19,btc,94.70712139652974,0.0,0.00000092,btc,112158.43562287,0.0138305260981304,0.0470717300000007,42
0.00000000035593800000000005,[],27,[],2019-02-27 03:10:22,2000.0,3.55938e-18,1.35887518074e-22,6799030,2019-02-27 03:10:22,eth,0.00315028,0.0,0.00000001,"btc,eth",11.007,0.0,7.11876e-15,42
1,[],5,[],2019-02-27 03:10:24,0.0,0,0,6799031,2019-02-27 03:10:24,btc,0.0,0.00017038,0,btc,0.0,0.0,0.0,43
1,[],12,[],2019-02-27 03:10:25,1793400.0,0.00000001,0.000000000000381773,6799032,2019-02-27 03:10:25,btc,3569.7539966245354,0.0,0.00000001,btc,12096636.57282716,6.2007992008e-05,0.017934000000000002,43
0,[],17,[],2019-02-27 01:07:35,0.0,0,0,6798270,2019-02-27 01:07:35,btc,0.0,0.0,0,btc,0.0,0.0,0.0,43
1,[],12,[],2019-02-27 03:00:44,656459.0,0.00000004,0.0000000000015260200000000002,6798830,2019-02-27 03:00:44,btc,11116047.727795307,0.0,0.00000004,btc,1102354.40161834,0.000667588201798,0.01624028,44
1,[],4,[],2019-02-27 03:10:37,290435799.33727527,0.00000002,0.000000000000763546,6799033,2019-02-27 03:10:37,btc,473.6033618207418,0.0,0.00000002,"btc,ltc",12155941.00365541,0.00015876,0.1965467686442795,49
0.0000000001168252,[],4,[],2019-02-27 03:10:38,107797648.54856344,1.1682520000000001e-18,4.4600707079600003e-23,6799034,2019-02-27 03:10:38,ltc,25.47533666733873,0.0,0.00000001,ltc,10239252169.218313,0.0,1.2593481851215635e-10,52
0.0000000001251003,[],22,[],2019-02-27 03:10:42,80845862.0,1.251003e-18,4.7759916831900004e-23,6799035,2019-02-27 03:10:42,XMR,4366.96886713,0.0,0.00000001,XMR,255240310.67882353,0.0,0.80845862,57
0.00000000035593800000000005,[],27,[],2019-02-27 03:10:45,2000.0,3.55938e-18,1.35887518074e-22,6799036,2019-02-27 03:10:45,eth,0.0,0.0,0.00000001,"btc,eth",0.0,0.0,7.11876e-15,57
0.0000000001168252,[],4,[],2019-02-27 03:10:45,1051729236.3580483,3.504756e-18,1.3380212123880001e-22,6799037,2019-02-27 03:10:45,ltc,18.80755092735028,0.0,0.00000003,ltc,4132999751.9015503,0.001619,2.530283550353832e-09,58
1,[],12,[],2019-02-27 03:10:47,1632947859.843957,0.0000000005,0.00000000000001908865,6799038,2019-02-27 03:10:47,btc,224005479678.61084,0.0,0.0000000005,btc,3689113220.9675083,0.11357179782028093,0.5265068466011391,58
0,[],17,[],2019-02-27 03:10:49,0.0,0,0,6799039,2019-02-27 03:10:49,btc,1e+24,0.0,0,btc,49306342.21952568,0.0,0.0,58
0.0000000001251003,[],22,[],2019-02-27 03:10:52,137438.0,1.251003e-18,4.7759916831900004e-23,6799040,2019-02-27 03:10:52,XMR,69.8835922,0.0,0.00000001,XMR,9887963.0,0.0,0.00137438,58
1,[],5,[],2019-02-27 03:10:53,0.0,0,0,6799041,2019-02-27 03:10:53,btc,0.0,0.01578445,0,btc,0.0,0.0,0.0,61
1,[],22,[],2019-02-27 03:10:57,5149.5,0.00000011,0.000000000004199503,6799042,2019-02-27 03:10:57,BTC,1002.29597012,0.0,0.00000011,BTC,14947.700278135757,0.0,0.00051596,61
1,[],26,[],2019-02-27 03:10:57,0.0,0.00000800,0.0000000003054184,6799043,2019-02-27 03:10:57,btc,0.0,0.0,0.00000800,btc,0.0,0.0,0.0,61
1,[],27,[],2019-02-27 03:11:00,2563.55,0.00000055,0.000000000020997515000000002,6799044,2019-02-27 03:11:00,btc,7.841844928616269,0.0,0.00000055,"btc,eth",20831.38399471,0.0,0.0002655975034881924,61
1,[],28,[],2019-02-27 03:11:02,13880.304,0.0000005,0.00000000001908865,6799045,2019-02-27 03:11:02,btc,2.056291378300105,975.0,0.0000005,btc,9710.59500005,0.0,0.00566391304,61
1,[],4,[],2019-02-27 03:11:03,1425553.98470089,0.00000278,0.000000000106132894,6799046,2019-02-27 03:11:03,btc,11.189624182986782,0.0,0.00000278,btc,776415.99811652,0.32101849,1.3356708776228863,67
0.0,[],25,[],2019-02-27 03:11:04,0.0,0,0,6799047,2019-02-27 03:11:04,,0.0,0.0,0.0,btc,0.0,0.0,0.0,67
1,[],12,[],2019-02-27 03:11:05,2903994.39778028,0.00000025,0.000000000009544324999999999,6799048,2019-02-27 03:11:05,btc,11115999.00799186,0.0,0.00000025,btc,2182785.01015293,0.0198326904107349,0.0930838164411108,71
,[],5,[],2018-11-20 23:02:39,1.5e-07,0.00000005,0.000000000002128045,4862160,2018-11-20 23:02:39,btc,2.84511358,0.0,,btc,0.00036572,0.0,0.07381892,74
1,[],5,[],2019-02-27 03:11:06,0.0,0,0,6799049,2019-02-27 03:11:06,btc,0.0,0.0,0,btc,0.0,0.0,0.0,75
0,[],20,[],2019-01-25 09:30:31,0.0,0,0,6495923,2019-01-25 09:30:31,btc,0.0,0.0,0,btc,0.0,0.0,0.0,81
1,[],4,[],2019-02-27 03:11:07,16180270.251575,0.00000001,0.000000000000381773,6799050,2019-02-27 03:11:07,btc,11388.6314586309,0.0,0.00000001,btc,34441504.9695017,0.00017764,0.16180270251575,81
1,[],4,[],2019-02-27 03:11:09,28476.58480536,0.00007426,0.0000000028350462980000002,6799051,2019-02-27 03:11:09,btc,17.77488195545544,0.0,0.00007426,btc,12760.57799443,0.01335943,0.1278266598314352,82
1,[],21,[],2019-02-27 03:11:10,40688.20366672,0.00007566999999999999887336649129,0.000000002888876291,6799052,2019-02-27 03:11:10,btc,2.1699905233787096,5929.93152307,0.000075669999999999998873366491292102864463231526315212249755859375,btc,23659.13252937,0.44810073,2.1153622706085646,82
0,[],17,[],2019-02-27 03:01:32,0.0,0,0,6798851,2019-02-27 03:01:32,btc,0.0447233088476774,0.0,0,btc,999127.19588126,0.0,0.0,84
0.0000000001168252,[],4,[],2019-02-27 03:11:12,185154519.7926447,3.504756e-18,1.3380212123880001e-22,6799053,2019-02-27 03:11:12,ltc,1.7828320888981182,0.0,0.00000003,ltc,400596832.5913738,0.0,2.9295559343391576e-10,85
,[],22,[],2018-11-20 23:09:34,3408.1,0.0000001,0.0000000000041895,4862324,2018-11-20 23:09:34,BTC,0.04624735,0.0,,BTC,4990.0,0.0,0.00033081,86
0,[],22,[],2019-02-22 12:52:35,0.0,0,0,6758847,2019-02-22 12:52:35,,2.0760781,0.0,0,,140622.94736842104,0.0,0.0,87
0,[],27,[],2019-02-22 12:52:37,0.0,0,0,6758848,2019-02-22 12:52:37,,0.0,0.0,0,btc,0.0,0.0,0.0,87
,[],2,[],2018-11-20 23:10:47,0.0,0,0,4862359,2018-11-20 23:10:47,,0.0,0.0,,,0.0,0.0,0.0,88
1,[],11,[],2019-02-27 03:11:15,86766.03763155,0.00014001000000000000966261792800793273272574879229068756103515625,0.000000005345203773000001,6799054,2019-02-27 03:11:15,btc,609.4619828645175,2.0,0.00014001000000000000966261792800793273272574879229068756103515625,btc,97578.81863904,0.0,5.388396674201448,89
0,[],17,[],2019-02-27 03:01:37,0.0,0,0,6798855,2019-02-27 03:01:37,btc,0.0,0.0,0,btc,0.0,0.0,0.0,91
0,[],2,[],2019-01-20 23:31:45,0.0,0,0,6477083,2019-01-20 23:31:45,,0.0,0.0,0,,0.0,0.0,0.0,91
1,[],12,[],2019-02-27 03:11:16,478929.5730961,0.0000020399999999999999500377954875229846720685600303113460540771484375,0.000000000077881692,6799055,2019-02-27 03:11:16,btc,4.362900233973478,0.0,0.0000020399999999999999500377954875229846720685600303113460540771484375,btc,59670.4799919,0.001827107654341,0.0977266352937867,91
0,[],22,[],2019-02-27 03:11:19,0.0,0,0,6799056,2019-02-27 03:11:19,,3.1e-06,0.0,0,,2.0,0.0,0.0,91
0.0000000001168252,[],22,[],2019-02-27 03:11:22,2791021.0,4.6730080000000004e-18,1.7840282831840001e-22,6799057,2019-02-27 03:11:22,LTC,8.53161599,0.0,0.00000004,LTC,71994962.1,0.0,0.09164084,95
0,[],17,[],2019-02-27 03:01:47,0.0,0,0,6798860,2019-02-27 03:01:47,btc,0.0,0.0,0,btc,0.0,0.0,0.0,96
0.0000000001168252,[],4,[],2019-02-27 03:11:23,646988450.6151512,8.2945892e-17,3.1666502026516e-21,6799058,2019-02-27 03:11:23,ltc,11.890067413029257,0.0,0.00000071,ltc,136367520.44482967,0.00023037,1.7952168136687342e-09,96
0,[],12,[],2019-02-27 03:11:25,0.0,0,0,6799059,2019-02-27 03:11:25,btc,255077.86232305458,0.0,0,btc,8739592.61569404,5.004995005e-06,0.0,96
1,[],4,[],2019-02-27 03:11:27,1443477.65351121,0.00000031,0.000000000011834963,6799060,2019-02-27 03:11:27,btc,3.047043102085191,0.0,0.00000031,btc,2428907.73272614,0.00037865,0.1271164887854971,99
0,[],2,[],2019-01-20 23:23:55,0.0,0,0,6476914,2019-01-20 23:23:55,,0.0,0.0,0,,0.0,0.0,0.0,100
1,[],4,[],2019-02-27 03:11:28,180492.97969535,0.00004681,0.000000001787079413,6799061,2019-02-27 03:11:28,btc,11.843692548365366,0.0,0.00004681,btc,160375.31521928,3.83754555,4.12102839702678,100
1,[],22,[],2019-02-27 03:11:31,50000.0,0.00000001,0.000000000000381773,6799062,2019-02-27 03:11:31,BTC,23.49896609,0.0,0.00000001,BTC,10277.22,0.0,0.0005,101
1,[],4,[],2019-02-27 03:11:32,479407.87060444,0.00000092,0.000000000035123116,6799063,2019-02-27 03:11:32,btc,256.29986477467185,0.0,0.00000092,btc,487774.33379627,0.0163322,0.2492887997641259,103
1,[],12,[],2019-02-27 03:11:35,61556687.54997982,0.000000011,0.00000000000041995029999999996,6799064,2019-02-27 03:11:35,btc,137278920.6463417,0.0,0.000000011,btc,122412708.13016239,0.01241630418297367,0.20858710204977804,105
1,[],27,[],2019-02-27 03:11:36,125810.89,0.00000001,0.000000000000381773,6799065,2019-02-27 03:11:36,btc,36.58510134075966,0.0,0.00000001,btc,575922.56793212,0.0,0.0012581089,105
1,[],22,[],2019-02-27 03:02:02,9328.0,0.00000001,0.00000000000038150500000000005,6798867,2019-02-27 03:02:02,BTC,51.10837004,0.0,0.00000001,BTC,470435.0,0.0,9.328e-05,107
1,[],26,[],2019-02-27 03:02:03,0.0,0.00000000,0,6798868,2019-02-27 03:02:03,btc,0.0,0.0,0.00000000,btc,0.0,0.0,0.0,107
1,[],5,[],2019-02-27 03:11:38,0.0,0,0,6799066,2019-02-27 03:11:38,btc,0.0,0.04812784,0,btc,0.0,0.0,0.0,112
1,[],22,[],2019-02-27 03:11:41,1966.0,0.00000001,0.000000000000381773,6799067,2019-02-27 03:11:41,BTC,2.81183288,0.0,0.00000001,BTC,808524.0833333334,0.0,1.966e-05,112
0.00000000035593800000000005,[],27,[],2019-02-27 03:11:43,2000.0,3.55938e-18,1.35887518074e-22,6799068,2019-02-27 03:11:43,eth,1.35132491849924,0.0,0.00000001,"btc,eth",1328.641654,0.0,7.11876e-15,112
1,[],4,[],2019-02-27 03:11:44,393716.62835874,0.00000290,0.00000000011071417,6799069,2019-02-27 03:11:44,btc,85.09162524643972,0.0,0.00000290,btc,327128.35285241,0.39643525,0.2154266706209486,113
1,[],5,[],2019-02-27 03:11:45,0.0,0,0,6799070,2019-02-27 03:11:45,btc,0.0,0.11864354,0,btc,0.0,0.0,0.0,113
1,[],17,[],2019-02-27 02:12:58,152738.278,0.00000004,0.0000000000015207280000000002,6798685,2019-02-27 02:12:58,btc,1.3368030275000158,0.0,0.00000004,btc,51896.221,0.0,0.0022095311199999998,116
0,[],27,[],2019-02-27 03:11:57,0.0,0,0,6799071,2019-02-27 03:11:57,,0.0,0.0,0,btc,0.0,0.0,0.0,116
1,[],4,[],2019-02-27 03:11:58,283662.22905622,0.00002444,0.0000000009330532120000001,6799072,2019-02-27 03:11:58,btc,29.242597855879353,0.0,0.00002444,btc,84777.79156397,3.23241892,2.0372860402423076,120
1,[],7,[],2019-02-27 03:12:00,16434.98894847,0.00001768999999999999834187323910494882284183404408395290374755859375,0.000000000675356437,6799073,2019-02-27 03:12:00,btc,115647.72633262651,4296.75029274,0.00001768999999999999834187323910494882284183404408395290374755859375,btc,56575.38186679,0.11320635,0.06420070666428,120
1,[],20,[],2019-02-27 03:12:03,1501566.8795,0.00000004,0.000000000001527092,6799074,2019-02-27 03:12:03,btc,32.2909198901994,61082.6083,0.00000004,btc,945515.5386,0.0030820004613,0.010231303801,125
1,[],22,[],2019-02-27 03:12:07,3053.0,0.00000001,0.000000000000381773,6799075,2019-02-27 03:12:07,BTC,0.01444887,0.0,0.00000001,BTC,296263.5111111111,0.0,3.053e-05,126
0,[],17,[],2019-02-27 03:02:38,0.0,0,0,6798880,2019-02-27 03:02:38,btc,0.0009561751951600001,0.0,0,btc,35.42829368,0.0,0.0,131
0,[],2,[],2019-01-20 23:25:46,0.0,0,0,6476969,2019-01-20 23:25:46,,0.0,0.0,0,,0.0,0.0,0.0,131
1,[],4,[],2019-02-27 03:12:08,2680085.56384416,0.00001386,0.000000000529137378,6799076,2019-02-27 03:12:08,btc,8.794085106957546,0.0,0.00001386,btc,127866.84962229,0.09995131,0.7228071939388384,131
1,[],4,[],2019-02-27 03:12:19,4558.88399293,0.00016001,0.000000006108749773,6799077,2019-02-27 03:12:19,btc,1.6208900603326837,0.0,0.00016001,btc,242.95965577,0.0,0.0087097550232815,135
1,[],3,[],2019-02-27 03:12:20,1067833.16685176,0.00000004,0.000000000001527092,6799078,2019-02-27 03:12:20,btc,0.6402423705362453,17905.0,0.00000004,btc,2343705.33020365,0.0,0.0342510493370351,136
1,[],4,[],2019-02-27 03:12:21,270105.25445406,0.00000164,0.000000000062610772,6799079,2019-02-27 03:12:21,btc,38.963329753254094,0.0,0.00000164,btc,570732.39269712,0.39945783,0.0862105531425095,137
1,[],12,[],2019-02-27 03:12:22,294811.19212702,0.00000172999999999999995347796898081949024117420776747167110443115234375,0.000000000066046729,6799080,2019-02-27 03:12:22,btc,11807.597023809223,0.0,0.00000172999999999999995347796898081949024117420776747167110443115234375,btc,122989.33537073,0.0041217156882909,0.0206408699999683,137
1,[],17,[],2019-02-27 02:13:20,22967.386363640002,0.00000088,0.000000000033456016,6798698,2019-02-27 02:13:20,btc,20.069913352842217,0.0,0.00000088,btc,2746.079105,0.0,0.0104613000000032,142
1,[],4,[],2019-02-27 03:12:22,114886.37673135,0.00003451,0.000000001317498623,6799081,2019-02-27 03:12:22,btc,29.03375880598597,0.0,0.00003451,btc,42962.41735999,0.35384223,0.4713907954782994,142
1,[],5,[],2019-02-27 03:12:23,0.0,0,0,6799082,2019-02-27 03:12:23,btc,0.0,0.34602321,0,btc,0.0,0.0,0.0,142
1,[],20,[],2019-02-27 03:12:36,133023.6247,0.000033891,0.0000000012938668743,6799083,2019-02-27 03:12:36,btc,0.2983041056899,8.7156,0.000033891,btc,1238.9328,0.000325058102,0.2281286845659,142
1,[],22,[],2019-02-27 03:12:39,1685.8988921568628,0.00004000,0.000000001527092,6799084,2019-02-27 03:12:39,BTC,3.00385504,0.0,0.00004000,BTC,891.218,0.0,0.00174536,142
0.0,[],25,[],2019-02-27 03:12:40,0.0,0,0,6799085,2019-02-27 03:12:40,,0.0,0.0,0.0,btc,0.0,0.0,0.0,142
1,[],28,[],2019-02-27 03:12:42,76600.0,0.00004400,0.0000000016798012,6799086,2019-02-27 03:12:42,btc,0.0639742472,1263.99,0.00004400,btc,500.6113,0.0,0.0261072,142
0,[],22,[],2019-02-27 03:12:44,0.0,0,0,6799087,2019-02-27 03:12:44,,60.80280694,0.0,0,,704341446.3,0.0,0.0,143
0,[],22,[],2019-02-25 15:42:22,0.0,0,0,6783783,2019-02-25 15:42:22,,4.2131946,0.0,0,,2322156.0,0.0,0.0,146
,[],22,[],2018-11-20 23:01:11,0.0,0,0,4862114,2018-11-20 23:01:11,,2.56807021,0.0,,,61828.4988236,0.0,0.0,147
1,[],12,[],2019-02-27 03:12:46,218846.70097922,0.00000250000000000000020450763478507827386465578456409275531768798828125,0.00000000009544325000000001,6799088,2019-02-27 03:12:46,btc,16.291446064713664,0.0,0.00000250000000000000020450763478507827386465578456409275531768798828125,btc,117105.96563389,0.0016393581818127,0.0267927799999978,148
1,[],4,[],2019-02-27 03:12:48,245585.26225639,0.00000032,0.000000000012216736,6799089,2019-02-27 03:12:48,btc,219.96740947211504,0.0,0.00000032,btc,800814.6791546,0.00098764,0.0582338765629442,152
0,[],22,[],2019-02-27 03:12:50,0.0,0,0,6799090,2019-02-27 03:12:50,,0.0,0.0,0,,0.0,0.0,0.0,152
1,[],5,[],2019-02-27 03:12:51,0.0,0,0,6799091,2019-02-27 03:12:51,btc,0.0,0.0,0,btc,0.0,0.0,0.0,153
,[],16,[],2019-01-11 15:38:59,0.0,0,0,6366141,2019-01-11 15:38:59,btc,0.0,0.0,,btc,0.0,0.0,0.0,155
0,[],23,[],2019-01-20 23:24:29,0.0,0,0,6476932,2019-01-20 23:24:29,,0.0,0.0,0,,0.0,0.0,0.0,156
0,[],22,[],2019-02-27 03:12:54,0.0,0,0,6799092,2019-02-27 03:12:54,,6.74829967,0.0,0,,4646626.747643097,0.0,0.0,156
1,[],22,[],2019-02-27 03:12:58,7073.8,0.00005300,0.0000000020233969,6799093,2019-02-27 03:12:58,BTC,1.80343699,0.0,0.00005300,BTC,899.6422341958436,0.0,0.00104336,157
0,[],22,[],2019-02-27 03:13:01,0.0,0,0,6799094,2019-02-27 03:13:01,,50175.68008609,0.0,0,,54479136.04179466,0.0,0.0,158
,[],17,[],2018-11-20 22:56:10,0.0,0,0,4861976,2018-11-20 22:56:10,btc,1.1265625,0.0,,btc,1000.0,0.0,0.0,159
,[],20,[],2018-11-20 22:56:12,0.0,0,0,4861977,2018-11-20 22:56:12,btc,11912.7940471,0.0,,btc,34413894.3617,0.0,0.0,159
1,[],17,[],2019-02-27 03:03:20,29784.95,0.000001,0.0000000000381505,6798900,2019-02-27 03:03:20,btc,0.03026736251542,0.0,0.000001,btc,144.46171372,0.0,0.00716147,168
1,[],12,[],2019-02-27 03:13:02,181576.18343767,0.0000080600000000000007575884364285911942715756595134735107421875,0.00000000030770903800000004,6799095,2019-02-27 03:13:02,btc,6.642219294081341,0.0,0.0000080600000000000007575884364285911942715756595134735107421875,btc,13614.44413222,0.0052129859076038,0.09083263895289359,168
1,[],22,[],2019-02-27 03:13:07,262263.0,0.00000001,0.000000000000381773,6799096,2019-02-27 03:13:07,BTC,1.14695792,0.0,0.00000001,BTC,779972.8900917594,2.19e-06,0.00262263,169
1,[],22,[],2019-02-27 03:13:13,200000.0,0.00000001,0.000000000000381773,6799097,2019-02-27 03:13:13,BTC,13.2501524,0.0,0.00000001,BTC,144336.2939341018,0.0,0.002,171
1,[],22,[],2019-02-27 03:13:17,33544.0,0.00000005,0.000000000001908865,6799098,2019-02-27 03:13:17,BTC,2.19694125,0.0,0.00000005,BTC,240047.10850564364,0.00062419,0.00033724,173
1,[],5,[],2019-02-27 03:13:18,0.0,0,0,6799099,2019-02-27 03:13:18,btc,0.0,0.16318397,0,btc,0.0,0.0,0.0,175
1,[],22,[],2019-02-27 03:13:21,45904.0,0.0000003,0.00000000001145319,6799100,2019-02-27 03:13:21,BTC,0.52955903,0.0,0.0000003,BTC,143368.41384013777,0.0,0.0052148,176
0,[],2,[],2019-01-20 23:28:34,0.0,0,0,6477001,2019-01-20 23:28:34,,0.0,0.0,0,,0.0,0.0,0.0,178
1,[],7,[],2019-02-27 03:13:22,0.0,0,0,6799101,2019-02-27 03:13:22,btc,410932.5281358376,0.0,0,btc,117881559.31901672,0.0,0.0,178
0,[],22,[],2019-02-27 03:13:25,0.0,0,0,6799102,2019-02-27 03:13:25,,1.00242428,0.0,0,,57512.0,0.0,0.0,178
1,[],22,[],2019-02-27 03:13:31,7046871.666666667,0.00000003,0.000000000001145319,6799104,2019-02-27 03:13:31,BTC,5.63366894,0.0,0.00000003,"BTC,LTC",17147700.756535422,0.00043856,0.38128759,179
0,[],23,[],2019-01-20 23:25:08,0.0,0,0,6476952,2019-01-20 23:25:08,,0.0,0.0,0,,0.0,0.0,0.0,179
1,[],5,[],2019-02-27 03:13:27,0.0,0,0,6799103,2019-02-27 03:13:27,btc,0.0,0.00759693,0,btc,0.0,0.0,0.0,179
1,[],17,[],2019-02-27 03:13:41,10504.725,0.0000001,0.00000000000381773,6799105,2019-02-27 03:13:41,btc,5.2010695838170005,0.0,0.0000001,btc,4994.45945,0.0,0.0010504725,180
0.0000000001168252,[],22,[],2019-02-27 03:13:45,128605.4,1.168252e-17,4.460070707960001e-22,6799106,2019-02-27 03:13:45,LTC,0.20879975,0.0,0.0000001,LTC,64983.15904628841,0.0,0.00130544,180
1,[],26,[],2019-02-27 03:13:45,0.0,0.00000160,0.00000000006108368,6799107,2019-02-27 03:13:45,btc,0.0,0.0,0.00000160,btc,0.0,0.0,0.0,180
,[],7,[],2018-11-20 22:58:01,562227.975654,0.00000085,0.000000000036176765,4862015,2018-11-20 22:58:01,btc,21836.6059674,2491.87645172,,btc,749999.041456,0.00211021,0.127565380455,183
1,[],24,[],2019-02-27 03:13:45,0.0,0.000000000001,3.81773e-17,6799108,2019-02-27 03:13:45,btc,0.0,0.0,0.000000000001,btc,0.0,0.0,0.0,187
,[],5,[],2019-01-10 08:11:41,0.0,0,0,6347036,2019-01-10 08:11:41,btc,82.15055501,0.00261,,btc,1.19002445,0.0,0.0,187
,[],17,[],2018-11-16 20:58:10,4062536.27273,0.00000001,0.000000000000550501,4708775,2018-11-16 20:58:10,btc,3.36492563466,0.195460381006,,"btc,eth",110697919.549,0.0,0.0157628953496,187
0,[],22,[],2019-02-27 03:13:48,0.0,0,0,6799109,2019-02-27 03:13:48,,1.19374396,0.0,0,,16308.869534405507,0.0,0.0,191
0,[],22,[],2019-02-27 03:13:56,0.0,0,0,6799110,2019-02-27 03:13:56,,0.0,0.0,0,,0.0,0.0,0.0,197
0,[],22,[],2019-02-27 03:13:59,0.0,0,0,6799111,2019-02-27 03:13:59,,5.19477622,0.0,0,,21058553.0,0.0,0.0,199
1,[],26,[],2019-02-27 03:13:59,0.0,0.00000000,0,6799112,2019-02-27 03:13:59,btc,0.0,4.0,0.00000000,btc,0.0,0.0,0.0,199
0,[],23,[],2019-01-20 23:31:41,0.0,0,0,6477079,2019-01-20 23:31:41,,0.0,0.0,0,,0.0,0.0,0.0,199
0,[],17,[],2019-01-30 16:32:01,0.0,0,0,6540827,2019-01-30 16:32:01,btc,6.802544163788159,0.0,0,btc,105897.55575295,0.0,0.0,200
0,[],2,[],2019-01-20 23:30:49,0.0,0,0,6477059,2019-01-20 23:30:49,,0.0,0.0,0,,0.0,0.0,0.0,201
1,[],4,[],2019-01-25 15:51:35,2084389.58565343,0.00000936,0.000000000333526752,6499557,2019-01-25 15:51:35,btc,2.0092503037378524,0.0,0.00000936,btc,160195.80207885,0.19272417,1.242687955921835,211
1,[],7,[],2019-02-27 03:14:01,4484440.25333422,0.0000013299999999999999715787242504649867669286322779953479766845703125,0.000000000050775809,6799113,2019-02-27 03:14:01,btc,15476653.613757866,756333.071506,0.0000013299999999999999715787242504649867669286322779953479766845703125,btc,11931380.05169367,0.0,3.508918316310829,212
1,[],5,[],2019-02-27 03:14:03,0.0,0,0,6799114,2019-02-27 03:14:03,btc,0.0,0.38031801,0,btc,0.0,0.0,0.0,213
1,[],24,[],2019-02-27 03:14:03,0.0,0.000000100000,0.00000000000381773,6799115,2019-02-27 03:14:03,btc,0.0,0.0,0.000000100000,btc,0.0,0.0,0.0,213
1,[],26,[],2019-02-27 03:14:03,0.0,0.00000010,0.00000000000381773,6799116,2019-02-27 03:14:03,btc,0.0,0.0,0.00000010,btc,0.0,0.0,0.0,213
1,[],12,[],2019-01-25 02:44:32,207462.42853209,0.000001080000000000000035831255497387193287295303889550268650054931640625,0.000000000038610756000000006,6493050,2019-01-25 02:44:32,btc,85023.03793723314,0.0,0.000001080000000000000035831255497387193287295303889550268650054931640625,btc,43675.73520027,0.000146250909087,0.0348620860622024,213
1,[],22,[],2019-02-27 03:14:07,29085.0,0.00000001,0.000000000000381773,6799117,2019-02-27 03:14:07,BTC,2.2293,0.0,0.00000001,BTC,574426.3963726171,0.00075806,0.00029085,216
1,[],27,[],2019-02-27 03:14:10,1301251.005988,0.00000007,0.000000000002672411,6799118,2019-02-27 03:14:10,btc,316.33345711644,580.0,0.00000007,"btc,ltc",234898.901,6.96e-05,0.033957470419370285,216
1,[],22,[],2019-02-27 03:14:14,253774.0040747906,0.00000230,0.00000000008780779000000001,6799119,2019-02-27 03:14:14,BTC,12673.66448394,0.0,0.00000230,BTC,386488.6452312174,0.39438122,0.367091,217
1,[],7,[],2019-02-27 03:14:16,0.0,0,0,6799120,2019-02-27 03:14:16,btc,77969.77488735563,0.0,0,btc,137043486.5550253,0.0,0.0,219
0,[],27,[],2019-02-27 03:14:19,0.0,0,0,6799121,2019-02-27 03:14:19,,0.0740438339680921,0.0,0,btc,1536429.20709513,0.0,0.0,219
0.0000000000000052,[],28,[],2019-02-27 03:14:21,167609414.732,2.3404680000000002e-18,8.935274897640001e-23,6799122,2019-02-27 03:14:21,doge,83883.3352434475,1217645.0,0.00045009,"btc,doge",4823713.77951,0.0,9.277680338775264e-12,219
1,[],22,[],2019-02-27 03:14:25,240665.0,0.00000002,0.000000000000763546,6799123,2019-02-27 03:14:25,BTC,3.01323916,0.0,0.00000002,BTC,129679.27041875875,0.0,0.00440665,221
1,[],24,[],2019-02-27 03:14:25,0.0,0.000000200000,0.00000000000763546,6799124,2019-02-27 03:14:25,btc,0.0,0.0,0.000000200000,btc,0.0,0.0,0.0,221
1,[],20,[],2019-02-27 03:14:27,40808456.2707,0.000000001,0.0000000000000381773,6799125,2019-02-27 03:14:27,btc,48.0255751569449,2030195.8282,0.000000001,btc,11203529.3145,0.0020301958282,0.0408084562707,224
0,[],22,[],2019-02-27 03:14:29,0.0,0,0,6799126,2019-02-27 03:14:29,,0.0,0.0,0,,0.0,0.0,0.0,224
1,[],26,[],2019-02-27 03:14:29,0.0,0.00000035,0.000000000013362055,6799127,2019-02-27 03:14:29,btc,0.0,0.0,0.00000035,btc,0.0,0.0,0.0,231
1,[],26,[],2019-02-27 03:14:30,0.0,0.00000006,0.000000000002290638,6799128,2019-02-27 03:14:30,btc,0.0,2050.0,0.00000006,btc,0.0,0.0,0.0,234
0.00000000035593800000000005,[],27,[],2019-02-27 03:14:32,2000.0,3.55938e-18,1.35887518074e-22,6799129,2019-02-27 03:14:32,eth,0.0113483662182,0.0,0.00000001,"btc,eth",11462.99618,0.0,7.11876e-15,234
1,[],4,[],2019-02-27 03:14:33,886309.38589105,0.00000072,0.000000000027487656,6799130,2019-02-27 03:14:33,btc,4.437653743820412,0.0,0.00000072,btc,1073874.22404577,0.16100659,0.2631308040326001,236
1,[],24,[],2019-02-27 03:14:33,0.0,0.000000300000,0.00000000001145319,6799131,2019-02-27 03:14:33,btc,0.0,0.0,0.000000300000,btc,0.0,0.0,0.0,236
1,[],20,[],2019-02-27 03:14:35,71915248.798,0.000000059,0.0000000000022524607,6799132,2019-02-27 03:14:35,btc,9.2752283532022,11674785.9871,0.000000059,btc,45146817.3312,0.6540554386514,0.489747723215,237
0.0000000001168252,[],22,[],2019-02-27 03:14:39,14400.0,1.168252e-17,4.460070707960001e-22,6799133,2019-02-27 03:14:39,LTC,0.0405823,0.0,0.0000001,LTC,3164.0,0.0,0.00144,237
1,[],4,[],2019-02-27 03:14:40,7486801.44648744,0.00000034,0.000000000012980282,6799134,2019-02-27 03:14:40,btc,6.169192205336262,0.0,0.00000034,btc,9537108.99064553,0.14806512,1.6722887894340663,238
1,[],5,[],2019-02-27 03:14:41,0.0,0,0,6799135,2019-02-27 03:14:41,btc,0.0,0.02180234,0,btc,0.0,0.0,0.0,238
0,[],22,[],2019-02-27 03:14:44,0.0,0,0,6799136,2019-02-27 03:14:44,,0.41356282,0.0,0,,316008.5639027493,0.0,0.0,249
0.0000000001168252,[],22,[],2019-02-27 03:14:47,7121097.666666667,3.504756e-18,1.3380212123880001e-22,6799137,2019-02-27 03:14:47,LTC,0.52925409,0.0,0.00000003,LTC,19096234.09,0.0,0.21263595,252
1,[],28,[],2019-02-27 03:14:53,4567665.434,0.00000022,0.000000000008399006,6799138,2019-02-27 03:14:53,btc,164706.66412978733,482815.338,0.00000022,btc,1963115.4669,0.0,0.38159691954,256
1,[],22,[],2019-02-27 03:14:57,1066287.3333333333,0.00000003,0.000000000001145319,6799139,2019-02-27 03:14:57,BTC,31.43427016,0.0,0.00000003,BTC,545727.8076914564,0.0004982,0.01084334,258
1,[],22,[],2019-02-27 03:15:01,48751.0,0.00000001,0.000000000000381773,6799140,2019-02-27 03:15:01,BTC,2.4175745,0.0,0.00000001,BTC,1762.0,0.0,0.00048751,259
1,[],5,[],2019-02-27 03:15:02,0.0,0,0,6799141,2019-02-27 03:15:02,btc,0.0,0.34387091,0,btc,0.0,0.0,0.0,264
1,[],20,[],2019-02-27 03:15:04,1222381.8436,0.00000201,0.000000000076736373,6799142,2019-02-27 03:15:04,btc,7.3285499323288,81526.3086,0.00000201,btc,89170.7507,0.2531299371422,0.0185272722757,264
0,[],22,[],2019-02-27 03:15:07,0.0,0,0,6799143,2019-02-27 03:15:07,,8.43388524,0.0,0,,424741.8107878143,0.0,0.0,271
0,[],22,[],2019-02-27 03:15:10,0.0,0,0,6799144,2019-02-27 03:15:10,,255.79451411,0.0,0,,14042138615.9,0.0,0.0,272
0.0000000000000052,[],28,[],2019-02-27 03:15:12,254388131403.787,4.576e-21,1.746993248e-25,6799145,2019-02-27 03:15:12,doge,21997031.982845023,135909052885.82,0.00000088,doge,237794185350.9798,0.0,7.312134981049509e-10,272
1,[],22,[],2019-02-27 03:15:17,114648.74,0.00000200,0.0000000000763546,6799146,2019-02-27 03:15:17,BTC,74.32244193,0.0,0.00000200,"BTC,LTC",8380.527743939856,0.0,0.04337297,281
1,[],22,[],2019-02-27 03:15:22,863814.5,0.00000002,0.000000000000763546,6799147,2019-02-27 03:15:22,BTC,1.33236171,0.0,0.00000002,BTC,138490.6655455173,5.99e-06,0.01714417,286
0,[],22,[],2019-02-27 03:15:25,0.0,0,0,6799148,2019-02-27 03:15:25,,43634.52001853,0.0,0,,419066696.0,0.0,0.0,294
