pairValue,buyBook,exchangeId,sellBook,updated,buyTotal,satoshiPrice,usdPrice,exchangeLogId,created,bestPair,sellTotalBtc,volume,pairPrice,activePairs,sellTotal,volumeBtc,buyTotalBtc,coinId
1,[],3,[],2019-03-06 23:09:57,30538.93624817929,0.0127322700000000003928146696807743865065276622772216796875,0.000000491484720405,6862923,2019-03-06 23:09:57,btc,61.1126386758416,0.012946771716,0.0127322700000000003928146696807743865065276622772216796875,btc,25.115752456169,0.0,0.2619707179284369,1
1,[],4,[],2019-03-06 23:09:58,207894.99920416,0.01270000,0.00000049023905,6862924,2019-03-06 23:09:58,btc,9.646502128303094,0.0,0.01270000,btc,292.40655096,0.93496487,2.882250777361181,1
1,[],5,[],2019-03-06 23:10:01,0.0,0,0,6862925,2019-03-06 23:10:01,btc,0.0,0.01320051,0,btc,0.0,0.0,0.0,1
1,[],10,[],2019-03-06 23:10:03,414599.12147419,0.01078611,0.000000416360025165,6862926,2019-03-06 23:10:03,btc,6523.3714001086655,1290.29138941,0.01078611,btc,1200.18244775,0.0,5.581679639139802,1
1,[],12,[],2019-03-06 23:10:08,118.58518878,0.0127899999999999992861265951660243445076048374176025390625,0.000000493713185,6862927,2019-03-06 23:10:08,btc,0.1602955019602,0.0,0.0127899999999999992861265951660243445076048374176025390625,btc,10.33268867,0.0708571761041,0.4908629071181,1
1,[],20,[],2019-03-06 23:10:10,1152.5864,0.010500286,0.000000405326790029,6862928,2019-03-06 23:10:10,btc,0.0554564883395,0.3915,0.010500286,btc,2.4799,0.0046697723592,0.1059709135933,1
1,[],21,[],2019-03-06 23:10:11,1687.13717643,0.01280369999999999945650142053,0.00000049424202555,6862929,2019-03-06 23:10:11,btc,13.489082414950202,2579.02121907,0.01280369999999999945650142052500086720101535320281982421875,"btc,eth",1374.83261985,30.97044959857628,17.158503023770493,1
1,[],22,[],2019-03-06 23:10:27,0.006382215384615385,0.01300000,0.0000005018195,6862930,2019-03-06 23:10:27,BTC,0.31439419,0.0,0.01300000,BTC,0.12751438772928525,0.0,7.978e-05,1
1,[],24,[],2019-03-06 23:10:27,0.0,0.000000000000,0,6862931,2019-03-06 23:10:27,btc,0.0,0.0,0.000000000000,btc,0.0,0.0,0.0,1
0.0,[],25,[],2019-03-06 23:10:28,0.0,0,0,6862932,2019-03-06 23:10:28,btc,35.1810999979314,67.30880035,0.0,btc,2659.07859567,0.8574,0.0,1
1,[],26,[],2019-03-06 23:10:38,0.0,0,0,6862933,2019-03-06 23:10:38,,0.0,0.0,0,,0.0,0.0,0.0,1
1,[],28,[],2019-03-06 23:10:40,994.047,0.01560000,0.0000006021834000000001,6862934,2019-03-06 23:10:40,btc,0.147239806,17812.95,0.01560000,btc,7.9,0.0,0.103420756,1
0,[],2,[],2019-01-20 23:28:45,0.0,0,0,6477011,2019-01-20 23:28:45,,0.0,0.0,0,,0.0,0.0,0.0,1
1,[],5,[],2019-03-06 23:10:42,0.0,0,0,6862935,2019-03-06 23:10:42,btc,0.0,0.01062043,0,btc,0.0,0.0,0.0,2
0.0000000001257891,[],22,[],2019-03-06 23:10:45,1148.0,1.3836801e-16,5.3412127380150005e-21,6862936,2019-03-06 23:10:45,XMR,21.01373823,0.0,0.00000110,XMR,14319.12581,0.0,0.00087635,2
1,[],5,[],2019-03-06 23:10:47,0.0,0,0,6862937,2019-03-06 23:10:47,btc,0.0,1.42704115,0,btc,0.0,0.0,0.0,3
1,[],12,[],2019-03-06 23:10:49,1708175.033623,0.000000176,0.000000000006793864,6862938,2019-03-06 23:10:49,btc,18476.79391076745,0.0,0.000000176,btc,814693.33145861,0.05389008793980815,0.252335895752908,3
0,[],28,[],2019-03-06 23:10:50,0.0,0,0,6862939,2019-03-06 23:10:50,,0.0,0.0,0,,0.0,0.0,0.0,3
0,[],2,[],2019-01-20 23:31:32,0.0,0,0,6477077,2019-01-20 23:31:32,,0.0,0.0,0,,0.0,0.0,0.0,4
1,[],4,[],2019-03-06 07:42:51,399811.41130817,0.00000037,0.000000000014225612,6856592,2019-03-06 07:42:51,btc,32.25588008858344,0.0,0.00000037,btc,710412.77475616,0.01275082,0.0541874837964531,4
1,[],12,[],2019-03-06 23:10:52,454735.0,0.00000002,0.0000000000007720300000000001,6862940,2019-03-06 23:10:52,btc,6.70124887,0.0,0.00000002,btc,412102.0,0.00020434,0.0064544400000000005,5
0,[],2,[],2019-01-20 23:31:51,0.0,0,0,6477087,2019-01-20 23:31:51,,0.0,0.0,0,,0.0,0.0,0.0,6
1,[],11,[],2019-03-06 23:10:54,5132884.5,0.00000002,0.0000000000007720300000000001,6862941,2019-03-06 23:10:54,btc,9568.23120290766,448000.0,0.00000002,btc,42611702.90271394,0.0,0.070132525,6
1,[],3,[],2019-03-06 23:10:55,1084.051777013546,0.00015194000000000001233090018981641833306639455258846282958984375,0.000000005865111910000001,6862942,2019-03-06 23:10:55,btc,28.402034233092024,0.0,0.00015194000000000001233090018981641833306639455258846282958984375,btc,243.122414578101,0.0,0.03373039004531241,7
1,[],4,[],2019-03-06 23:10:55,104169.28771063,0.00024623,0.000000009504847345,6862943,2019-03-06 23:10:55,btc,10.808687895854273,0.0,0.00024623,btc,33992.60876185,7.04916665,7.898637441109819,7
1,[],5,[],2019-03-06 23:10:56,0.0,0,0,6862944,2019-03-06 23:10:56,btc,0.0,1.27518336,0,btc,0.0,0.0,0.0,7
1,[],20,[],2019-02-20 02:16:17,39399275.8418,0.000000001,0.0000000000000390183,6728586,2019-02-20 02:16:17,btc,116.9737569154545,525.0,0.000000001,btc,56932965.8895,5.25e-07,0.0393992758418,8
0,[],2,[],2019-01-20 23:22:42,0.0,0,0,6476876,2019-01-20 23:22:42,,0.0,0.0,0,,0.0,0.0,0.0,9
0,[],23,[],2019-01-20 23:22:48,0.0,0,0,6476878,2019-01-20 23:22:48,,0.0,0.0,0,,0.0,0.0,0.0,9
1,[],4,[],2019-03-06 23:10:58,1399256.46061678,0.00000151,0.000000000058288265,6862945,2019-03-06 23:10:58,btc,5.318496824164049,0.0,0.00000151,btc,2547840.01178822,3.61361044,1.1851432281803043,9
1,[],28,[],2019-03-06 23:11:00,38863.15,0.00000166,0.00000000006407849000000001,6862946,2019-03-06 23:11:00,btc,2708.761281370583,3557758.0,0.00000166,btc,11954.1497,0.0,0.035782829,9
1,[],1,[],2019-02-17 23:31:42,1822507.21,0.00000181000000000000003456111265232042484285557293333113193511962890625,0.000000000066086901,6701244,2019-02-17 23:31:42,btc,3.6990969245,17153386.5,0.00000181000000000000003456111265232042484285557293333113193511962890625,btc,1997391.71,31.11772986,3.2610482446,9
1,[],4,[],2019-02-17 11:22:43,4341674.27126056,0.00000002,0.0000000000007272960000000001,6696112,2019-02-17 11:22:43,btc,0.1997230937751353,0.0,0.00000002,btc,4109766.79808031,0.00215132,0.0479381022052112,10
0,[],2,[],2019-01-20 23:23:08,0.0,0,0,6476890,2019-01-20 23:23:08,,0.0,0.0,0,,0.0,0.0,0.0,12
1,[],4,[],2019-03-06 23:11:01,6433035.20212972,0.00000122,0.00000000004709383,6862947,2019-03-06 23:11:01,btc,12.133982774865052,0.0,0.00000122,btc,6528933.01506048,3.07858276,4.010193476026252,12
1,[],5,[],2019-03-06 23:11:03,0.0,0,0,6862948,2019-03-06 23:11:03,btc,0.0,0.45248659,0,btc,0.0,0.0,0.0,12
0.0,[],25,[],2019-03-06 23:11:04,0.0,0,0,6862949,2019-03-06 23:11:04,,0.0,0.0,0.0,btc,0.0,0.0,0.0,12
1,[],4,[],2019-03-06 23:11:05,31990408.43258652,0.00000596,0.00000000023006494000000001,6862950,2019-03-06 23:11:05,btc,3.0769437018443377,0.0,0.00000596,btc,403609.30225951,0.74400729,1.0496841339603598,13
1,[],21,[],2019-03-06 23:11:08,1064330.8914678,0.000006280000000000000012279673806,0.00000000024241742,6862951,2019-03-06 23:11:08,btc,6.072422564983006,905280.2433603,0.0000062800000000000000122796738055708232195684104226529598236083984375,btc,849162.73842062,5.62283968,5.975710546913362,13
1,[],10,[],2019-03-06 22:23:14,395950.56302822,0.00000561,0.000000000216391164,6862768,2019-03-06 22:23:14,btc,666801.2925079227,6431.32603806,0.00000561,btc,711999.58814582,0.0,0.2497127750927527,13
1,[],4,[],2019-03-06 23:11:09,736615.89978812,0.00000137,0.000000000052884055000000004,6862952,2019-03-06 23:11:09,btc,11.016247686900382,0.0,0.00000137,btc,908298.66679247,0.00760424,0.1961660080566299,14
1,[],12,[],2019-03-06 23:11:11,284649.703125,0.00000128000000000000002678087786256444502441809163428843021392822265625,0.000000000049409920000000006,6862953,2019-03-06 23:11:11,btc,0.11206398964120319,0.0,0.00000128000000000000002678087786256444502441809163428843021392822265625,btc,6604.13631503,3.489006995e-05,0.04985035,14
1,[],26,[],2019-03-06 23:11:22,0.0,0.00000050,0.00000000001930075,6862954,2019-03-06 23:11:22,btc,0.0,0.0,0.00000050,btc,0.0,0.0,0.0,14
0,[],17,[],2019-03-06 22:23:21,0.0,0,0,6862772,2019-03-06 22:23:21,btc,0.0,0.0,0,btc,0.0,0.0,0.0,14
0,[],4,[],2019-03-06 23:11:23,0.0,0,0,6862955,2019-03-06 23:11:23,,0.0,0.0,0,,0.0,0.0,0.0,15
,[],12,[],2018-12-01 15:15:48,204241.84496,0.00000489,0.000000000202473384,5260204,2018-12-01 15:15:48,btc,49.5475654835,0.0,,btc,35763.2193806,0.0163153972027625,0.0203389899998,15
0,[],2,[],2019-01-20 23:23:38,0.0,0,0,6476906,2019-01-20 23:23:38,,0.0,0.0,0,,0.0,0.0,0.0,18
1,[],4,[],2019-03-06 23:11:25,24570.77118734,0.00001760,0.0000000006793864000000001,6862956,2019-03-06 23:11:25,btc,1.380631335467332,0.0,0.00001760,btc,11558.20136218,0.032804,0.058175370456201,18
1,[],10,[],2019-03-06 23:11:27,785546.23302145,0.00001728,0.00000000066703392,6862957,2019-03-06 23:11:27,btc,15.365045393512492,1500.86220159,0.00001728,btc,12122.02544251,0.0,0.1674982992045377,18
1,[],12,[],2019-03-06 23:11:29,362585.20709408,0.000014320000000000000114322613875561529539481853134930133819580078125,0.00000000055277348,6862958,2019-03-06 23:11:29,btc,0.0080972764995059,0.0,0.000014320000000000000114322613875561529539481853134930133819580078125,btc,464.30699816,0.0033418006736279,0.0265947140517092,18
0,[],17,[],2019-03-06 22:10:12,0.0,0,0,6862577,2019-03-06 22:10:12,btc,0.0,0.0,0,btc,0.0,0.0,0.0,18
1,[],3,[],2019-03-06 23:11:41,118544.02838222137,0.00001900000000000000104603825601401467793039046227931976318359375,0.0000000007334285000000001,6862959,2019-03-06 23:11:41,btc,0.502727056169373,4735.04772948,0.00001900000000000000104603825601401467793039046227931976318359375,btc,8989.037490628622,0.0,0.034356315749845816,19
1,[],4,[],2019-03-06 23:11:41,273587.40272047,0.00001911,0.000000000737674665,6862960,2019-03-06 23:11:41,btc,3.442065478909557,0.0,0.00001911,btc,127066.16538393,0.5886502,2.579732760228642,19
1,[],5,[],2019-03-06 23:11:43,0.0,0,0,6862961,2019-03-06 23:11:43,btc,0.0,0.00672627,0,btc,0.0,0.0,0.0,19
1,[],12,[],2019-03-06 23:11:44,168903.78940475,0.00001113000000000000016338493058487557618718710727989673614501953125,0.000000000429634695,6862962,2019-03-06 23:11:44,btc,0.1287400610419107,0.0,0.00001113000000000000016338493058487557618718710727989673614501953125,btc,231.27457877,0.0001112,0.020013549999983,19
0,[],27,[],2019-03-06 23:11:46,0.0,0,0,6862963,2019-03-06 23:11:46,,0.0,0.0,0,btc,0.0,0.0,0.0,19
0,[],2,[],2019-01-20 23:24:19,0.0,0,0,6476924,2019-01-20 23:24:19,,0.0,0.0,0,,0.0,0.0,0.0,19
1,[],4,[],2019-03-06 23:11:47,2770050.9819615,0.00000012,0.00000000000463218,6862964,2019-03-06 23:11:47,btc,7.379832289760813,0.0,0.00000012,btc,2857583.25385408,0.00047882,0.0767787845064953,20
1,[],4,[],2019-03-06 23:11:49,104044721.4240369,0.00000002,0.00000000000077203,6862965,2019-03-06 23:11:49,btc,1803.1968178724417,0.0,0.00000002,btc,55486694.38439335,0.0,1.1676348716013787,21
1,[],12,[],2019-03-06 23:11:50,1178724.0,0.00000001,0.00000000000038601500000000005,6862966,2019-03-06 23:11:50,btc,0.61319711003996,0.0,0.00000001,btc,1693448.001998,0.00020003996004,0.011787240000000001,21
0,[],17,[],2019-03-06 22:23:50,0.0,0,0,6862786,2019-03-06 22:23:50,btc,0.0,0.0,0,btc,0.0,0.0,0.0,21
1,[],12,[],2019-03-06 23:11:51,2344370223.0,0.0000000001,0.00000000000000386015,6862967,2019-03-06 23:11:51,btc,5304.4313589383155,0.0,0.0000000001,btc,1212571704.5788102,0.002363233644277912,0.23443702230000002,23
0,[],27,[],2019-03-06 23:11:53,0.0,0,0,6862968,2019-03-06 23:11:53,,13.503256366593412,0.0,0,eth,1966931.35514486,0.0,0.0,23
1,[],4,[],2019-03-06 23:11:54,592154.91041264,0.00000042,0.00000000001621263,6862969,2019-03-06 23:11:54,btc,9.602183561156034,0.0,0.00000042,btc,1599347.40532909,0.01486091,0.1573552778447247,24
1,[],22,[],2019-03-06 23:11:58,11.76,0.00000100,0.0000000000386015,6862970,2019-03-06 23:11:58,BTC,7.415e-05,0.0,0.00000100,BTC,23.919354838709676,0.0,1.176e-05,24
0.0,[],25,[],2019-03-06 23:11:59,0.0,0,0,6862971,2019-03-06 23:11:59,,0.0,0.0,0.0,btc,0.0,0.0,0.0,24
1,[],4,[],2019-03-06 23:12:00,26577704.08111283,0.00000604,0.00000000023315306,6862972,2019-03-06 23:12:00,btc,66.25875391620731,0.0,0.00000604,btc,241555.50566037,0.11339772,0.4361842034349432,26
1,[],10,[],2019-03-06 23:12:02,685163.32320908,0.00000603,0.000000000232767045,6862973,2019-03-06 23:12:02,btc,26.130923846437227,4379.66235161,0.00000603,btc,14754.6569521,0.0,0.2260955298116168,26
0,[],2,[],2019-01-20 23:25:56,0.0,0,0,6476976,2019-01-20 23:25:56,,0.0,0.0,0,,0.0,0.0,0.0,26
1,[],3,[],2019-03-06 23:12:03,10349566.88133568,0.00000001,0.00000000000038601500000000005,6862974,2019-03-06 23:12:03,btc,2.142920671138151,490.0,0.00000001,btc,16667731.21946317,0.0,0.1034956688133568,27
1,[],5,[],2019-03-06 23:12:04,0.0,0,0,6862975,2019-03-06 23:12:04,btc,0.0,9.022e-05,0,btc,0.0,0.0,0.0,27
1,[],11,[],2019-03-06 23:12:06,9461840.38103613,0.00000005,0.000000000001930075,6862976,2019-03-06 23:12:06,btc,67506.32843704063,170.63047893,0.00000005,btc,7972152.75036371,0.0,0.44099231334143857,27
1,[],4,[],2019-03-06 23:12:07,1228040182.465766,0.00000001,0.000000000000386015,6862977,2019-03-06 23:12:07,btc,2.767399116838916,0.0,0.00000001,"btc,ltc",214339997.96233916,2.1829707,7.746396016266025,29
1,[],7,[],2019-03-06 23:12:08,36315637.65713054,0.00000002,0.0000000000007720300000000001,6862978,2019-03-06 23:12:08,btc,44462588.023804314,642537.700067,0.00000002,btc,45717322.22392385,0.0,0.3828362149875527,29
1,[],4,[],2019-03-06 23:12:09,2365163.48200549,0.00000024,0.00000000000926436,6862979,2019-03-06 23:12:09,btc,2.480861358410705,0.0,0.00000024,btc,1866753.09078417,0.00419127,0.1085235168542581,30
0,[],17,[],2019-03-06 23:12:11,0.0,0,0,6862980,2019-03-06 23:12:11,btc,0.0,0.0,0,btc,0.0,0.0,0.0,30
1,[],4,[],2019-03-06 23:12:12,187117.80821632,0.00006425,0.000000002480146375,6862981,2019-03-06 23:12:12,btc,8.951657879873315,0.0,0.00006425,btc,92464.20432024,0.71133761,2.338690591958131,31
1,[],21,[],2019-03-06 23:12:13,70188.64059002,0.00006653999999999999650189541622,0.00000000256854381,6862982,2019-03-06 23:12:13,btc,10.269002502724954,702639.19240963,0.00006653999999999999650189541622324895797646604478359222412109375,btc,130508.72690483999,47.72188741,4.451739819719935,31
0,[],2,[],2019-01-20 23:28:43,0.0,0,0,6477009,2019-01-20 23:28:43,,0.0,0.0,0,,0.0,0.0,0.0,32
1,[],4,[],2019-03-06 23:12:14,429455579.3971669,0.00000004,0.00000000000154406,6862983,2019-03-06 23:12:14,btc,10.748685973188113,0.0,0.00000004,"btc,ltc",199155546.2047758,0.04714343,10.355889430070427,33
1,[],12,[],2019-03-06 23:12:15,19558704.030666668,0.00000003,0.000000000001158045,6862984,2019-03-06 23:12:15,btc,354.9822828247053,0.0,0.00000003,btc,8763676.31168825,0.0340170959340675,0.45599786692000005,33
1,[],4,[],2019-03-06 23:12:16,109153261.6460919,0.00000001,0.000000000000386015,6862985,2019-03-06 23:12:16,btc,3.6334037331912943,0.0,0.00000001,btc,102476573.7719167,0.04955891,1.091532616460919,34
1,[],5,[],2019-03-06 23:12:17,0.0,0,0,6862986,2019-03-06 23:12:17,btc,0.0,0.04958962,0,btc,0.0,0.0,0.0,34
0.0000000001437061,[],4,[],2019-03-06 23:12:18,1767542775.8173335,1.437061e-18,5.547271019150001e-23,6862987,2019-03-06 23:12:18,ltc,6.996292753589447e-08,0.0,0.00000001,ltc,7585274194.1237,0.0,2.540066788958833e-09,36
1,[],5,[],2019-03-06 23:12:20,0.0,0,0,6862988,2019-03-06 23:12:20,btc,0.0,0.0,0,btc,0.0,0.0,0.0,36
0,[],17,[],2019-03-06 23:12:22,0.0,0,0,6862989,2019-03-06 23:12:22,btc,0.07464582823258735,0.0,0,btc,4105386.20243647,0.0,0.0,36
0.0000000003561293,[],27,[],2019-03-06 23:12:24,11290000.0,3.561293e-18,1.374712517395e-22,6862990,2019-03-06 23:12:24,eth,222.6013767858684,0.0,0.00000001,"ltc,eth",11165403.32426039,0.0,2.3687013744e-11,36
1,[],12,[],2019-03-06 22:11:16,531190.56072403,0.00000059,0.000000000022765091,6862612,2019-03-06 22:11:16,btc,3.2893578540710684,0.0,0.00000059,btc,317859.10219006,0.030438304332293,0.18369093471061848,37
1,[],4,[],2019-03-06 23:12:25,287573.08769962,0.00000057,0.000000000022002855000000002,6862991,2019-03-06 23:12:25,btc,19772.48372007129,0.0,0.00000057,btc,564076.68060505,0.02928103,0.1250077885047666,37
1,[],17,[],2019-03-06 23:14:27,1752.74075282,0.00000025,0.000000000009650375,6862992,2019-03-06 23:14:27,btc,0.05548492399315865,0.0,0.00000025,btc,1387.19918473,0.0,0.00043818518820499993,37
1,[],27,[],2019-03-06 23:14:29,14685.567,0.00000045,0.000000000017370675,6862993,2019-03-06 23:14:29,btc,25.77745805411233,0.0,0.00000045,btc,6527.38138508,0.0,0.00480032515,37
1,[],5,[],2019-03-06 23:14:31,0.0,0,0,6862994,2019-03-06 23:14:31,btc,0.0,0.01615632,0,btc,0.0,0.0,0.0,42
1,[],12,[],2019-03-06 23:14:32,116257.46292533,0.00000110000000000000005610204141526242693771564518101513385772705078125,0.000000000042461650000000004,6862995,2019-03-06 23:14:32,btc,0.1741002883386857,0.0,0.00000110000000000000005610204141526242693771564518101513385772705078125,btc,11337.1774689,0.0127225594359858,0.0076877060000063,42
0.0000000003561293,[],27,[],2019-03-06 23:14:34,22000.0,3.5612930000000003e-17,1.374712517395e-21,6862996,2019-03-06 23:14:34,eth,0.00315028,0.0,0.0000001,"btc,eth",11.007,0.0,7.19381186e-13,42
1,[],5,[],2019-03-06 23:14:37,0.0,0,0,6862997,2019-03-06 23:14:37,btc,0.0,0.0,0,btc,0.0,0.0,0.0,43
1,[],12,[],2019-03-06 23:14:39,10000.0,0.00000001,0.00000000000038601500000000005,6862998,2019-03-06 23:14:39,btc,0.58993291999001,0.0,0.00000001,btc,2735625.4995005,9.99000999e-06,0.0001,43
0,[],17,[],2019-03-06 23:14:41,0.0,0,0,6862999,2019-03-06 23:14:41,btc,0.0,0.0,0,btc,0.0,0.0,0.0,43
1,[],12,[],2019-03-05 01:54:08,639326.02,0.00000004,0.000000000001486676,6845775,2019-03-05 01:54:08,btc,11116042.728239931,0.0,0.00000004,btc,1103841.4595604,0.0003330765234764,0.014975410599999999,44
1,[],4,[],2019-03-06 23:14:42,299437768.91029716,0.00000003,0.000000000001158045,6863000,2019-03-06 23:14:42,btc,473.66764798636376,0.0,0.00000003,"btc,ltc",12389210.18216412,0.04015574,0.3248278627520567,49
0,[],4,[],2019-03-06 23:14:43,0.0,0,0,6863001,2019-03-06 23:14:43,,25.808545411712977,0.0,0,,9734136120.52634,0.00023846,0.0,52
0.0000000001257891,[],22,[],2019-03-06 23:14:46,80845862.0,1.257891e-18,4.8556479436500005e-23,6863002,2019-03-06 23:14:46,XMR,4366.97466637,0.0,0.00000001,XMR,255820234.67882353,0.0,0.80845862,57
0.0000000003561293,[],27,[],2019-03-06 23:14:50,2000.0,3.561293e-18,1.374712517395e-22,6863003,2019-03-06 23:14:50,eth,0.0,0.0,0.00000001,"btc,eth",0.0,0.0,7.122586e-15,57
0.0000000001437061,[],4,[],2019-03-06 23:14:51,591132336.1702632,4.3111830000000004e-18,1.6641813057450002e-22,6863004,2019-03-06 23:14:51,ltc,18.807189058507166,0.0,0.00000003,ltc,4622442006.104171,0.0,1.2647113317967653e-09,58
1,[],12,[],2019-03-06 23:14:53,450345543.8425,0.0000000004,0.0000000000000154406,6863005,2019-03-06 23:14:53,btc,6761.547215553493,0.0,0.0000000004,btc,554716364.6883117,0.000878288274925065,0.13830215453699998,58
0.0000000001257891,[],22,[],2019-03-06 23:15:08,137438.0,1.257891e-18,4.8556479436500005e-23,6863006,2019-03-06 23:15:08,XMR,69.8835922,0.0,0.00000001,XMR,9887963.0,0.0,0.00137438,58
0,[],17,[],2019-03-06 22:25:22,0.0,0,0,6862822,2019-03-06 22:25:22,btc,1e+24,0.0,0,btc,49226522.0897055,0.0,0.0,58
1,[],5,[],2019-03-06 23:15:09,0.0,0,0,6863007,2019-03-06 23:15:09,btc,0.0,0.01304774,0,btc,0.0,0.0,0.0,61
1,[],22,[],2019-03-06 23:15:13,13759.5,0.00000012,0.00000000000463218,6863008,2019-03-06 23:15:13,BTC,1002.2960049,0.0,0.00000012,BTC,14976.68361146909,0.0,0.00155017,61
1,[],26,[],2019-03-06 23:15:13,0.0,0.00000800,0.000000000308812,6863009,2019-03-06 23:15:13,btc,0.0,0.0,0.00000800,btc,0.0,0.0,0.0,61
1,[],27,[],2019-03-06 23:15:15,4411.22008,0.00000047,0.000000000018142705000000002,6863010,2019-03-06 23:15:15,btc,2.898491041314132,2001.0,0.00000047,"btc,eth",19485.01257617,0.00094047,0.0012437599595954687,61
1,[],28,[],2019-03-06 23:15:17,13880.304,0.0000005,0.00000000001930075,6863011,2019-03-06 23:15:17,btc,2.056312978300105,742.0,0.0000005,btc,9730.59500005,0.0,0.00566391304,61
1,[],4,[],2019-03-06 23:15:19,1254146.99826411,0.00000264,0.00000000010190796,6863012,2019-03-06 23:15:19,btc,9.22816030506301,0.0,0.00000264,btc,770391.64493273,0.37796702,0.9169476727531571,67
0.0,[],25,[],2019-03-06 23:15:20,0.0,0,0,6863013,2019-03-06 23:15:20,,0.0,0.0,0.0,btc,0.0,0.0,0.0,67
1,[],12,[],2019-03-06 23:15:22,2089265.73820096,0.00000028,0.000000000010808420000000002,6863014,2019-03-06 23:15:22,btc,1.9848455039552964,0.0,0.00000028,btc,714632.22669921,0.0205490519775575,0.057388857713735204,71
,[],5,[],2018-11-20 23:02:39,1.5e-07,0.00000005,0.000000000002128045,4862160,2018-11-20 23:02:39,btc,2.84511358,0.0,,btc,0.00036572,0.0,0.07381892,74
1,[],5,[],2019-03-06 23:15:24,0.0,0,0,6863015,2019-03-06 23:15:24,btc,0.0,0.0,0,btc,0.0,0.0,0.0,75
1,[],4,[],2019-03-06 22:12:24,13147768.81424166,0.00000001,0.000000000000385849,6862637,2019-03-06 22:12:24,btc,11388.985544584346,0.0,0.00000001,btc,40019471.49932191,0.0,0.1314776881424166,81
0,[],20,[],2019-01-25 09:30:31,0.0,0,0,6495923,2019-01-25 09:30:31,btc,0.0,0.0,0,btc,0.0,0.0,0.0,81
1,[],4,[],2019-03-06 23:15:25,27712.35139235,0.00007930,0.00000000306109895,6863016,2019-03-06 23:15:25,btc,18.10899168970937,0.0,0.00007930,btc,12210.08218722,0.01538265,0.1277130221280559,82
1,[],21,[],2019-03-06 23:15:26,757375.97126639,0.00007391999999999999699379360507,0.00000000285342288,6863017,2019-03-06 23:15:26,btc,2.485940331007031,3200.63960057,0.000073919999999999996993793605071232377667911350727081298828125,btc,28531.08687852,0.24040663,2.3139074326291063,82
0,[],17,[],2019-03-06 22:25:59,0.0,0,0,6862833,2019-03-06 22:25:59,btc,0.0447233088476774,0.0,0,btc,999127.19588126,0.0,0.0,84
0.0000000001437061,[],4,[],2019-03-06 23:15:38,116427237.89623293,4.3111830000000004e-18,1.6641813057450002e-22,6863018,2019-03-06 23:15:38,ltc,1.7493646082146508,0.0,0.00000003,ltc,414710394.8443816,0.0,2.399124886778701e-10,85
,[],22,[],2018-11-20 23:09:34,3408.1,0.0000001,0.0000000000041895,4862324,2018-11-20 23:09:34,BTC,0.04624735,0.0,,BTC,4990.0,0.0,0.00033081,86
0,[],22,[],2019-02-22 12:52:35,0.0,0,0,6758847,2019-02-22 12:52:35,,2.0760781,0.0,0,,140622.94736842104,0.0,0.0,87
0,[],27,[],2019-02-22 12:52:37,0.0,0,0,6758848,2019-02-22 12:52:37,,0.0,0.0,0,btc,0.0,0.0,0.0,87
,[],2,[],2018-11-20 23:10:47,0.0,0,0,4862359,2018-11-20 23:10:47,,0.0,0.0,,,0.0,0.0,0.0,88
1,[],11,[],2019-03-06 23:15:40,95160.86275042,0.000150010000000000008786582572639645150047726929187774658203125,0.000000005790611015,6863019,2019-03-06 23:15:40,btc,607.9468265576131,4228.95408754,0.000150010000000000008786582572639645150047726929187774658203125,btc,93064.58936793,0.0,6.580782483549502,89
0,[],2,[],2019-01-20 23:31:45,0.0,0,0,6477083,2019-01-20 23:31:45,,0.0,0.0,0,,0.0,0.0,0.0,91
1,[],12,[],2019-03-06 23:15:41,208773.10775373,0.00000082,0.00000000003165323,6863020,2019-03-06 23:15:41,btc,67.4009249801446,0.0,0.00000082,btc,64043.28171978,0.0169314883647838,0.0340862025999605,91
1,[],22,[],2019-03-06 23:15:55,65900.0,0.00000001,0.000000000000386015,6863021,2019-03-06 23:15:55,BTC,3e-06,0.0,0.00000001,BTC,1.0,0.0,0.000659,91
0,[],17,[],2019-03-06 22:26:05,0.0,0,0,6862837,2019-03-06 22:26:05,btc,0.0,0.0,0,btc,0.0,0.0,0.0,91
0.0000000001437061,[],22,[],2019-03-06 23:15:59,1580418.0,7.185305e-18,2.773635509575e-22,6863022,2019-03-06 23:15:59,LTC,8.53121199,0.0,0.00000005,LTC,71989912.1,0.0,0.0790209,95
0.0000000001437061,[],4,[],2019-03-06 23:16:01,641069653.0047666,9.340896500000001e-17,3.6057261624475004e-21,6863023,2019-03-06 23:16:01,ltc,11.88628578155114,0.0,0.00000065,ltc,135482317.9791913,0.0,1.7237674621814564e-09,96
1,[],12,[],2019-03-06 23:16:02,9445.0,0.00000001,0.00000000000038601500000000005,6863024,2019-03-06 23:16:02,btc,0.630704,0.0,0.00000001,btc,1900713.0,0.00110601,9.445e-05,96
0,[],17,[],2019-03-06 23:16:03,0.0,0,0,6863025,2019-03-06 23:16:03,btc,0.0,0.0,0,btc,0.0,0.0,0.0,96
1,[],4,[],2019-03-06 23:16:05,1425854.3107851,0.00000023,0.000000000008878345,6863026,2019-03-06 23:16:05,btc,2.636952999054606,0.0,0.00000023,btc,2566394.52009809,0.01084969,0.0940261367088072,99
0,[],2,[],2019-01-20 23:23:55,0.0,0,0,6476914,2019-01-20 23:23:55,,0.0,0.0,0,,0.0,0.0,0.0,100
1,[],4,[],2019-03-06 23:16:06,319912.54372489,0.00003793,0.0000000014641548950000001,6863027,2019-03-06 23:16:06,btc,11.14467755512964,0.0,0.00003793,btc,157606.66623537,1.8107682,1.7809265622343977,100
1,[],22,[],2019-03-06 23:16:09,50000.0,0.00000001,0.000000000000386015,6863028,2019-03-06 23:16:09,BTC,23.49896609,0.0,0.00000001,BTC,10277.22,0.0,0.0005,101
1,[],4,[],2019-03-06 23:16:10,429476.01563625,0.00000088,0.00000000003396932,6863029,2019-03-06 23:16:10,btc,308.0239494867456,0.0,0.00000088,btc,480896.6929408,0.03600438,0.2091322323860316,103
1,[],12,[],2019-03-06 23:16:13,18978760.887000002,0.000000009,0.0000000000003474135,6863030,2019-03-06 23:16:13,btc,155.13261896693933,0.0,0.000000009,btc,38744723.21381718,0.00542170027220787,0.10600512698299999,105
1,[],27,[],2019-03-06 23:16:15,115397.89,0.00000001,0.000000000000386015,6863031,2019-03-06 23:16:15,btc,36.60591030491341,0.0,0.00000001,btc,1301440.23571724,0.0,0.0011539789,105
1,[],22,[],2019-03-06 23:16:19,9328.0,0.00000001,0.000000000000386015,6863032,2019-03-06 23:16:19,BTC,51.10837004,0.0,0.00000001,BTC,470435.0,0.0,9.328e-05,107
1,[],26,[],2019-03-06 23:16:19,0.0,0.00000000,0,6863033,2019-03-06 23:16:19,btc,0.0,0.0,0.00000000,btc,0.0,0.0,0.0,107
1,[],5,[],2019-03-06 23:16:21,0.0,0,0,6863034,2019-03-06 23:16:21,btc,0.0,0.0004785,0,btc,0.0,0.0,0.0,112
0,[],22,[],2019-03-06 23:16:24,0.0,0,0,6863035,2019-03-06 23:16:24,,2.78273306,0.0,0,,826558.0833333334,0.0,0.0,112
0.0000000003561293,[],27,[],2019-03-06 23:16:26,2000.0,3.561293e-18,1.374712517395e-22,6863036,2019-03-06 23:16:26,eth,1.24892491849924,0.0,0.00000001,"btc,eth",1288.641654,0.0,7.122586e-15,112
1,[],4,[],2019-03-06 23:16:27,1319810.94238871,0.00000201,0.00000000007758901500000001,6863037,2019-03-06 23:16:27,btc,4.752248921534388,0.0,0.00000201,btc,342726.67297249,0.04196664,1.0463942068866599,113
1,[],5,[],2019-03-06 23:16:29,0.0,0,0,6863038,2019-03-06 23:16:29,btc,0.0,2.5e-07,0,btc,0.0,0.0,0.0,113
1,[],17,[],2019-03-06 23:16:31,152738.278,0.00000004,0.0000000000015440600000000002,6863039,2019-03-06 23:16:31,btc,1.3368030275007772,0.0,0.00000004,btc,51896.221,0.0,0.0022095311199999998,116
0,[],27,[],2019-03-06 23:16:32,0.0,0,0,6863040,2019-03-06 23:16:32,,0.0,0.0,0,btc,0.0,0.0,0.0,116
1,[],4,[],2019-03-06 23:16:34,65009.85896041,0.00002625,0.0000000010132893750000001,6863041,2019-03-06 23:16:34,btc,27.561410853868406,0.0,0.00002625,btc,75039.67765235,0.3701243,0.8909287233941973,120
1,[],7,[],2019-03-06 23:16:35,21308.08763697,0.0000212500000000000015265566588595902430824935436248779296875,0.0000000008202818750000001,6863042,2019-03-06 23:16:35,btc,115646.94528398775,0.0,0.0000212500000000000015265566588595902430824935436248779296875,btc,36704.21881556,0.0,0.0527477175108958,120
1,[],20,[],2019-03-06 23:16:38,3002345.3805,0.000000035,0.0000000000013510525,6863043,2019-03-06 23:16:38,btc,33.6156363984428,1589.5,0.000000035,btc,1008323.7699,5.56325e-05,0.0406402484044,125
1,[],22,[],2019-03-06 23:16:42,3053.0,0.00000001,0.000000000000386015,6863044,2019-03-06 23:16:42,BTC,0.01444887,0.0,0.00000001,BTC,296263.5111111111,0.0,3.053e-05,126
0,[],17,[],2019-03-06 22:27:09,0.0,0,0,6862862,2019-03-06 22:27:09,btc,0.0009561751951600001,0.0,0,btc,35.42829368,0.0,0.0,131
0,[],2,[],2019-01-20 23:25:46,0.0,0,0,6476969,2019-01-20 23:25:46,,0.0,0.0,0,,0.0,0.0,0.0,131
1,[],4,[],2019-03-06 23:16:43,148894.01899772,0.00001354,0.00000000052266431,6863045,2019-03-06 23:16:43,btc,6.370371482405347,0.0,0.00001354,btc,128403.36280372,0.23266878,0.6930907698055538,131
1,[],4,[],2019-03-06 23:16:53,4555.78255955,0.00016000,0.0000000061762400000000006,6863046,2019-03-06 23:16:53,btc,1.6203740116136,0.0,0.00016000,btc,241.25503526,0.00022072,0.0081656352842666,135
1,[],3,[],2019-03-06 23:16:54,877702.73244099,0.00000004,0.0000000000015440600000000002,6863047,2019-03-06 23:16:54,btc,0.119366241821405,121798.723327,0.00000004,btc,760637.99421222,0.0,0.023771231960604298,136
1,[],4,[],2019-03-06 23:16:55,314058.00508925,0.00000168,0.00000000006485052,6863048,2019-03-06 23:16:55,btc,38.228911571358125,0.0,0.00000168,btc,513377.35896039,0.03495061,0.0921568436833615,137
1,[],12,[],2019-03-06 23:16:56,227442.27855626002,0.000001700000000000000028950908510794182149084008415229618549346923828125,0.00000000006562255,6863049,2019-03-06 23:16:56,btc,4.059699532630368,0.0,0.000001700000000000000028950908510794182149084008415229618549346923828125,btc,3732.80084434,0.0023584995383768,0.0876176645477502,137
1,[],17,[],2019-03-06 22:17:04,22967.386363640002,0.00000088,0.000000000033954712,6862675,2019-03-06 22:17:04,btc,20.069913352829296,0.0,0.00000088,btc,2746.079105,0.0,0.0104613000000032,142
1,[],4,[],2019-03-06 23:16:57,11147.43251335,0.00004201,0.0000000016216490150000001,6863050,2019-03-06 23:16:57,btc,28.21717198486872,0.0,0.00004201,btc,42022.0851362,0.24180666,0.2529328284023023,142
1,[],5,[],2019-03-06 23:16:58,0.0,0,0,6863051,2019-03-06 23:16:58,btc,0.0,0.07196279,0,btc,0.0,0.0,0.0,142
1,[],20,[],2019-03-06 23:17:01,132985.4666,0.00004035,0.000000001557570525,6863052,2019-03-06 23:17:01,btc,0.2870590868182,3247.5702,0.00004035,btc,1134.0415,0.1567246611182,0.2344657203852,142
1,[],22,[],2019-03-06 23:17:05,1470.8988921568628,0.00004000,0.0000000015440600000000001,6863053,2019-03-06 23:17:05,BTC,3.00385504,0.0,0.00004000,BTC,891.218,0.0,0.0012358,142
0.0,[],25,[],2019-03-06 23:17:06,0.0,0,0,6863054,2019-03-06 23:17:06,,0.0,0.0,0.0,btc,0.0,0.0,0.0,142
1,[],28,[],2019-03-06 23:17:08,76124.0,0.00000820,0.0000000003165323,6863055,2019-03-06 23:17:08,btc,0.067100461059305,1293.0,0.00000820,btc,552.61077999,0.0,0.004304,142
0,[],22,[],2019-03-06 23:17:11,0.0,0,0,6863056,2019-03-06 23:17:11,,62.13631169,0.0,0,,837691921.3,0.0,0.0,143
0,[],22,[],2019-02-25 15:42:22,0.0,0,0,6783783,2019-02-25 15:42:22,,4.2131946,0.0,0,,2322156.0,0.0,0.0,146
,[],22,[],2018-11-20 23:01:11,0.0,0,0,4862114,2018-11-20 23:01:11,,2.56807021,0.0,,,61828.4988236,0.0,0.0,147
1,[],12,[],2019-03-06 23:17:13,276312.2488225,0.000001870000000000000095373470405946125794116596807725727558135986328125,0.000000000072184805,6863057,2019-03-06 23:17:13,btc,1.4455913588788052,0.0,0.000001870000000000000095373470405946125794116596807725727558135986328125,btc,26595.46390092,0.0139370688724232,0.0086224619999703,148
1,[],4,[],2019-03-06 23:17:14,271034.22302675,0.00000029,0.000000000011194435,6863058,2019-03-06 23:17:14,btc,219.99869808793855,0.0,0.00000029,btc,840456.57195852,0.0,0.0652652236465258,152
0,[],22,[],2019-03-06 23:17:17,0.0,0,0,6863059,2019-03-06 23:17:17,,0.0,0.0,0,,0.0,0.0,0.0,152
1,[],5,[],2019-03-06 23:17:19,0.0,0,0,6863060,2019-03-06 23:17:19,btc,0.0,0.0,0,btc,0.0,0.0,0.0,153
,[],16,[],2019-01-11 15:38:59,0.0,0,0,6366141,2019-01-11 15:38:59,btc,0.0,0.0,,btc,0.0,0.0,0.0,155
0,[],23,[],2019-01-20 23:24:29,0.0,0,0,6476932,2019-01-20 23:24:29,,0.0,0.0,0,,0.0,0.0,0.0,156
0,[],22,[],2019-03-06 23:17:23,0.0,0,0,6863061,2019-03-06 23:17:23,,6.7463875,0.0,0,,4674391.242592593,0.0,0.0,156
1,[],22,[],2019-03-06 23:17:28,7073.8,0.00005300,0.0000000020458795000000002,6863062,2019-03-06 23:17:28,BTC,1.80343699,0.0,0.00005300,BTC,899.6422341958436,0.0,0.00104336,157
0,[],22,[],2019-03-06 23:17:31,0.0,0,0,6863063,2019-03-06 23:17:31,,50175.67608608,0.0,0,,54079135.04179466,0.0,0.0,158
,[],17,[],2018-11-20 22:56:10,0.0,0,0,4861976,2018-11-20 22:56:10,btc,1.1265625,0.0,,btc,1000.0,0.0,0.0,159
,[],20,[],2018-11-20 22:56:12,0.0,0,0,4861977,2018-11-20 22:56:12,btc,11912.7940471,0.0,,btc,34413894.3617,0.0,0.0,159
1,[],12,[],2019-03-06 23:17:32,109633.08665448,0.0000061399999999999996586259355668691028995453962124884128570556640625,0.00000000023701321,6863064,2019-03-06 23:17:32,btc,0.0164110158806476,0.0,0.0000061399999999999996586259355668691028995453962124884128570556640625,btc,1328.38751492,0.0051811653478457,0.0134254915703955,168
1,[],17,[],2019-03-06 23:17:34,29784.95,0.000001,0.0000000000386015,6863065,2019-03-06 23:17:34,btc,0.03026736251542,0.0,0.000001,btc,144.46171372,0.0,0.00716147,168
0,[],22,[],2019-03-06 23:17:37,0.0,0,0,6863066,2019-03-06 23:17:37,,1.1339604,0.0,0,,520283.17470714403,0.0,0.0,169
1,[],22,[],2019-03-06 23:17:40,203585.5,0.00000002,0.00000000000077203,6863067,2019-03-06 23:17:40,BTC,13.25047831,0.0,0.00000002,BTC,146317.2939341018,2.9e-07,0.00207171,171
1,[],22,[],2019-03-06 23:17:45,1288645.7878787878,0.00000011,0.000000000004246165,6863068,2019-03-06 23:17:45,BTC,2.81266171,0.0,0.00000011,"BTC,LTC",279140.82723257964,0.00012359,0.03117972,173
1,[],5,[],2019-03-05 01:59:40,0.0,0,0,6845846,2019-03-05 01:59:40,btc,0.0,0.00384852,0,btc,0.0,0.0,0.0,175
1,[],22,[],2019-03-06 23:17:49,36500.0,0.00000021,0.000000000008106315,6863069,2019-03-06 23:17:49,BTC,0.54826403,0.0,0.00000021,BTC,138776.41384013777,0.0,0.00227,176
0,[],2,[],2019-01-20 23:28:34,0.0,0,0,6477001,2019-01-20 23:28:34,,0.0,0.0,0,,0.0,0.0,0.0,178
1,[],7,[],2019-03-06 23:17:53,0.0,0,0,6863070,2019-03-06 23:17:53,btc,410909.3760610273,2153.84615384,0,btc,116679479.99755071,2.154e-05,0.0,178
0,[],22,[],2019-03-06 23:17:56,0.0,0,0,6863071,2019-03-06 23:17:56,,1.00242438,0.0,0,,57522.0,0.0,0.0,178
0,[],23,[],2019-01-20 23:25:08,0.0,0,0,6476952,2019-01-20 23:25:08,,0.0,0.0,0,,0.0,0.0,0.0,179
1,[],5,[],2019-03-06 23:17:58,0.0,0,0,6863072,2019-03-06 23:17:58,btc,0.0,0.01498412,0,btc,0.0,0.0,0.0,179
1,[],22,[],2019-03-06 23:18:03,6947694.5,0.00000002,0.00000000000077203,6863073,2019-03-06 23:18:03,BTC,5.67356573,0.0,0.00000002,"BTC,LTC",18498890.756535422,2.971e-05,0.37389461,179
1,[],17,[],2019-03-06 22:29:07,10504.725,0.0000001,0.00000000000385724,6862888,2019-03-06 22:29:07,btc,5.2010695838170005,0.0,0.0000001,btc,4994.45945,0.0,0.0010504725,180
1,[],22,[],2019-03-06 23:18:37,149605.4,0.00000105,0.000000000040531575,6863074,2019-03-06 23:18:37,BTC,0.2550108,0.0,0.00000105,"BTC,LTC",87995.24002835188,0.0008125,0.01285544,180
1,[],26,[],2019-03-06 23:18:37,0.0,0.00000125,0.000000000048251875000000005,6863075,2019-03-06 23:18:37,btc,0.0,200.0,0.00000125,btc,0.0,0.0,0.0,180
,[],7,[],2018-11-20 22:58:01,562227.975654,0.00000085,0.000000000036176765,4862015,2018-11-20 22:58:01,btc,21836.6059674,2491.87645172,,btc,749999.041456,0.00211021,0.127565380455,183
,[],5,[],2019-01-10 08:11:41,0.0,0,0,6347036,2019-01-10 08:11:41,btc,82.15055501,0.00261,,btc,1.19002445,0.0,0.0,187
,[],17,[],2018-11-16 20:58:10,4062536.27273,0.00000001,0.000000000000550501,4708775,2018-11-16 20:58:10,btc,3.36492563466,0.195460381006,,"btc,eth",110697919.549,0.0,0.0157628953496,187
1,[],24,[],2019-03-06 23:18:37,0.0,0.000000000001,3.86015e-17,6863076,2019-03-06 23:18:37,btc,0.0,0.0,0.000000000001,btc,0.0,0.0,0.0,187
0,[],22,[],2019-03-06 23:18:40,0.0,0,0,6863077,2019-03-06 23:18:40,,7.42841024,0.0,0,,79361.7243078683,0.0,0.0,191
0,[],22,[],2019-03-06 23:18:57,0.0,0,0,6863078,2019-03-06 23:18:57,,0.0,0.0,0,,0.0,0.0,0.0,197
0,[],23,[],2019-01-20 23:31:41,0.0,0,0,6477079,2019-01-20 23:31:41,,0.0,0.0,0,,0.0,0.0,0.0,199
0,[],22,[],2019-03-06 23:19:01,0.0,0,0,6863079,2019-03-06 23:19:01,,5.19077622,0.0,0,,21058553.0,0.0,0.0,199
1,[],26,[],2019-03-06 23:19:01,0.0,0.00000000,0,6863080,2019-03-06 23:19:01,btc,0.0,132461.0,0.00000000,btc,0.0,0.0,0.0,199
0,[],17,[],2019-01-30 16:32:01,0.0,0,0,6540827,2019-01-30 16:32:01,btc,6.802544163788159,0.0,0,btc,105897.55575295,0.0,0.0,200
0,[],2,[],2019-01-20 23:30:49,0.0,0,0,6477059,2019-01-20 23:30:49,,0.0,0.0,0,,0.0,0.0,0.0,201
1,[],4,[],2019-01-25 15:51:35,2084389.58565343,0.00000936,0.000000000333526752,6499557,2019-01-25 15:51:35,btc,2.0092503037378524,0.0,0.00000936,btc,160195.80207885,0.19272417,1.242687955921835,211
1,[],7,[],2019-03-06 23:19:33,3120543.88420336,0.000001230000000000000081983031474663903281907550990581512451171875,0.00000000004747984500000001,6863081,2019-03-06 23:19:33,btc,15476653.551333454,632039.083393,0.000001230000000000000081983031474663903281907550990581512451171875,btc,13062107.3376102,0.0,2.0438735930122975,212
1,[],12,[],2019-01-25 02:44:32,207462.42853209,0.000001080000000000000035831255497387193287295303889550268650054931640625,0.000000000038610756000000006,6493050,2019-01-25 02:44:32,btc,85023.03793723314,0.0,0.000001080000000000000035831255497387193287295303889550268650054931640625,btc,43675.73520027,0.000146250909087,0.0348620860622024,213
1,[],5,[],2019-03-06 23:19:35,0.0,0,0,6863082,2019-03-06 23:19:35,btc,0.0,0.38073016,0,btc,0.0,0.0,0.0,213
1,[],24,[],2019-03-06 23:19:35,0.0,0.000000120000,0.00000000000463218,6863083,2019-03-06 23:19:35,btc,0.0,0.0,0.000000120000,btc,0.0,0.0,0.0,213
1,[],26,[],2019-03-06 23:19:35,0.0,0.00000010,0.00000000000386015,6863084,2019-03-06 23:19:35,btc,0.0,0.0,0.00000010,btc,0.0,0.0,0.0,213
1,[],22,[],2019-03-06 23:19:39,61166.0,0.00000003,0.000000000001158045,6863085,2019-03-06 23:19:39,BTC,2.23624342,0.0,0.00000003,BTC,708045.3963726171,0.0,0.00125328,216
1,[],27,[],2019-03-06 23:19:41,1304297.0,0.00000004,0.00000000000154406,6863086,2019-03-06 23:19:41,btc,318.0718494147724,12000.0,0.00000004,"btc,ltc",240763.990324,0.0012,0.03399984000025867,216
1,[],22,[],2019-03-06 23:19:45,193402.52409638555,0.00000184,0.00000000007102676,6863087,2019-03-06 23:19:45,BTC,12673.38318281,0.0,0.00000184,BTC,380844.884608488,0.04222346,0.23567661,217
1,[],7,[],2019-03-06 23:19:46,0.0,0,0,6863088,2019-03-06 23:19:46,btc,77969.66166622133,0.0,0,btc,136268679.67428493,0.0,0.0,219
0,[],27,[],2019-03-06 23:19:48,0.0,0,0,6863089,2019-03-06 23:19:48,,0.03997288,0.0,0,btc,2007233.0,0.0,0.0,219
0.0000000000000051,[],28,[],2019-03-06 23:19:56,168861539.41,5.610051e-18,2.165563836765e-22,6863090,2019-03-06 23:19:56,doge,84213.6333059275,158186.668,0.00110001,"btc,doge",3563815.34751,0.0,1.5837245892841266e-11,219
1,[],22,[],2019-03-06 23:20:00,377289.0,0.00000005,0.000000000001930075,6863091,2019-03-06 23:20:00,BTC,2.78117839,0.0,0.00000005,BTC,79551.27041875875,0.0001575,0.01523411,221
1,[],24,[],2019-03-06 23:20:01,0.0,0.000000200000,0.0000000000077203,6863092,2019-03-06 23:20:01,btc,0.0,0.0,0.000000200000,btc,0.0,0.0,0.0,221
1,[],20,[],2019-03-06 23:20:04,39105329.5253,0.000000001,0.0000000000000386015,6863093,2019-03-06 23:20:04,btc,48.4416536687255,172770.0,0.000000001,btc,15934115.0042,0.00034554,0.0391053295253,224
0,[],22,[],2019-03-06 23:20:08,0.0,0,0,6863094,2019-03-06 23:20:08,,0.0,0.0,0,,0.0,0.0,0.0,224
1,[],26,[],2019-03-06 23:20:08,0.0,0.00000035,0.000000000013510525000000001,6863095,2019-03-06 23:20:08,btc,0.0,0.0,0.00000035,btc,0.0,0.0,0.0,231
1,[],26,[],2019-03-06 23:20:09,0.0,0.00000005,0.000000000001930075,6863096,2019-03-06 23:20:09,btc,0.0,0.0,0.00000005,btc,0.0,0.0,0.0,234
0.0000000003561293,[],27,[],2019-03-06 23:20:11,2000.0,3.561293e-18,1.374712517395e-22,6863097,2019-03-06 23:20:11,eth,0.01134836604,0.0,0.00000001,"btc,eth",11462.996,0.0,7.122586e-15,234
1,[],4,[],2019-03-06 23:20:13,788499.05359391,0.00000079,0.000000000030495185000000004,6863098,2019-03-06 23:20:13,btc,4.759986354431388,0.0,0.00000079,btc,1257082.58763067,0.02096229,0.2027937393689379,236
1,[],24,[],2019-03-06 23:20:13,0.0,0.000000300000,0.00000000001158045,6863099,2019-03-06 23:20:13,btc,0.0,0.0,0.000000300000,btc,0.0,0.0,0.0,236
1,[],20,[],2019-03-06 23:20:15,167572838.7608,0.000000061,0.0000000000023546915,6863100,2019-03-06 23:20:15,btc,13.7848162846755,19980193.186,0.000000061,btc,41248690.0773,1.2736003583992,0.5783471242686,237
0.0000000001437061,[],22,[],2019-03-06 23:20:19,751594.9,2.4430037000000002e-17,9.430360732555001e-22,6863101,2019-03-06 23:20:19,LTC,0.0405823,0.0,0.00000017,LTC,3164.0,0.0,0.12541949,237
1,[],4,[],2019-03-06 23:20:20,8569455.4349461,0.00000037,0.000000000014282555000000001,6863102,2019-03-06 23:20:20,btc,9.04541107115898,0.0,0.00000037,btc,10425492.70274052,1.79211403,2.1347719673309804,238
1,[],5,[],2019-03-06 23:20:22,0.0,0,0,6863103,2019-03-06 23:20:22,btc,0.0,0.02897306,0,btc,0.0,0.0,0.0,238
0,[],22,[],2019-03-06 06:43:11,0.0,0,0,6856376,2019-03-06 06:43:11,,0.41338918,0.0,0,,316326.5639027493,0.0,0.0,249
0.0000000001437061,[],22,[],2019-03-06 23:20:27,82163180.66666667,7.185305e-18,2.773635509575e-22,6863104,2019-03-06 23:20:27,LTC,1.57875566,0.0,0.00000005,LTC,23806938.09,0.0,2.70466333,252
1,[],28,[],2019-03-06 23:20:28,2766063.314,0.00000036,0.000000000013896540000000001,6863105,2019-03-06 23:20:28,btc,164733.01191916838,253982.4209,0.00000036,btc,2689592.8178,0.0,0.41208950972,256
1,[],22,[],2019-03-06 23:20:32,1060561.0,0.00000003,0.000000000001158045,6863106,2019-03-06 23:20:32,BTC,31.48066378,0.0,0.00000003,BTC,699281.3457866946,0.00021623,0.01074975,258
1,[],22,[],2019-03-06 23:20:36,48751.0,0.00000001,0.000000000000386015,6863107,2019-03-06 23:20:36,BTC,2.4175745,0.0,0.00000001,BTC,1762.0,0.0,0.00048751,259
1,[],5,[],2019-03-06 23:20:39,0.0,0,0,6863108,2019-03-06 23:20:39,btc,0.0,0.09163716,0,btc,0.0,0.0,0.0,264
1,[],20,[],2019-03-06 23:20:40,1254428.4331,0.00000191,0.000000000073728865,6863109,2019-03-06 23:20:40,btc,7.4881955290486,36241.0058,0.00000191,btc,109923.6263,0.083933363017,0.0186822856066,264
0,[],22,[],2019-03-06 23:20:43,0.0,0,0,6863110,2019-03-06 23:20:43,,8.45820143,0.0,0,,451287.34411321935,0.0,0.0,271
0,[],22,[],2019-03-06 23:20:46,0.0,0,0,6863111,2019-03-06 23:20:46,,266.25196314,0.0,0,,13937792677.692,0.0,0.0,272
0.0000000000000051,[],28,[],2019-03-06 23:20:48,248882201307.905,4.845e-21,1.870242675e-25,6863112,2019-03-06 23:20:48,doge,154351307.07324085,23052391304.0,0.00000095,doge,196304673083.8003,0.0,7.393463209729066e-10,272
1,[],22,[],2019-03-06 23:20:54,228686.74,0.00000100,0.0000000000386015,6863113,2019-03-06 23:20:54,BTC,74.48662049,0.0,0.00000100,"BTC,LTC",46113.48778575859,0.015,0.06266062,281
1,[],22,[],2019-03-06 23:20:57,265810.5,0.00000014,0.00000000000540421,6863114,2019-03-06 23:20:57,BTC,1.14816898,0.0,0.00000014,BTC,61019.194824016566,0.01916119,0.02418134,286
0,[],22,[],2019-03-06 23:21:00,0.0,0,0,6863115,2019-03-06 23:21:00,,43641.21062909,0.0,0,,846557752.0,0.0,0.0,294
