pairValue,buyBook,exchangeId,sellBook,updated,buyTotal,satoshiPrice,usdPrice,exchangeLogId,created,bestPair,sellTotalBtc,volume,pairPrice,activePairs,sellTotal,volumeBtc,buyTotalBtc,coinId
1,[],20,[],2019-05-28 02:43:44,972.8948,0.010262851,0.0000009012579176925,7698207,2019-05-28 02:43:44,btc,0.5004177412745,0.1139,0.010262851,btc,41.6349,0.00129704764,0.1077268225082,1
1,[],3,[],2019-05-28 03:43:43,88.146043289769,0.0107249100000000006926992313083246699534356594085693359375,0.0000009392221958490001,7698363,2019-05-28 03:43:43,btc,33.77385348011681,52.3905570816,0.0107249100000000006926992313083246699534356594085693359375,btc,23.71358995737,0.0,0.3987775292094132,1
1,[],4,[],2019-05-28 03:43:45,207669.32506853,0.01090109,0.0000009546509655509999,7698364,2019-05-28 03:43:45,btc,8.071431908340237,0.0,0.01090109,btc,334.8353095,1.78821368,0.4606866843644254,1
1,[],5,[],2019-05-28 03:43:47,0.0,0,0,7698365,2019-05-28 03:43:47,btc,0.0,0.00492479,0,btc,0.0,0.0,0.0,1
1,[],10,[],2019-05-28 03:43:50,309956.79492237,0.00720029,0.000000630557476431,7698366,2019-05-28 03:43:50,btc,6521.854080932141,1839.14923653,0.00720029,btc,1360.89078951,0.0,2.4382410398572487,1
1,[],12,[],2019-05-28 03:43:52,79.96713284,0.01101000000000000068889338677990963333286345005035400390625,0.000000964188639,7698367,2019-05-28 03:43:52,btc,0.1961062132857,0.0,0.01101000000000000068889338677990963333286345005035400390625,btc,16.774899780000002,0.142387000586,0.33886822824130003,1
1,[],21,[],2019-05-28 03:43:56,2161.79019507,0.01113489999999999965907271360,0.00000097512661911,7698368,2019-05-28 03:43:56,btc,10.935101431162023,3667.75235492,0.0111348999999999996590727135981069295667111873626708984375,"btc,eth",1360.09572039,35.31962928923526,19.369076366793013,1
1,[],22,[],2019-05-28 03:44:00,0.0025666666666666667,0.00900000,0.0000007881651,7698369,2019-05-28 03:44:00,BTC,0.31629903,0.0,0.00900000,BTC,0.2505752479991019,0.0,2.31e-05,1
1,[],24,[],2019-05-28 03:44:01,0.0,0.000000000000,0,7698370,2019-05-28 03:44:01,btc,0.0,0.0,0.000000000000,btc,0.0,0.0,0.0,1
0.0,[],25,[],2019-05-28 03:44:02,0.0,0,0,7698371,2019-05-28 03:44:02,btc,23.464999998654665,3407.97398925,0.0,btc,2013.64043815,37.125,0.0,1
1,[],26,[],2019-05-28 03:44:05,0.0,0,0,7698372,2019-05-28 03:44:05,,0.0,0.0,0,,0.0,0.0,0.0,1
0,[],28,[],2019-05-28 03:44:49,0.0,0,0,7698373,2019-05-28 03:44:49,,0.0,361639.35,0,,0.0,0.0,0.0,1
0,[],2,[],2019-01-20 23:28:45,0.0,0,0,6477011,2019-01-20 23:28:45,,0.0,0.0,0,,0.0,0.0,0.0,1
1,[],5,[],2019-05-28 03:44:50,0.0,0,0,7698374,2019-05-28 03:44:50,btc,0.0,0.00044261,0,btc,0.0,0.0,0.0,2
1,[],22,[],2019-05-28 03:44:54,11638.0,0.0000002,0.00000000001751478,7698375,2019-05-28 03:44:54,BTC,21.00897301,0.0,0.0000002,"BTC,XMR",20678.87287795317,0.0,0.00145435,2
1,[],5,[],2019-05-28 03:44:56,0.0,0,0,7698376,2019-05-28 03:44:56,btc,0.0,0.18324303,0,btc,0.0,0.0,0.0,3
1,[],12,[],2019-05-28 03:44:58,2699643.59486,0.000000102,0.0000000000089325378,7698377,2019-05-28 03:44:58,btc,4527.183269152252,0.0,0.000000102,btc,3394631.5393312997,0.132160301824,0.22228665667572,3
0,[],28,[],2019-05-28 03:45:00,0.0,0,0,7698378,2019-05-28 03:45:00,,0.0,0.0,0,,0.0,0.0,0.0,3
0,[],2,[],2019-01-20 23:31:32,0.0,0,0,6477077,2019-01-20 23:31:32,,0.0,0.0,0,,0.0,0.0,0.0,4
1,[],4,[],2019-05-18 21:29:50,562734.9206932,0.00000010,0.000000000007298720000000001,7650946,2019-05-18 21:29:50,btc,41.9347137769675,0.0,0.00000010,btc,1123702.32192634,0.00052462,0.029254593370966,4
0,[],12,[],2019-05-28 01:22:52,0.0,0,0,7697898,2019-05-28 01:22:52,btc,0.415868044995005,0.0,0,btc,1049061.4995005,0.0,0.0,5
0,[],2,[],2019-01-20 23:31:51,0.0,0,0,6477087,2019-01-20 23:31:51,,0.0,0.0,0,,0.0,0.0,0.0,6
1,[],11,[],2019-05-28 03:45:02,7250289.776736,0.00000002,0.000000000001751478,7698379,2019-05-28 03:45:02,btc,9578.922527111881,3429798.0,0.00000002,btc,65060656.39865396,0.0,0.09337137276736,6
1,[],3,[],2019-05-28 03:45:02,1632.753374367125,0.0000888800000000000028389790518446034184307791292667388916015625,0.000000007783568232,7698380,2019-05-28 03:45:02,btc,0.058940635520684334,176.533509258,0.0000888800000000000028389790518446034184307791292667388916015625,btc,187.822029933764,0.0,0.026155279482595085,7
1,[],4,[],2019-05-28 03:45:03,330568.60947844,0.00008207,0.0000000071871899729999996,7698381,2019-05-28 03:45:03,btc,9.418468048082827,0.0,0.00008207,btc,57911.2078911,2.78569484,2.171498974947134,7
1,[],5,[],2019-05-28 03:45:05,0.0,0,0,7698382,2019-05-28 03:45:05,btc,0.0,0.69591776,0,btc,0.0,0.0,0.0,7
1,[],20,[],2019-04-07 22:06:50,3201475.0482,0.000000001,0.000000000000051590000000000004,7213932,2019-04-07 22:06:50,btc,30.8005781811902,0.0,0.000000001,btc,23077405.3926,0.0,0.0032014750482,8
0,[],2,[],2019-01-20 23:22:42,0.0,0,0,6476876,2019-01-20 23:22:42,,0.0,0.0,0,,0.0,0.0,0.0,9
0,[],23,[],2019-01-20 23:22:48,0.0,0,0,6476878,2019-01-20 23:22:48,,0.0,0.0,0,,0.0,0.0,0.0,9
1,[],1,[],2019-02-17 23:31:42,1822507.21,0.00000181000000000000003456111265232042484285557293333113193511962890625,0.000000000066086901,6701244,2019-02-17 23:31:42,btc,3.6990969245,17153386.5,0.00000181000000000000003456111265232042484285557293333113193511962890625,btc,1997391.71,31.11772986,3.2610482446,9
1,[],4,[],2019-05-28 03:45:10,21274485.89401215,0.00000050,0.000000000043786949999999995,7698383,2019-05-28 03:45:10,btc,3.9802082704834785,0.0,0.00000050,btc,3438733.72766277,0.62179428,0.5722421424533547,9
0,[],28,[],2019-05-28 03:45:59,0.0,0,0,7698384,2019-05-28 03:45:59,,0.0,3577042.43,0,,0.0,0.0,0.0,9
1,[],4,[],2019-02-17 11:22:43,4341674.27126056,0.00000002,0.0000000000007272960000000001,6696112,2019-02-17 11:22:43,btc,0.1997230937751353,0.0,0.00000002,btc,4109766.79808031,0.00215132,0.0479381022052112,10
0,[],2,[],2019-01-20 23:23:08,0.0,0,0,6476890,2019-01-20 23:23:08,,0.0,0.0,0,,0.0,0.0,0.0,12
1,[],4,[],2019-05-28 03:46:00,8823277.98705649,0.00000049,0.000000000042911211,7698385,2019-05-28 03:46:00,btc,4.679249230652643,0.0,0.00000049,btc,4890653.3591833,0.74286593,1.6429113654067087,12
1,[],5,[],2019-05-28 03:46:01,0.0,0,0,7698386,2019-05-28 03:46:01,btc,0.0,0.12597031,0,btc,0.0,0.0,0.0,12
0.0,[],25,[],2019-05-28 03:46:02,0.0,0,0,7698387,2019-05-28 03:46:02,,0.0,0.0,0.0,btc,0.0,0.0,0.0,12
1,[],4,[],2019-05-28 03:46:05,338933.45239984,0.00000574,0.000000000502674186,7698388,2019-05-28 03:46:05,btc,2.034880229982541,0.0,0.00000574,btc,254759.23994497,0.31192787,0.5367601275223152,13
1,[],10,[],2019-05-28 03:46:08,651625.9541217,0.00000575,0.000000000503549925,7698389,2019-05-28 03:46:08,btc,666803.2984086578,11046.609517,0.00000575,btc,866952.43686478,0.0,0.2495939715033776,13
1,[],21,[],2019-05-28 03:46:11,2152460.39567371,0.000005830000000000000085582582687,0.000000000510555837,7698390,2019-05-28 03:46:11,btc,2.831483809791132,937652.48074822,0.00000583000000000000008558258268731577800281229428946971893310546875,btc,440761.28568868,5.57411387,9.185242157152047,13
1,[],4,[],2019-05-28 03:46:12,803632.43960152,0.00000081,0.000000000070934859,7698391,2019-05-28 03:46:12,btc,4.512968206848584,0.0,0.00000081,btc,851101.12154653,0.00991463,0.0554834781474236,14
1,[],12,[],2019-05-28 03:46:13,135775.48136069,0.00000077,0.000000000067431903,7698392,2019-05-28 03:46:13,btc,14.13463258509312,0.0,0.00000077,btc,21543.71741965,0.000322191372,0.0152002399999685,14
1,[],26,[],2019-05-28 03:48:13,0.0,0.00000050,0.000000000043786949999999995,7698393,2019-05-28 03:48:13,btc,0.0,0.0,0.00000050,btc,0.0,0.0,0.0,14
0,[],17,[],2019-05-03 00:53:32,0.0,0,0,7558876,2019-05-03 00:53:32,btc,0.0,0.0,0,btc,0.0,0.0,0.0,14
,[],12,[],2018-12-01 15:15:48,204241.84496,0.00000489,0.000000000202473384,5260204,2018-12-01 15:15:48,btc,49.5475654835,0.0,,btc,35763.2193806,0.0163153972027625,0.0203389899998,15
0,[],4,[],2019-05-28 03:48:14,0.0,0,0,7698394,2019-05-28 03:48:14,,0.0,0.0,0,,0.0,0.0,0.0,15
0,[],2,[],2019-01-20 23:23:38,0.0,0,0,6476906,2019-01-20 23:23:38,,0.0,0.0,0,,0.0,0.0,0.0,18
1,[],4,[],2019-05-28 03:48:16,35587.94253349,0.00001105,0.000000000967691595,7698395,2019-05-28 03:48:16,btc,0.9689824290854832,0.0,0.00001105,btc,10904.60952247,0.0443602,0.0897770198608968,18
1,[],10,[],2019-05-28 03:48:19,496957.00741674,0.00001074,0.000000000940543686,7698396,2019-05-28 03:48:19,btc,15.3488389799634,44300.8156019,0.00001074,btc,13892.35809799,0.0,0.1217698450517733,18
1,[],12,[],2019-05-28 03:48:20,6986.76848368,0.000010610000000000000059860970347269670810419484041631221771240234375,0.0000000009291590789999999,7698397,2019-05-28 03:48:20,btc,0.3988613650867097,0.0,0.000010610000000000000059860970347269670810419484041631221771240234375,btc,1255.93459134,0.002240354748,0.0100578802959518,18
0,[],17,[],2019-05-03 00:53:39,0.0,0,0,7558882,2019-05-03 00:53:39,btc,0.0,0.0,0,btc,0.0,0.0,0.0,18
0,[],2,[],2019-01-20 23:24:19,0.0,0,0,6476924,2019-01-20 23:24:19,,0.0,0.0,0,,0.0,0.0,0.0,19
1,[],3,[],2019-05-28 03:50:22,148937.40528406907,0.000008209999999999999321432554710842310896623530425131320953369140625,0.0000000007189817189999999,7698398,2019-05-28 03:50:22,btc,0.1298129181745647,3754.77071591,0.000008209999999999999321432554710842310896623530425131320953369140625,btc,3671.88184014062,0.0,0.0488949019659291,19
1,[],4,[],2019-05-28 03:50:24,609840.25676551,0.00000835,0.0000000007312420649999999,7698399,2019-05-28 03:50:24,btc,3.345373537760156,0.0,0.00000835,btc,156373.97542743,0.31968976,0.7790788832603268,19
1,[],5,[],2019-05-28 03:50:26,0.0,0,0,7698400,2019-05-28 03:50:26,btc,0.0,6.948e-05,0,btc,0.0,0.0,0.0,19
1,[],12,[],2019-05-28 03:50:27,15570.87899284,0.000007109999999999999688846986922730053493069135583937168121337890625,0.0000000006226504289999999,7698401,2019-05-28 03:50:27,btc,0.0596182051818837,0.0,0.000007109999999999999688846986922730053493069135583937168121337890625,btc,2092.39552447,0.003800411859,0.0290808699997393,19
0,[],27,[],2019-05-28 03:50:36,0.0,0,0,7698402,2019-05-28 03:50:36,,0.0,0.0,0,btc,0.0,0.0,0.0,19
1,[],4,[],2019-05-28 03:50:39,10062076.88478525,0.00000007,0.000000000006130173,7698403,2019-05-28 03:50:39,btc,6.429883252961221,0.0,0.00000007,btc,2333215.60836933,0.0,0.1174938176872809,20
1,[],4,[],2019-05-28 03:50:40,72531683.2473748,0.00000001,0.000000000000875739,7698404,2019-05-28 03:50:40,btc,1768.0897419398937,0.0,0.00000001,btc,66738003.11973631,0.0015,0.7253168324737481,21
1,[],12,[],2019-05-28 03:50:41,2461765.0,0.00000001,0.000000000000875739,7698405,2019-05-28 03:50:41,btc,1008.0147310128372,0.0,0.00000001,btc,5931773.6413586205,0.002877268711,0.02461765,21
0,[],17,[],2019-05-03 00:53:51,0.0,0,0,7558891,2019-05-03 00:53:51,btc,0.0,0.0,0,btc,0.0,0.0,0.0,21
1,[],12,[],2019-05-28 03:52:42,4734119137.0,0.0000000004,0.00000000000003502956,7698406,2019-05-28 03:52:42,btc,708147258.8204149,0.0,0.0000000004,btc,2643835226.589411,0.063724232908,0.9770465404,23
0.0000000003092514,[],27,[],2019-05-28 03:52:50,93490717.95654348,9.277542e-18,8.124705353538e-22,7698407,2019-05-28 03:52:50,eth,1171.5361762628,799881929.0434563,0.00000003,eth,17841385.028,7.420938191338518e-09,4.943975099195944e-10,23
1,[],4,[],2019-05-28 03:52:51,1809509.07699412,0.00000020,0.00000000001751478,7698408,2019-05-28 03:52:51,btc,13.477547887121938,0.0,0.00000020,btc,2151348.72080148,0.01726811,0.0565509620189353,24
1,[],22,[],2019-05-28 03:52:55,21.76,0.00000100,0.00000000008757389999999999,7698409,2019-05-28 03:52:55,BTC,7.415e-05,0.0,0.00000100,BTC,23.919354838709676,0.0,1.186e-05,24
0.0,[],25,[],2019-05-28 03:52:56,0.0,0,0,7698410,2019-05-28 03:52:56,,0.0,0.0,0.0,btc,0.0,0.0,0.0,24
0,[],2,[],2019-01-20 23:25:56,0.0,0,0,6476976,2019-01-20 23:25:56,,0.0,0.0,0,,0.0,0.0,0.0,26
1,[],4,[],2019-05-28 03:52:58,335875.07259699,0.00000421,0.000000000368686119,7698411,2019-05-28 03:52:58,btc,10.139198918276076,0.0,0.00000421,btc,253368.67337655,0.15429443,0.2977920444647084,26
1,[],10,[],2019-05-28 03:53:00,149491.84782691,0.00000401,0.00000000035117133899999997,7698412,2019-05-28 03:53:00,btc,25.508835710732562,7045.00117679,0.00000401,btc,22959.56181785,0.0,0.0302764064798729,26
1,[],5,[],2019-04-26 09:47:06,0.0,0,0,7465326,2019-04-26 09:47:06,btc,0.0,0.0,0,btc,0.0,0.0,0.0,27
1,[],3,[],2019-05-28 03:53:00,10488523.60144003,0.00000001,0.000000000000875739,7698413,2019-05-28 03:53:00,btc,3.5905336854646275,5085393.53413,0.00000001,btc,26895038.84545408,0.0,0.1048852360144003,27
1,[],11,[],2019-05-28 03:53:02,1070969.08157834,0.00000002,0.000000000001751478,7698414,2019-05-28 03:53:02,btc,67503.03934773499,19676.5543251,0.00000002,btc,6639861.32608848,0.0,0.0107207058157834,27
1,[],4,[],2019-05-28 03:53:02,1163057971.6439643,0.00000001,0.000000000000875739,7698415,2019-05-28 03:53:02,btc,4.897368398563367,0.0,0.00000001,"btc,ltc",299260636.27765006,0.07305473,8.066896541654431,29
1,[],7,[],2019-05-28 03:53:05,86565332.30740812,0.00000001,0.000000000000875739,7698416,2019-05-28 03:53:05,btc,46548272.1112354,0.0,0.00000001,btc,35027928.49011496,0.0,0.8656533230740813,29
0,[],17,[],2019-05-03 01:11:25,0.0,0,0,7559066,2019-05-03 01:11:25,btc,0.0,0.0,0,btc,0.0,0.0,0.0,30
1,[],4,[],2019-05-28 03:53:06,15163814.27217546,0.00000006,0.000000000005254434,7698417,2019-05-28 03:53:06,btc,2.672923484071859,0.0,0.00000006,btc,2114428.94230939,0.00029988,0.1659692359941774,30
1,[],4,[],2019-05-28 03:55:07,118226.96099152,0.00005041,0.000000004414600299,7698418,2019-05-28 03:55:07,btc,3.5196565222604668,0.0,0.00005041,btc,41091.68754227,1.34331201,0.6796208910046903,31
1,[],21,[],2019-05-28 03:55:08,159377.81600309,0.00005030000000000000291190682677,0.00000000440496717,7698419,2019-05-28 03:55:08,btc,4.366496237364914,505742.59135222,0.00005030000000000000291190682677466838867985643446445465087890625,btc,78614.71113141,23.31958906,6.65657924058997,31
0,[],2,[],2019-01-20 23:28:43,0.0,0,0,6477009,2019-01-20 23:28:43,,0.0,0.0,0,,0.0,0.0,0.0,32
1,[],12,[],2019-03-30 07:55:10,40641173.964,0.00000003,0.000000000001228359,7108785,2019-03-30 07:55:10,btc,4233210.82356125,0.0,0.00000003,btc,28378394.68333462,0.0126927883965248,0.90752895892,33
0,[],4,[],2019-05-28 03:55:11,0.0,0,0,7698420,2019-05-28 03:55:11,,0.0,0.0,0,,0.0,0.0,0.0,33
0.0000000001322428,[],4,[],2019-05-28 03:55:13,510338348.88813335,1.1901852e-17,1.0422915968627999e-21,7698421,2019-05-28 03:55:13,ltc,3.5114557819988583,0.0,0.00000009,ltc,155809438.1585306,0.0,2.0114768289908747e-09,34
1,[],5,[],2019-05-28 03:55:14,0.0,0,0,7698422,2019-05-28 03:55:14,btc,0.0,8.6e-07,0,btc,0.0,0.0,0.0,34
0.0000000002926451,[],17,[],2019-05-02 18:17:47,200000.0,2.9264510000000002e-18,1.596703856561e-22,7556430,2019-05-02 18:17:47,eth,0.20942468735267253,0.0,0.00000001,"btc,eth",1018272.20243647,0.0,5.852902e-13,36
0.0000000001322428,[],4,[],2019-05-28 03:55:16,80740056.16077778,1.322428e-18,1.1581017742919999e-22,7698423,2019-05-28 03:55:16,ltc,5.047853066477581e-08,0.0,0.00000001,ltc,7051461285.111265,0.0,1.0677291098858504e-10,36
1,[],5,[],2019-05-28 03:55:17,0.0,0,0,7698424,2019-05-28 03:55:17,btc,0.0,0.0,0,btc,0.0,0.0,0.0,36
0.0000000003092514,[],27,[],2019-05-28 03:57:25,41737858.4,9.277542e-18,8.124705353538e-22,7698425,2019-05-28 03:57:25,eth,1670.43116568,1519874198.6039999,0.00000003,"ltc,eth",4726977.0,9.869566511896408e-08,3.455142359614048e-10,36
1,[],17,[],2019-05-03 01:11:36,211752.74075282,0.00000025,0.000000000013700074999999998,7559074,2019-05-03 01:11:36,btc,0.055484923955058496,0.0,0.00000025,"btc,eth",1387.19918473,0.0,0.0005381851887916605,37
1,[],4,[],2019-05-28 03:57:26,9956778.63087131,0.00000018,0.000000000015763302,7698426,2019-05-28 03:57:26,btc,19772.564514455677,0.0,0.00000018,btc,769956.20680854,0.0023635,0.1378619329263104,37
1,[],12,[],2019-05-28 03:57:29,4068625.32628572,0.0000002,0.00000000001751478,7698427,2019-05-28 03:57:29,btc,8.134011449210778,0.0,0.0000002,btc,859128.87112882,0.031704593598,0.1993897586442866,37
1,[],27,[],2019-05-28 03:59:34,1600.0,0.00000015,0.000000000013136085,7698428,2019-05-28 03:59:34,btc,24.11463822903233,0.0,0.00000015,btc,5792.59438508,0.0,3e-05,37
1,[],5,[],2019-05-28 03:59:36,0.0,0,0,7698429,2019-05-28 03:59:36,btc,0.0,0.00103689,0,btc,0.0,0.0,0.0,42
1,[],12,[],2019-05-28 03:59:37,133753.3292407,0.00000094,0.000000000082319466,7698430,2019-05-28 03:59:37,btc,24.540282203628347,0.0,0.00000094,btc,70605.64631566,0.013256566845,0.0460463799999648,42
1,[],27,[],2019-05-28 03:59:43,506.0,0.00000002,0.000000000001751478,7698431,2019-05-28 03:59:43,btc,0.39085425,0.0,0.00000002,"btc,eth",735.0,0.0,6.000000324899521e-06,42
1,[],12,[],2019-03-13 09:13:29,1112112.0,0.00000001,0.000000000000386531,6919902,2019-03-13 09:13:29,btc,29058.00478931866,0.0,0.00000001,btc,5967681.93306694,9.99000999e-07,0.01112112,43
1,[],5,[],2019-04-26 22:38:52,0.0,0,0,7474154,2019-04-26 22:38:52,btc,0.0,0.02638891,0,btc,0.0,0.0,0.0,43
0,[],17,[],2019-04-26 22:38:53,0.0,0,0,7474155,2019-04-26 22:38:53,btc,0.0,0.0,0,btc,0.0,0.0,0.0,43
1,[],12,[],2019-03-05 01:54:08,639326.02,0.00000004,0.000000000001486676,6845775,2019-03-05 01:54:08,btc,11116042.728239931,0.0,0.00000004,btc,1103841.4595604,0.0003330765234764,0.014975410599999999,44
1,[],4,[],2019-05-28 03:59:44,114799900.95207927,0.00000001,0.000000000000875739,7698432,2019-05-28 03:59:44,btc,291324.2225815397,0.0,0.00000001,"btc,ltc",27251005.13262538,0.00201642,0.08799417841821881,49
0.0000000001322428,[],4,[],2019-05-28 03:59:45,136367836.71375978,3.8350412e-17,3.3584951454468e-21,7698433,2019-05-28 03:59:45,ltc,22050.15128714891,0.0,0.00000029,ltc,157736869.0587601,0.0,7.587123592514291e-10,52
0,[],22,[],2019-05-28 03:59:49,0.0,0,0,7698434,2019-05-28 03:59:49,,10289.55991011,0.0,0,,308568058.4566013,0.0,0.0,57
0,[],27,[],2019-05-28 03:59:55,0.0,0,0,7698435,2019-05-28 03:59:55,,0.0,0.0,0,"btc,eth",0.0,0.0,0.0,57
0.0000000001322428,[],4,[],2019-05-28 03:59:58,2695987137.494031,1.322428e-18,1.1581017742919999e-22,7698436,2019-05-28 03:59:58,ltc,19.263871754567774,0.0,0.00000001,ltc,5782050563.79815,0.0,3.5652488782619565e-09,58
1,[],12,[],2019-05-28 03:59:59,772289717.0,0.0000000001,0.00000000000000875739,7698437,2019-05-28 03:59:59,btc,2179511.793156773,0.0,0.0000000001,btc,2696437311.6633368,0.001348918023,0.0772289717,58
0.00000000011137640000000001,[],22,[],2019-05-28 04:02:02,126877.0,1.113764e-18,9.75366571596e-23,7698438,2019-05-28 04:02:02,XMR,68.17454206,0.0,0.00000001,XMR,9626402.6,0.0,0.00126877,58
1,[],17,[],2019-05-03 01:12:09,1200000.0,0.0000000001,0.00000000000000548003,7559085,2019-05-03 01:12:09,btc,1e+24,0.0,0.0000000001,"btc,eth",39516342.31952568,0.0,0.00010000000058666061,58
1,[],5,[],2019-05-28 04:02:04,0.0,0,0,7698439,2019-05-28 04:02:04,btc,0.0,1.97e-05,0,btc,0.0,0.0,0.0,61
1,[],22,[],2019-05-28 04:02:07,13613.833333333334,0.00000012,0.000000000010508868,7698440,2019-05-28 04:02:07,BTC,1002.29590883,0.0,0.00000012,BTC,15092.180177125656,0.0,0.00153269,61
1,[],26,[],2019-05-28 04:02:07,0.0,0.00000050,0.000000000043786949999999995,7698441,2019-05-28 04:02:07,btc,0.0,0.0,0.00000050,btc,0.0,0.0,0.0,61
1,[],27,[],2019-05-28 04:02:17,13712.0,0.0000002,0.00000000001751478,7698442,2019-05-28 04:02:17,btc,1.9582485601246655,0.0,0.0000002,"btc,eth",11379.41563696,0.0,0.00252178,61
0,[],28,[],2019-05-28 03:02:47,0.0,0,0,7698282,2019-05-28 03:02:47,,0.0,754.0,0,,0.0,0.0,0.0,61
1,[],4,[],2019-05-28 03:02:49,1030443.5066093,0.00000080,0.000000000070254,7698283,2019-05-28 03:02:49,btc,2.6795237595884642,0.0,0.00000080,btc,896043.54279761,0.08338962,0.6000918841619967,67
0.0,[],25,[],2019-05-28 03:02:52,0.0,0,0,7698284,2019-05-28 03:02:52,,0.0,0.0,0.0,btc,0.0,0.0,0.0,67
1,[],12,[],2019-05-28 03:02:54,805591.0,0.00000005,0.000000000004390875,7698285,2019-05-28 03:02:54,btc,5.16721593143856,0.0,0.00000005,btc,767401.77822175,0.000138932549,0.01731071,71
,[],5,[],2018-11-20 23:02:39,1.5e-07,0.00000005,0.000000000002128045,4862160,2018-11-20 23:02:39,btc,2.84511358,0.0,,btc,0.00036572,0.0,0.07381892,74
1,[],5,[],2019-05-28 03:02:56,0.0,0,0,7698286,2019-05-28 03:02:56,btc,0.0,0.10399205,0,btc,0.0,0.0,0.0,75
0,[],4,[],2019-05-25 21:33:44,0.0,0,0,7686249,2019-05-25 21:33:44,,133656.37989170782,0.0,0,,33439209.5909442,0.0,0.0,81
0,[],20,[],2019-01-25 09:30:31,0.0,0,0,6495923,2019-01-25 09:30:31,btc,0.0,0.0,0,btc,0.0,0.0,0.0,81
1,[],4,[],2019-05-28 04:02:52,27494.07079353,0.00006991,0.000000006122291348999999,7698448,2019-05-28 04:02:52,btc,17.862340832331057,0.0,0.00006991,btc,16043.43581743,0.55341528,0.3102754156673482,82
1,[],21,[],2019-05-28 04:02:53,93841.08917179,0.00007809000000000000619657103407,0.000000006838645851000001,7698449,2019-05-28 04:02:53,btc,3.295766900402472,63143.14240845,0.0000780900000000000061965710340672330858069472014904022216796875,btc,34051.98134561,4.93017367,4.0900025029632205,82
0,[],17,[],2019-03-25 22:42:34,0.0,0,0,7038780,2019-03-25 22:42:34,btc,0.0445064681804024,0.0,0,btc,995513.18476001,0.0,0.0,84
0.0000000001161485,[],4,[],2019-05-20 13:09:39,216715621.0206096,1.161485e-18,9.0533806701e-23,7657228,2019-05-20 13:09:39,ltc,1.6511566870244727,0.0,0.00000001,ltc,471032407.9048656,0.0,2.5171194308112273e-10,85
,[],22,[],2018-11-20 23:09:34,3408.1,0.0000001,0.0000000000041895,4862324,2018-11-20 23:09:34,BTC,0.04624735,0.0,,BTC,4990.0,0.0,0.00033081,86
1,[],22,[],2019-05-28 04:02:57,65156.0,0.00000001,0.000000000000875739,7698450,2019-05-28 04:02:57,BTC,1.45608405,0.0,0.00000001,BTC,314587.29736842104,0.0,0.00065156,87
0,[],27,[],2019-05-28 04:03:09,0.0,0,0,7698451,2019-05-28 04:03:09,,4.962566382816,0.0,0,btc,66120.49241,0.0,0.0,87
,[],2,[],2018-11-20 23:10:47,0.0,0,0,4862359,2018-11-20 23:10:47,,0.0,0.0,,,0.0,0.0,0.0,88
1,[],11,[],2019-05-28 04:03:10,97916.38422495,0.00008500000000000000610622663543836097232997417449951171875,0.0000000074437815,7698452,2019-05-28 04:03:10,btc,184.39441988311012,51.0,0.00008500000000000000610622663543836097232997417449951171875,btc,225868.71360549,0.0,3.27230281233231,89
1,[],12,[],2019-05-28 04:03:11,201870.64344962,0.00000038,0.000000000033278082,7698453,2019-05-28 04:03:11,btc,87.63873460013365,0.0,0.00000038,btc,105934.70555554,0.001901457,0.0115491119999839,91
0,[],2,[],2019-01-20 23:31:45,0.0,0,0,6477083,2019-01-20 23:31:45,,0.0,0.0,0,,0.0,0.0,0.0,91
1,[],22,[],2019-05-28 03:07:13,75910.55,0.0000002,0.0000000000175635,7698293,2019-05-28 03:07:13,BTC,0.495,0.0,0.0000002,"BTC,LTC",4.95,0.0,0.00165931,91
0,[],17,[],2019-05-03 01:12:26,0.0,0,0,7559096,2019-05-03 01:12:26,btc,0.0,0.0,0,btc,0.0,0.0,0.0,91
1,[],22,[],2019-04-09 20:17:52,374949.73333333334,0.00000015,0.000000000007771935,7235704,2019-04-09 20:17:52,BTC,6.87372503,0.0,0.00000015,"BTC,LTC",159980.01196797504,1.1e-05,0.80510266,95
0.0000000001328308,[],4,[],2019-05-28 03:07:18,549960105.9617763,2.7894467999999996e-17,2.44962244359e-21,7698294,2019-05-28 03:07:18,ltc,11.581305421342195,0.0,0.00000021,ltc,175353600.1265924,0.0,1.1082598349622682e-09,96
0,[],12,[],2019-05-28 03:07:20,0.0,0,0,7698295,2019-05-28 03:07:20,btc,10.45964985037962,0.0,0,btc,7775532.03796204,0.0,0.0,96
0,[],17,[],2019-05-03 01:12:32,0.0,0,0,7559100,2019-05-03 01:12:32,btc,0.0,0.0,0,btc,0.0,0.0,0.0,96
1,[],4,[],2019-04-14 03:32:46,1039404.33283278,0.00000038,0.000000000019245518,7293458,2019-04-14 03:32:46,btc,4.170086055365747,0.0,0.00000038,btc,3097704.34561074,0.06260606,0.1859928211030784,99
0,[],2,[],2019-01-20 23:23:55,0.0,0,0,6476914,2019-01-20 23:23:55,,0.0,0.0,0,,0.0,0.0,0.0,100
1,[],4,[],2019-05-28 03:09:22,200060.54399172,0.00001622,0.0000000014243998500000001,7698296,2019-05-28 03:09:22,btc,6.810040370753938,0.0,0.00001622,btc,135174.45259269,0.75273468,0.2809626385572846,100
1,[],22,[],2019-05-28 03:09:25,150000.0,0.00000002,0.00000000000175635,7698297,2019-05-28 03:09:25,BTC,24.83526409,0.0,0.00000002,BTC,11187.719,0.0,0.0017,101
1,[],4,[],2019-05-28 03:09:26,539278.47065541,0.00000165,0.00000000014489887500000001,7698298,2019-05-28 03:09:26,btc,362.2105726109228,0.0,0.00000165,btc,597290.10363675,0.01061647,0.1773995951393393,103
1,[],12,[],2019-05-28 03:09:28,139725920.83268034,0.000000004,0.00000000000035127000000000003,7698299,2019-05-28 03:09:28,btc,2379.973317292408,0.0,0.000000004,btc,57646798.67555205,0.009910181666,0.1686748033307214,105
0,[],27,[],2019-05-28 03:09:34,0.0,0,0,7698300,2019-05-28 03:09:34,,0.259402494018824,300.0,0,btc,714350.52604776,3e-06,0.0,105
1,[],22,[],2019-04-21 00:17:26,21333.0,0.00000001,0.000000000000532493,7385819,2019-04-21 00:17:26,BTC,51.38182867,0.0,0.00000001,BTC,470435.0,0.0,0.00021333,107
1,[],26,[],2019-04-21 00:17:26,0.0,0.00000000,0,7385820,2019-04-21 00:17:26,btc,0.0,0.0,0.00000000,btc,0.0,0.0,0.0,107
1,[],5,[],2019-05-28 03:09:36,0.0,0,0,7698301,2019-05-28 03:09:36,btc,0.0,5e-07,0,btc,0.0,0.0,0.0,112
0,[],22,[],2019-05-28 03:09:40,0.0,0,0,7698302,2019-05-28 03:09:40,,2.79635781,0.0,0,,3274992.0833333335,0.0,0.0,112
1,[],27,[],2019-05-28 03:09:48,1.0,0.00000001,0.000000000000878175,7698303,2019-05-28 03:09:48,btc,1.15032588,0.0,0.00000001,"btc,eth",1818.0,0.0,1e-08,112
1,[],4,[],2019-05-28 03:09:49,178207.77823023,0.00000081,0.000000000071132175,7698304,2019-05-28 03:09:49,btc,4.460483277534231,0.0,0.00000081,btc,558608.3574908,0.01115325,0.095569654265758,113
1,[],5,[],2019-05-28 03:09:50,0.0,0,0,7698305,2019-05-28 03:09:50,btc,0.0,0.0,0,btc,0.0,0.0,0.0,113
1,[],17,[],2019-04-26 02:17:47,162738.278,0.00000004,0.0000000000021069000000000002,7461287,2019-04-26 02:17:47,btc,1.3331140273775473,0.0,0.00000004,btc,51796.221,0.0,0.00230953112,116
1,[],27,[],2019-05-22 05:13:01,210000.0,0.00000001,0.00000000000079145,7666372,2019-05-22 05:13:01,btc,3919.0005001478,0.0,0.00000001,btc,128660.871,0.0,0.0021,116
1,[],4,[],2019-05-21 22:31:11,138169.03963019,0.00000701,0.000000000558364025,7664793,2019-05-21 22:31:11,btc,150.95388250938234,0.0,0.00000701,btc,344631.17141974,0.07552974,0.4288357684941946,120
1,[],7,[],2019-05-21 22:31:12,3901.07750076,0.000010679999999999999389654892212320191902108490467071533203125,0.0000000008506887,7664794,2019-05-21 22:31:12,btc,231188.94669936574,0.0,0.000010679999999999999389654892212320191902108490467071533203125,btc,4133.83151364,0.0,0.0113888422364489,120
1,[],20,[],2019-04-07 18:42:29,1914137.0852,0.000000035,0.0000000000017871910000000002,7211992,2019-04-07 18:42:29,btc,32.2497668025648,25528.85,0.000000035,btc,1001975.4986,0.00089350975,0.0152723574729,125
1,[],22,[],2019-05-28 03:09:53,10000.0,0.00000001,0.000000000000878175,7698306,2019-05-28 03:09:53,BTC,0.032061,0.0,0.00000001,BTC,299316.7611111111,0.0,0.0001,126
1,[],4,[],2019-05-28 03:09:55,226737.61685113,0.00000695,0.000000000610331625,7698307,2019-05-28 03:09:55,btc,5.2428342249541,0.0,0.00000695,btc,183902.90292359,0.2632133,0.3669155495534529,131
0,[],2,[],2019-01-20 23:25:46,0.0,0,0,6476969,2019-01-20 23:25:46,,0.0,0.0,0,,0.0,0.0,0.0,131
1,[],17,[],2019-05-03 01:13:10,10000.0,0.00000001,0.000000000000548003,7559115,2019-05-03 01:13:10,btc,0.0953976503951408,0.0,0.00000001,btc,5037.62507334,0.0,0.0001,131
1,[],4,[],2019-05-28 03:11:56,4740.21977542,0.00007919,0.000000006954267825,7698308,2019-05-28 03:11:56,btc,5.045540865904278,0.0,0.00007919,btc,247.17378338,0.0,0.0069132248094492,135
1,[],3,[],2019-05-28 03:11:57,448112.63331819,0.00000001,0.000000000000878175,7698309,2019-05-28 03:11:57,btc,0.2226943255681888,1001197.18998,0.00000001,btc,1999965.74189964,0.0,0.0044811263331819,136
1,[],4,[],2019-05-28 03:11:58,2486312.75632029,0.00000197,0.000000000173000475,7698310,2019-05-28 03:11:58,btc,107.42443800409828,0.0,0.00000197,btc,479513.85951568,0.04686163,0.6493009820164956,137
1,[],12,[],2019-05-28 03:11:59,88653.846462,0.0000020200000000000001415252463832228357887288439087569713592529296875,0.00000000017739135,7698311,2019-05-28 03:11:59,btc,57.78020558575691,0.0,0.0000020200000000000001415252463832228357887288439087569713592529296875,btc,49253.55496973,0.003468435832,0.0175721399999611,137
1,[],4,[],2019-05-28 03:12:00,86797.44695112,0.00001457,0.000000001279500975,7698312,2019-05-28 03:12:00,btc,9.45093105436179,0.0,0.00001457,btc,139766.8314047,0.18264867,0.7708249074779203,142
1,[],5,[],2019-05-28 03:12:03,0.0,0,0,7698313,2019-05-28 03:12:03,btc,0.0,0.00379885,0,btc,0.0,0.0,0.0,142
1,[],20,[],2019-05-28 03:14:05,208969.0254,0.00001422,0.00000000124876485,7698314,2019-05-28 03:14:05,btc,1.6056398458244,560.976,0.00001422,btc,9770.8847,0.007984502491,0.0171995743766,142
1,[],22,[],2019-05-28 03:14:08,11028.645,0.00001000,0.000000000878175,7698315,2019-05-28 03:14:08,BTC,3.2754788,0.0,0.00001000,BTC,1133.9993657797618,0.0,0.00745365,142
0.0,[],25,[],2019-05-28 03:14:11,0.0,0,0,7698316,2019-05-28 03:14:11,,0.0,0.0,0.0,btc,0.0,0.0,0.0,142
0,[],28,[],2019-05-28 03:14:13,0.0,0,0,7698317,2019-05-28 03:14:13,,0.0,0.0,0,,0.0,0.0,0.0,142
1,[],17,[],2019-05-03 01:13:16,32967.38636364,0.00000088,0.000000000048224264,7559122,2019-05-03 01:13:16,btc,20.06976206696776,0.0,0.00000088,btc,2746.079105,0.0,0.0105613000000032,142
0,[],22,[],2019-05-28 03:14:15,0.0,0,0,7698318,2019-05-28 03:14:15,,65.51518676,0.0,0,,839924755.3,0.0,0.0,143
0,[],22,[],2019-02-25 15:42:22,0.0,0,0,6783783,2019-02-25 15:42:22,,4.2131946,0.0,0,,2322156.0,0.0,0.0,146
,[],22,[],2018-11-20 23:01:11,0.0,0,0,4862114,2018-11-20 23:01:11,,2.56807021,0.0,,,61828.4988236,0.0,0.0,147
1,[],12,[],2019-04-21 06:38:04,193091.5971266,0.00000071,0.000000000037635183,7388679,2019-04-21 06:38:04,btc,2.301232411611175,0.0,0.00000071,btc,9957.48302385,0.00023528,0.0313308199999888,148
1,[],4,[],2019-03-19 21:31:25,255810.0415942,0.00000029,0.000000000011615747,6982695,2019-03-19 21:31:25,btc,218.94922712414143,0.0,0.00000029,btc,793529.37642722,0.00117,0.0608347789473395,152
0,[],22,[],2019-03-19 21:31:27,0.0,0,0,6982696,2019-03-19 21:31:27,,0.0,0.0,0,,0.0,0.0,0.0,152
1,[],5,[],2019-04-26 09:36:59,0.0,0,0,7465040,2019-04-26 09:36:59,btc,0.0,0.0,0,btc,0.0,0.0,0.0,153
,[],16,[],2019-01-11 15:38:59,0.0,0,0,6366141,2019-01-11 15:38:59,btc,0.0,0.0,,btc,0.0,0.0,0.0,155
0,[],23,[],2019-01-20 23:24:29,0.0,0,0,6476932,2019-01-20 23:24:29,,0.0,0.0,0,,0.0,0.0,0.0,156
0,[],22,[],2019-05-28 03:14:20,0.0,0,0,7698319,2019-05-28 03:14:20,,7.44455324,0.0,0,,5955762.942592593,0.0,0.0,156
1,[],22,[],2019-05-28 03:14:23,7066.0,0.00000800,0.00000000070254,7698320,2019-05-28 03:14:23,BTC,1.79802465,0.0,0.00000800,BTC,802.6461988741639,0.0,0.00062996,157
0,[],22,[],2019-05-21 23:40:32,0.0,0,0,7665049,2019-05-21 23:40:32,,50234.60468402,0.0,0,,54786159.03179465,0.0,0.0,158
,[],17,[],2018-11-20 22:56:10,0.0,0,0,4861976,2018-11-20 22:56:10,btc,1.1265625,0.0,,btc,1000.0,0.0,0.0,159
,[],20,[],2018-11-20 22:56:12,0.0,0,0,4861977,2018-11-20 22:56:12,btc,11912.7940471,0.0,,btc,34413894.3617,0.0,0.0,159
1,[],12,[],2019-05-24 02:51:20,9178.522006449999,0.00000191999999999999982841307998027158276954651228152215480804443359375,0.000000000151222656,7676256,2019-05-24 02:51:20,btc,149.80414728631675,0.0,0.00000191999999999999982841307998027158276954651228152215480804443359375,btc,1115.7451448499999,0.01783167678326,0.0120075778999181,168
1,[],17,[],2019-05-03 01:13:36,42852.0,0.00000002,0.000000000001096006,7559132,2019-05-03 01:13:36,btc,0.04279856251542,0.0,0.00000002,btc,274.46171372,0.0,0.00052852,168
1,[],22,[],2019-05-17 03:01:52,10.0,0.00000001,0.000000000000778341,7642059,2019-05-17 03:01:52,BTC,41.95893009,0.0,0.00000001,BTC,1753972.7737547632,0.0,1e-07,169
1,[],22,[],2019-05-28 03:14:26,203664.0,0.00000002,0.00000000000175635,7698321,2019-05-28 03:14:26,BTC,27.86392936,0.0,0.00000002,BTC,461717.9785507793,0.0,0.00213428,171
1,[],22,[],2019-05-28 03:14:30,374870.0,0.00000002,0.00000000000175635,7698322,2019-05-28 03:14:30,BTC,24.05841126,0.0,0.00000002,"BTC,LTC",1218236.4355616204,0.00099916,0.0044847,173
1,[],5,[],2019-05-28 03:14:31,0.0,0,0,7698323,2019-05-28 03:14:31,btc,0.0,0.00191614,0,btc,0.0,0.0,0.0,175
1,[],22,[],2019-05-28 03:14:34,90671.0,0.00000001,0.000000000000878175,7698324,2019-05-28 03:14:34,BTC,394.35459412,0.0,0.00000001,BTC,136275.61833431243,0.0,0.00090671,176
1,[],7,[],2019-05-28 03:14:35,0.0,0,0,7698325,2019-05-28 03:14:35,btc,522274.2532042936,0.0,0,btc,26538783.34310775,0.0,0.0,178
0,[],22,[],2019-05-28 03:14:38,0.0,0,0,7698326,2019-05-28 03:14:38,,1.00242428,0.0,0,,57512.0,0.0,0.0,178
0,[],2,[],2019-01-20 23:28:34,0.0,0,0,6477001,2019-01-20 23:28:34,,0.0,0.0,0,,0.0,0.0,0.0,178
1,[],5,[],2019-05-28 03:14:39,0.0,0,0,7698327,2019-05-28 03:14:39,btc,0.0,0.04083214,0,btc,0.0,0.0,0.0,179
0,[],22,[],2019-05-28 03:14:43,0.0,0,0,7698328,2019-05-28 03:14:43,,5.31437491,0.0,0,,13411089.311946675,0.0,0.0,179
0,[],23,[],2019-01-20 23:25:08,0.0,0,0,6476952,2019-01-20 23:25:08,,0.0,0.0,0,,0.0,0.0,0.0,179
1,[],22,[],2019-05-28 03:16:48,673744.8083923836,0.00000111,0.000000000097477425,7698329,2019-05-28 03:16:48,BTC,39.19688261,0.0,0.00000111,"BTC,LTC",149711.2151450798,0.01516196,0.57313021,180
1,[],26,[],2019-05-28 03:16:49,0.0,0.00000010,0.00000000000878175,7698330,2019-05-28 03:16:49,btc,0.0,50.0,0.00000010,btc,0.0,0.0,0.0,180
1,[],17,[],2019-05-03 01:13:56,20504.725000000002,0.0000001,0.00000000000548003,7559141,2019-05-03 01:13:56,btc,5.2010695838400265,0.0,0.0000001,btc,5033.45945,0.0,0.0011504725,180
,[],7,[],2018-11-20 22:58:01,562227.975654,0.00000085,0.000000000036176765,4862015,2018-11-20 22:58:01,btc,21836.6059674,2491.87645172,,btc,749999.041456,0.00211021,0.127565380455,183
,[],5,[],2019-01-10 08:11:41,0.0,0,0,6347036,2019-01-10 08:11:41,btc,82.15055501,0.00261,,btc,1.19002445,0.0,0.0,187
,[],17,[],2018-11-16 20:58:10,4062536.27273,0.00000001,0.000000000000550501,4708775,2018-11-16 20:58:10,btc,3.36492563466,0.195460381006,,"btc,eth",110697919.549,0.0,0.0157628953496,187
1,[],24,[],2019-05-22 21:04:52,0.0,0.000000000014,0.0000000000000010960978,7670219,2019-05-22 21:04:52,btc,0.0,0.0,0.000000000014,btc,0.0,0.0,0.0,187
0,[],22,[],2019-04-25 02:54:07,0.0,0,0,7447896,2019-04-25 02:54:07,,7.54794454,0.0,0,,76361.7243344055,0.0,0.0,191
0,[],22,[],2019-05-28 03:16:54,0.0,0,0,7698331,2019-05-28 03:16:54,,0.0,0.0,0,,0.0,0.0,0.0,197
0,[],23,[],2019-01-20 23:31:41,0.0,0,0,6477079,2019-01-20 23:31:41,,0.0,0.0,0,,0.0,0.0,0.0,199
0,[],22,[],2019-05-28 03:16:57,0.0,0,0,7698332,2019-05-28 03:16:57,,10.5564544,0.0,0,,99450037.0,0.0,0.0,199
1,[],26,[],2019-05-28 03:16:58,0.0,0.00000000,0,7698333,2019-05-28 03:16:58,btc,0.0,0.0,0.00000000,btc,0.0,0.0,0.0,199
0,[],2,[],2019-01-20 23:30:49,0.0,0,0,6477059,2019-01-20 23:30:49,,0.0,0.0,0,,0.0,0.0,0.0,201
1,[],4,[],2019-01-25 15:51:35,2084389.58565343,0.00000936,0.000000000333526752,6499557,2019-01-25 15:51:35,btc,2.0092503037378524,0.0,0.00000936,btc,160195.80207885,0.19272417,1.242687955921835,211
1,[],7,[],2019-05-28 03:17:01,1171756967.4422178,0.00000042,0.00000000003688335,7698334,2019-05-28 03:17:01,btc,15202334.48476007,868256.855341,0.00000042,btc,8873849.97103505,0.0,12.933993885988738,212
1,[],12,[],2019-01-25 02:44:32,207462.42853209,0.000001080000000000000035831255497387193287295303889550268650054931640625,0.000000000038610756000000006,6493050,2019-01-25 02:44:32,btc,85023.03793723314,0.0,0.000001080000000000000035831255497387193287295303889550268650054931640625,btc,43675.73520027,0.000146250909087,0.0348620860622024,213
1,[],5,[],2019-05-28 03:17:03,0.0,0,0,7698335,2019-05-28 03:17:03,btc,0.0,0.12088223,0,btc,0.0,0.0,0.0,213
1,[],24,[],2019-05-28 03:17:03,0.0,0.000000399202,0.000000000035056921635,7698336,2019-05-28 03:17:03,btc,0.0,433.54035,0.000000399202,btc,0.0,0.00017307,0.0,213
1,[],26,[],2019-05-28 03:17:03,0.0,0.00000040,0.000000000035127,7698337,2019-05-28 03:17:03,btc,0.0,0.0,0.00000040,btc,0.0,0.0,0.0,213
0,[],22,[],2019-05-28 03:17:07,0.0,0,0,7698338,2019-05-28 03:17:07,,9.61445386,0.0,0,,3661587.094064925,0.0,0.0,216
0,[],27,[],2019-05-28 03:17:17,0.0,0,0,7698339,2019-05-28 03:17:17,,70.5882095580052,0.0,0,"btc,ltc",398836.40768,0.0,0.0,216
1,[],22,[],2019-05-28 03:17:21,568848.65625,0.00000033,0.000000000028979775,7698340,2019-05-28 03:17:21,BTC,12054.75449852,0.0,0.00000033,BTC,408884.93767707155,0.03022285,0.04773948,217
1,[],7,[],2019-05-28 03:17:25,0.0,0,0,7698341,2019-05-28 03:17:25,btc,1234863.9718009047,0.0,0,btc,160745512.9208393,0.0,0.0,219
0,[],27,[],2019-05-28 03:17:30,0.0,0,0,7698342,2019-05-28 03:17:30,,0.402528685472,3818580.0337,0,btc,2725281.6967,0.0763716,0.0,219
0,[],28,[],2019-05-28 03:17:34,0.0,0,0,7698343,2019-05-28 03:17:34,,0.0,6823147.5432,0,,0.0,0.0,0.0,219
1,[],22,[],2019-05-23 16:41:05,172069.0,0.00000004,0.0000000000031167080000000004,7674065,2019-05-23 16:41:05,BTC,56.76466137,0.0,0.00000004,BTC,127061.6482738741,0.0,0.00393676,221
1,[],24,[],2019-05-23 16:41:05,0.0,0.000000010000,0.0000000000007791770000000001,7674066,2019-05-23 16:41:05,btc,0.0,0.0,0.000000010000,btc,0.0,0.0,0.0,221
1,[],20,[],2019-05-28 03:17:39,6879401.6716,0.000000002,0.00000000000017563500000000001,7698344,2019-05-28 03:17:39,btc,100050.73323706037,730372.179,0.000000002,btc,40126973.658,0.0015798400246,0.0069783096716,224
0,[],22,[],2019-05-28 03:17:43,0.0,0,0,7698345,2019-05-28 03:17:43,,0.0,0.0,0,,0.0,0.0,0.0,224
1,[],26,[],2019-05-28 03:17:43,0.0,0.00000026,0.00000000002283255,7698346,2019-05-28 03:17:43,btc,0.0,0.0,0.00000026,btc,0.0,0.0,0.0,231
1,[],26,[],2019-05-28 03:17:43,0.0,0.00000006,0.00000000000526905,7698347,2019-05-28 03:17:43,btc,0.0,100.0,0.00000006,btc,0.0,0.0,0.0,234
0,[],27,[],2019-05-28 03:17:51,0.0,0,0,7698348,2019-05-28 03:17:51,,0.01134836604,0.0,0,"btc,eth",11462.996,0.0,0.0,234
1,[],4,[],2019-05-22 17:06:12,91780.56053785,0.00000078,0.000000000061977552,7669277,2019-05-22 17:06:12,btc,5.573372450018177,0.0,0.00000078,btc,729173.93529783,0.0,0.0307060663355679,236
1,[],24,[],2019-05-22 17:06:12,0.0,0.000000010000,0.000000000000794584,7669278,2019-05-22 17:06:12,btc,0.0,0.0,0.000000010000,btc,0.0,0.0,0.0,236
1,[],5,[],2019-05-28 03:17:53,0.0,0,0,7698349,2019-05-28 03:17:53,btc,0.0,0.04180946,0,btc,0.0,0.0,0.0,237
1,[],20,[],2019-05-28 03:17:55,120294348.8321,0.000000037,0.0000000000032492475,7698350,2019-05-28 03:17:55,btc,58794.210704534155,15240406.9643,0.000000037,btc,43835511.1181,0.5978680854786,0.4462581050807,237
1,[],22,[],2019-05-28 03:17:58,363100.0,0.00000003,0.000000000002634525,7698351,2019-05-28 03:17:58,BTC,1.20267422,0.0,0.00000003,"BTC,LTC",17930.94871794872,0.0,0.009791,237
1,[],4,[],2019-05-28 03:18:00,26968229.86000678,0.00000012,0.0000000000105381,7698352,2019-05-28 03:18:00,btc,3.2367097681351873,0.0,0.00000012,btc,9287493.68101896,0.06253095,0.5638111661041078,238
1,[],5,[],2019-05-28 03:18:01,0.0,0,0,7698353,2019-05-28 03:18:01,btc,0.0,0.05011672,0,btc,0.0,0.0,0.0,238
0,[],22,[],2019-03-12 16:49:32,0.0,0,0,6914458,2019-03-12 16:49:32,,0.40415746,0.0,0,,526736.5639027493,0.0,0.0,249
0,[],22,[],2019-05-28 03:18:05,0.0,0,0,7698354,2019-05-28 03:18:05,,13.44714864,0.0,0,,43777534.3426455,0.0,0.0,252
0,[],28,[],2019-05-28 03:18:07,0.0,0,0,7698355,2019-05-28 03:18:07,,0.0,256816.885086,0,,0.0,0.0,0.0,256
1,[],22,[],2019-05-28 03:18:14,1041539.0,0.00000001,0.000000000000878175,7698356,2019-05-28 03:18:14,BTC,21.85890394,0.0,0.00000001,BTC,545143.7509808998,0.0001009,0.01041539,258
1,[],22,[],2019-05-19 18:12:02,400.0,0.00000001,0.0000000000007957800000000001,7653905,2019-05-19 18:12:02,BTC,2.415167,0.0,0.00000001,BTC,157.0,0.0,4e-06,259
1,[],5,[],2019-05-28 03:18:17,0.0,0,0,7698357,2019-05-28 03:18:17,btc,0.0,0.16084052,0,btc,0.0,0.0,0.0,264
1,[],20,[],2019-05-28 03:18:20,980215.6101,0.000000142,0.000000000012470085,7698358,2019-05-28 03:18:20,btc,0.9781749883409,74578.8207,0.000000142,btc,52160.9707,0.042689059308,0.0109761547767,264
0,[],22,[],2019-04-12 17:57:27,0.0,0,0,7278186,2019-04-12 17:57:27,,66.37522201,0.0,0,,677842.4169881374,0.0,0.0,271
0,[],22,[],2019-05-28 03:18:22,0.0,0,0,7698359,2019-05-28 03:18:22,,33050470.74998113,0.0,0,,14361377780.7,0.0,0.0,272
0,[],28,[],2019-05-28 03:18:25,0.0,0,0,7698360,2019-05-28 03:18:25,,0.0,50713246845.344,0,,0.0,0.0,0.0,272
1,[],22,[],2019-05-23 07:12:29,219930.0,0.00000004,0.000000000003048688,7671985,2019-05-23 07:12:29,BTC,426.77835217,0.0,0.00000004,BTC,248664.3325962929,0.0,0.00739728,281
1,[],22,[],2019-05-28 03:18:30,582856.5,0.00000005,0.000000000004390875,7698361,2019-05-28 03:18:30,BTC,31.63286794,0.0,0.00000005,"BTC,LTC",1212762.4291012324,0.0007562,0.02298576,286
0,[],22,[],2019-05-28 03:18:32,0.0,0,0,7698362,2019-05-28 03:18:32,,7337904.96568486,0.0,0,,2004620112.6797826,0.0,0.0,294
