pairValue,buyBook,exchangeId,sellBook,updated,buyTotal,satoshiPrice,usdPrice,exchangeLogId,created,bestPair,sellTotalBtc,volume,pairPrice,activePairs,sellTotal,volumeBtc,buyTotalBtc,coinId
1,[],3,[],2019-02-23 10:07:09,30547.59356577576,0.01275421000000000019969359499327765661291778087615966796875,0.000000503884400733,6765754,2019-02-23 10:07:09,btc,61.08545532688651,1.01548648681,0.01275421000000000019969359499327765661291778087615966796875,btc,23.124663814907002,0.0,0.15777996888382098,1
1,[],4,[],2019-02-23 10:07:09,120061.24681068,0.01289002,0.000000509249887146,6765755,2019-02-23 10:07:09,btc,9.143793122620572,0.0,0.01289002,btc,254.86450493,0.59569454,1.2046377068315046,1
1,[],5,[],2019-02-23 10:07:11,0.0,0,0,6765756,2019-02-23 10:07:11,btc,0.0,0.02366678,0,btc,0.0,0.0,0.0,1
1,[],10,[],2019-02-23 10:07:13,414295.58033694,0.01171721,0.000000462915330633,6765757,2019-02-23 10:07:13,btc,6523.230574710227,1341.40886976,0.01171721,btc,1084.01968385,0.0,5.271083586875816,1
1,[],12,[],2019-02-23 10:07:15,10422.003035,0.01281000000000000020594637106796653824858367443084716796875,0.0000005060885130000001,6765758,2019-02-23 10:07:15,btc,0.2297472296683,0.0,0.01281000000000000020594637106796653824858367443084716796875,btc,10.12467271,0.095976034404,0.1779757027929,1
1,[],20,[],2019-02-23 10:07:17,1150.6337,0.010500214,0.0000004148351045622,6765759,2019-02-23 10:07:17,btc,0.060761108601,0.4716,0.010500214,btc,2.7883,0.00499896,0.0910128572425,1
1,[],21,[],2019-02-23 10:07:19,2587.87357096,0.01280021999999999930686112037,0.000000505702131606,6765760,2019-02-23 10:07:19,btc,46.20674649575858,5441.93904972,0.01280021999999999930686112037392376805655658245086669921875,"btc,eth",4122.5584797500005,67.73320381243299,24.270041013516966,1
1,[],22,[],2019-02-23 10:07:23,0.0163776,0.01300000,0.0000005135949,6765761,2019-02-23 10:07:23,BTC,0.31423927,0.0,0.01300000,BTC,0.11751954901960784,0.0,0.00020972,1
1,[],24,[],2019-02-23 10:07:23,0.0,0.000000000000,0,6765762,2019-02-23 10:07:23,btc,0.0,0.0,0.000000000000,btc,0.0,0.0,0.0,1
0.0,[],25,[],2019-02-23 10:07:24,0.0,0,0,6765763,2019-02-23 10:07:24,btc,15.343599998322938,252.74928477,0.0,btc,1156.73727861,3.29,0.0,1
1,[],26,[],2019-02-23 10:07:34,0.0,0,0,6765764,2019-02-23 10:07:34,,0.0,0.0,0,,0.0,0.0,0.0,1
1,[],28,[],2019-02-23 10:07:36,993.21,0.01323000,0.000000522681579,6765765,2019-02-23 10:07:36,btc,0.162839806,17382.05,0.01323000,btc,8.9,0.0,0.090071836,1
0,[],2,[],2019-01-20 23:28:45,0.0,0,0,6477011,2019-01-20 23:28:45,,0.0,0.0,0,,0.0,0.0,0.0,1
1,[],5,[],2019-02-23 10:07:37,0.0,0,0,6765766,2019-02-23 10:07:37,btc,0.0,0.01035771,0,btc,0.0,0.0,0.0,2
0.0000000001269158,[],22,[],2019-02-23 10:07:40,1148.0,1.3960738e-16,5.515510643874e-21,6765767,2019-02-23 10:07:40,XMR,21.01373823,0.0,0.00000110,XMR,14319.12581,0.0,0.00087635,2
1,[],5,[],2019-02-23 10:07:41,0.0,0,0,6765768,2019-02-23 10:07:41,btc,0.0,0.03982131,0,btc,0.0,0.0,0.0,3
1,[],12,[],2019-02-23 10:07:42,13146004.5804,0.000000173,0.0000000000068347629,6765769,2019-02-23 10:07:42,btc,924396.6164115862,0.0,0.000000173,btc,8756483.21546204,0.12130562733840597,0.6426218554831,3
0,[],28,[],2019-02-23 10:07:47,0.0,0,0,6765770,2019-02-23 10:07:47,,0.0,0.0,0,,0.0,0.0,0.0,3
0,[],2,[],2019-01-20 23:31:32,0.0,0,0,6477077,2019-01-20 23:31:32,,0.0,0.0,0,,0.0,0.0,0.0,4
1,[],4,[],2019-02-22 15:52:28,400439.70738348,0.00000032,0.000000000012596480000000001,6759744,2019-02-22 15:52:28,btc,31.576426407239886,0.0,0.00000032,btc,685876.08766458,0.0,0.0547125982053145,4
1,[],12,[],2019-02-22 14:50:14,1367032.5219999999,0.00000003,0.000000000001190475,6759350,2019-02-22 14:50:14,btc,11013869.583570713,0.0,0.00000003,btc,1211697.32371984,0.00024567976024,0.02065290044,5
0,[],2,[],2019-01-20 23:31:51,0.0,0,0,6477087,2019-01-20 23:31:51,,0.0,0.0,0,,0.0,0.0,0.0,6
1,[],11,[],2019-02-23 10:07:49,3301329.5,0.00000002,0.000000000000790146,6765771,2019-02-23 10:07:49,btc,9432.834995181234,61187.0,0.00000002,btc,41406686.95347657,0.0,0.033501425,6
1,[],3,[],2019-02-23 10:07:51,1091.956916111364,0.00015101000000000000598847360588905530676129274070262908935546875,0.000000005965997373,6765772,2019-02-23 10:07:51,btc,27.605796873748474,0.0,0.00015101000000000000598847360588905530676129274070262908935546875,btc,249.144760639695,0.0,0.03419747781770456,7
1,[],4,[],2019-02-23 10:07:51,101960.69684936,0.00024105,0.000000009523234665,6765773,2019-02-23 10:07:51,btc,15.765751705015166,0.0,0.00024105,btc,51018.0082467,3.82280469,6.684962862948248,7
1,[],5,[],2019-02-23 10:07:52,0.0,0,0,6765774,2019-02-23 10:07:52,btc,0.0,0.58360287,0,btc,0.0,0.0,0.0,7
1,[],20,[],2019-02-20 02:16:17,39399275.8418,0.000000001,0.0000000000000390183,6728586,2019-02-20 02:16:17,btc,116.9737569154545,525.0,0.000000001,btc,56932965.8895,5.25e-07,0.0393992758418,8
0,[],2,[],2019-01-20 23:22:42,0.0,0,0,6476876,2019-01-20 23:22:42,,0.0,0.0,0,,0.0,0.0,0.0,9
0,[],23,[],2019-01-20 23:22:48,0.0,0,0,6476878,2019-01-20 23:22:48,,0.0,0.0,0,,0.0,0.0,0.0,9
1,[],1,[],2019-02-17 23:31:42,1822507.21,0.00000181000000000000003456111265232042484285557293333113193511962890625,0.000000000066086901,6701244,2019-02-17 23:31:42,btc,3.6990969245,17153386.5,0.00000181000000000000003456111265232042484285557293333113193511962890625,btc,1997391.71,31.11772986,3.2610482446,9
1,[],4,[],2019-02-23 10:07:54,1861900.39496027,0.00000173,0.000000000068347629,6765775,2019-02-23 10:07:54,btc,4.258754739563551,0.0,0.00000173,btc,2181987.93788045,1.66191483,0.577855670545876,9
1,[],28,[],2019-02-23 10:07:55,43300.0,0.00000166,0.000000000065582118,6765776,2019-02-23 10:07:55,btc,2708.763440957195,3615985.51,0.00000166,btc,12613.2201,0.0,0.043148,9
1,[],4,[],2019-02-17 11:22:43,4341674.27126056,0.00000002,0.0000000000007272960000000001,6696112,2019-02-17 11:22:43,btc,0.1997230937751353,0.0,0.00000002,btc,4109766.79808031,0.00215132,0.0479381022052112,10
0,[],2,[],2019-01-20 23:23:08,0.0,0,0,6476890,2019-01-20 23:23:08,,0.0,0.0,0,,0.0,0.0,0.0,12
1,[],4,[],2019-02-23 10:07:56,2731880.39499394,0.00000143,0.000000000056495439,6765777,2019-02-23 10:07:56,btc,16.317381177549745,0.0,0.00000143,btc,7383973.99716147,1.96696975,2.6003834993519552,12
1,[],5,[],2019-02-23 10:07:57,0.0,0,0,6765778,2019-02-23 10:07:57,btc,0.0,0.9243739,0,btc,0.0,0.0,0.0,12
0.0,[],25,[],2019-02-23 10:07:58,0.0,0,0,6765779,2019-02-23 10:07:58,,0.0,0.0,0.0,btc,0.0,0.0,0.0,12
1,[],10,[],2019-02-23 09:12:27,477540.10052682,0.00000578,0.00000000022766264,6765583,2019-02-23 09:12:27,btc,666802.591337118,22442.6731235,0.00000578,btc,733282.78867846,0.0,0.3101998772551343,13
1,[],4,[],2019-02-23 10:07:59,1573655.2853292,0.00000568,0.00000000022440146400000001,6765780,2019-02-23 10:07:59,btc,3.023719020661706,0.0,0.00000568,btc,411944.43680567,0.83519966,0.8045044253947192,13
1,[],21,[],2019-02-23 10:08:02,385065.23950475,0.000005820000000000000181326308135,0.000000000229932486,6765781,2019-02-23 10:08:02,btc,6.026908878797254,713782.14712578,0.000005820000000000000181326308135165703561142436228692531585693359375,btc,945990.55697889,4.13938442,2.0104090851611573,13
1,[],4,[],2019-02-23 10:08:03,670233.11665779,0.00000130,0.00000000005135949,6765782,2019-02-23 10:08:03,btc,12.943879754742735,0.0,0.00000130,btc,881020.13822326,0.04061963,0.1317082192405916,14
1,[],12,[],2019-02-23 10:08:04,119342.91304348,0.00000110999999999999996035831596741250137938550324179232120513916015625,0.000000000043853103,6765783,2019-02-23 10:08:04,btc,5.2870123591404194,0.0,0.00000110999999999999996035831596741250137938550324179232120513916015625,btc,29489.60927439,0.0047662560239848,0.0242683300000004,14
0,[],17,[],2019-02-23 10:08:17,0.0,0,0,6765784,2019-02-23 10:08:17,btc,0.0,0.0,0,btc,0.0,0.0,0.0,14
1,[],26,[],2019-02-23 10:08:17,0.0,0.00000050,0.00000000001975365,6765785,2019-02-23 10:08:17,btc,0.0,0.0,0.00000050,btc,0.0,0.0,0.0,14
,[],12,[],2018-12-01 15:15:48,204241.84496,0.00000489,0.000000000202473384,5260204,2018-12-01 15:15:48,btc,49.5475654835,0.0,,btc,35763.2193806,0.0163153972027625,0.0203389899998,15
0,[],4,[],2019-02-23 10:08:18,0.0,0,0,6765786,2019-02-23 10:08:18,,0.0,0.0,0,,0.0,0.0,0.0,15
0,[],17,[],2019-02-23 07:05:41,0.0,0,0,6764827,2019-02-23 07:05:41,btc,0.0,0.0,0,btc,0.0,0.0,0.0,18
0,[],2,[],2019-01-20 23:23:38,0.0,0,0,6476906,2019-01-20 23:23:38,,0.0,0.0,0,,0.0,0.0,0.0,18
1,[],4,[],2019-02-23 10:08:19,25043.0309096,0.00001753,0.000000000692562969,6765787,2019-02-23 10:08:19,btc,1.231366951770698,0.0,0.00001753,btc,8062.06786316,0.04246588,0.0667254009181238,18
1,[],10,[],2019-02-23 10:08:21,783035.51454335,0.00001793,0.000000000708365889,6765788,2019-02-23 10:08:21,btc,15.542650981472766,18044.8148059,0.00001793,btc,10850.37807742,0.0,0.1334723211314991,18
1,[],12,[],2019-02-23 10:08:22,199501.66437739,0.00001800000000000000045601543374740316494353464804589748382568359375,0.0000000007111314,6765789,2019-02-23 10:08:22,btc,21.981831277957887,0.0,0.00001800000000000000045601543374740316494353464804589748382568359375,btc,1853.74705462,0.0071019205322216,0.036450006429612,18
0,[],2,[],2019-01-20 23:24:19,0.0,0,0,6476924,2019-01-20 23:24:19,,0.0,0.0,0,,0.0,0.0,0.0,19
1,[],3,[],2019-02-23 10:08:34,120776.3141567528,0.00002203999999999999904500003200524815838434733450412750244140625,0.000000000870740892,6765790,2019-02-23 10:08:34,btc,0.6164291713841923,2341.30882281,0.00002203999999999999904500003200524815838434733450412750244140625,btc,11589.386060691473,0.0,0.07966178993169826,19
1,[],4,[],2019-02-23 10:08:35,560386.18839906,0.00002035,0.000000000803973555,6765791,2019-02-23 10:08:35,btc,2.497154141678868,0.0,0.00002035,btc,74196.76357189,0.64834062,2.5308958494446494,19
1,[],5,[],2019-02-23 10:08:36,0.0,0,0,6765792,2019-02-23 10:08:36,btc,0.0,0.00649744,0,btc,0.0,0.0,0.0,19
1,[],12,[],2019-02-23 10:08:38,132573.47773503,0.00002000000000000000163606107828062619091724627651274204254150390625,0.0000000007901460000000001,6765793,2019-02-23 10:08:38,btc,1.3599367290364428,0.0,0.00002000000000000000163606107828062619091724627651274204254150390625,btc,421.28656678,0.0042298067133284,0.0777671000001957,19
0,[],27,[],2019-02-23 10:08:40,0.0,0,0,6765794,2019-02-23 10:08:40,,0.0,0.0,0,btc,0.0,0.0,0.0,19
1,[],4,[],2019-02-23 10:08:41,8071160.95424551,0.00000013,0.000000000005135949,6765795,2019-02-23 10:08:41,btc,7.376065179582633,0.0,0.00000013,btc,2843149.4360639,0.0,0.2585325451781454,20
1,[],4,[],2019-02-23 10:08:42,104150384.86437024,0.00000002,0.000000000000790146,6765796,2019-02-23 10:08:42,btc,359.51289750582265,0.0,0.00000002,btc,55731908.51417261,0.0,1.1707481411680452,21
1,[],12,[],2019-02-23 10:08:43,18647376.0,0.00000002,0.000000000000790146,6765797,2019-02-23 10:08:43,btc,670.3899289734848,0.0,0.00000002,btc,8544410.32857329,0.0,0.24518776,21
0,[],17,[],2019-02-23 10:08:45,0.0,0,0,6765798,2019-02-23 10:08:45,btc,0.0,0.0,0,btc,0.0,0.0,0.0,21
1,[],12,[],2019-02-23 10:08:46,3546542378.6808996,0.0000000002,0.00000000000000790146,6765799,2019-02-23 10:08:46,btc,875865842012.5427,0.0,0.0000000002,btc,4720115299.371076,0.045506124972127505,0.41540958148299045,23
0.00000000037297829999999996,[],27,[],2019-02-23 10:08:49,2000.0,3.729783e-18,1.473536559159e-22,6765800,2019-02-23 10:08:49,eth,1.3429826565934113,0.0,0.00000001,eth,1964879.85514486,0.0,7.459566e-15,23
1,[],4,[],2019-02-23 10:08:49,288603.81054197,0.00000060,0.00000000002370438,6765801,2019-02-23 10:08:49,btc,8.386645372067685,0.0,0.00000060,btc,1478082.01201659,0.00072984,0.1421544217127546,24
1,[],22,[],2019-02-23 10:08:53,11.76,0.00000100,0.0000000000395073,6765802,2019-02-23 10:08:53,BTC,7.415e-05,0.0,0.00000100,BTC,23.919354838709676,0.0,1.176e-05,24
0.0,[],25,[],2019-02-23 10:08:55,0.0,0,0,6765803,2019-02-23 10:08:55,,0.0,0.0,0.0,btc,0.0,0.0,0.0,24
0,[],2,[],2019-01-20 23:25:56,0.0,0,0,6476976,2019-01-20 23:25:56,,0.0,0.0,0,,0.0,0.0,0.0,26
1,[],4,[],2019-02-23 10:08:56,26868540.47561712,0.00000657,0.00000000025956296100000003,6765804,2019-02-23 10:08:56,btc,131.38081235958052,0.0,0.00000657,btc,240093.34662519,0.07672357,0.4999649124362296,26
1,[],10,[],2019-02-23 10:08:58,689057.85742352,0.00000567,0.000000000224006391,6765805,2019-02-23 10:08:58,btc,25.92896810762037,6066.37507988,0.00000567,btc,14577.86340564,0.0,0.2179394181287762,26
1,[],3,[],2019-02-23 10:08:59,10713774.85086352,0.00000002,0.000000000000790146,6765806,2019-02-23 10:08:59,btc,2.897119493200456,170804.27123,0.00000002,btc,18612766.60043417,0.0,0.1439229799959135,27
1,[],5,[],2019-02-23 10:09:00,0.0,0,0,6765807,2019-02-23 10:09:00,btc,0.0,0.03869042,0,btc,0.0,0.0,0.0,27
1,[],11,[],2019-02-23 10:09:01,9657302.940399151,0.00000005,0.000000000001975365,6765808,2019-02-23 10:09:01,btc,67506.53137702076,146281.413934,0.00000005,btc,8171781.9763934,0.0,0.450973774642923,27
1,[],4,[],2019-02-23 10:09:03,1427191748.652173,0.00000002,0.000000000000790146,6765809,2019-02-23 10:09:03,btc,9.799206492741813,0.0,0.00000002,"btc,ltc",502425066.3968621,0.40971914,9.321347751946696,29
1,[],7,[],2019-02-23 10:09:06,35122765.3186336,0.00000002,0.000000000000790146,6765810,2019-02-23 10:09:06,btc,44463896.8411907,2592185.54183,0.00000002,btc,60091061.60632691,0.0,0.3521236983874443,29
1,[],4,[],2019-02-23 10:09:07,1379014.1308349,0.00000029,0.000000000011457117,6765811,2019-02-23 10:09:07,btc,2.322138359456112,0.0,0.00000029,btc,1533794.40490165,0.01303906,0.0911285354872853,30
0,[],17,[],2019-02-23 10:09:09,0.0,0,0,6765812,2019-02-23 10:09:09,btc,0.0,0.0,0,btc,0.0,0.0,0.0,30
1,[],4,[],2019-02-23 10:09:10,1133573.33970183,0.00005711,0.000000002256261903,6765813,2019-02-23 10:09:10,btc,5.261799612418374,0.0,0.00005711,btc,62737.36463323,0.7335263,1.5230079790341964,31
1,[],21,[],2019-02-23 10:09:10,58224.13286556,0.00005750000000000000173906028467,0.00000000227166975,6765814,2019-02-23 10:09:10,btc,2.2646057096814562,72833.44281655,0.000057500000000000001739060284666749112147954292595386505126953125,btc,34796.44376377,4.25172123,2.9157070932200306,31
0,[],2,[],2019-01-20 23:28:43,0.0,0,0,6477009,2019-01-20 23:28:43,,0.0,0.0,0,,0.0,0.0,0.0,32
1,[],4,[],2019-02-23 10:09:11,362844469.9514795,0.00000004,0.000000000001580292,6765815,2019-02-23 10:09:11,btc,9.781145302035796,0.0,0.00000004,"btc,ltc",171149611.41179392,0.2832475,8.389764878760808,33
1,[],12,[],2019-02-23 10:09:12,15932073.379,0.00000005,0.000000000001975365,6765816,2019-02-23 10:09:12,btc,35620509.43225697,0.0,0.00000005,btc,89083403.50049923,0.0037426010489512,0.52797157895,33
1,[],4,[],2019-02-23 10:09:13,129303923.68272509,0.00000001,0.000000000000395073,6765817,2019-02-23 10:09:13,btc,4.3999494601785765,0.0,0.00000001,btc,99829786.62114432,0.00407337,1.293039236827251,34
1,[],5,[],2019-02-23 10:09:14,0.0,0,0,6765818,2019-02-23 10:09:14,btc,0.0,0.51990401,0,btc,0.0,0.0,0.0,34
0,[],17,[],2019-02-23 09:14:02,0.0,0,0,6765621,2019-02-23 09:14:02,btc,0.0746458232965017,0.0,0,btc,4103573.70243647,0.0,0.0,36
0.0000000001231699,[],4,[],2019-02-23 10:09:15,1260228265.9913146,2.463398e-18,9.73222038054e-23,6765819,2019-02-23 10:09:15,ltc,2.6522622716384644e-08,0.0,0.00000002,ltc,3170263732.433993,0.0,2.1367255423798097e-09,36
1,[],5,[],2019-02-23 10:09:15,0.0,0,0,6765820,2019-02-23 10:09:15,btc,0.0,0.0,0,btc,0.0,0.0,0.0,36
0.00000000037297829999999996,[],27,[],2019-02-23 10:09:29,1000000.0,3.729783e-18,1.473536559159e-22,6765821,2019-02-23 10:09:29,eth,114.2235941557863,0.0,0.00000001,"ltc,eth",4163566.4875004,0.0,1.236695168e-12,36
1,[],27,[],2019-02-23 10:09:43,14685.567,0.00000045,0.000000000017778285,6765824,2019-02-23 10:09:43,btc,25.83024737411233,0.0,0.00000045,btc,6763.38138508,0.0,0.00480032515,37
1,[],17,[],2019-02-23 09:14:08,1752.74075282,0.00000025,0.000000000009847,6765625,2019-02-23 09:14:08,btc,0.055484923777095005,0.0,0.00000025,btc,1319.19918473,0.0,0.00043818518820499993,37
1,[],4,[],2019-02-23 10:09:29,272424.24789331,0.00000072,0.000000000028445256,6765822,2019-02-23 10:09:29,btc,19772.475598571502,0.0,0.00000072,btc,562866.74168193,0.00737457,0.1259763204330218,37
1,[],12,[],2019-02-23 10:09:30,469890.92757706,0.00000073,0.000000000028840329,6765823,2019-02-23 10:09:30,btc,1347.084379539909,0.0,0.00000073,btc,872340.54849173,0.0966028933170756,0.1151173700000047,37
1,[],5,[],2019-02-23 10:09:44,0.0,0,0,6765825,2019-02-23 10:09:44,btc,0.0,0.0031899,0,btc,0.0,0.0,0.0,42
1,[],12,[],2019-02-23 10:09:45,136819.52786243,0.00000095,0.000000000037531935000000004,6765826,2019-02-23 10:09:45,btc,94.6986433206916,0.0,0.00000095,btc,101555.10446596,0.0185870683203356,0.0423367079650339,42
0.00000000037297829999999996,[],27,[],2019-02-23 10:09:47,2000.0,3.729783e-18,1.473536559159e-22,6765827,2019-02-23 10:09:47,eth,0.00315028,0.0,0.00000001,"btc,eth",11.007,0.0,7.459566e-15,42
1,[],5,[],2019-02-23 10:09:48,0.0,0,0,6765828,2019-02-23 10:09:48,btc,0.0,4.6e-05,0,btc,0.0,0.0,0.0,43
1,[],12,[],2019-02-23 10:09:49,3651999.0,0.00000001,0.000000000000395073,6765829,2019-02-23 10:09:49,btc,20003931.286695678,0.0,0.00000001,btc,39482696.27012986,0.00099855986014,0.03651999,43
0,[],17,[],2019-02-23 10:10:00,0.0,0,0,6765830,2019-02-23 10:10:00,btc,0.0,0.0,0,btc,0.0,0.0,0.0,43
1,[],12,[],2019-02-23 10:10:03,679536.0,0.00000005,0.000000000001975365,6765831,2019-02-23 10:10:03,btc,11115177.727969607,0.0,0.00000005,btc,1099245.39762234,0.0004627,0.01729568,44
1,[],4,[],2019-02-23 10:10:04,304154790.4440582,0.00000002,0.000000000000790146,6765832,2019-02-23 10:10:04,btc,474.57134500068173,0.0,0.00000002,"btc,ltc",12287186.99500239,0.00016452,0.21763833380673392,49
0,[],4,[],2019-02-23 10:10:05,0.0,0,0,6765833,2019-02-23 10:10:05,,25.469936314280808,0.0,0,,10729285300.576591,0.0,0.0,52
0.0000000001269158,[],22,[],2019-02-23 10:10:09,80945862.0,1.2691579999999999e-18,5.01410058534e-23,6765834,2019-02-23 10:10:09,XMR,4366.33224183,0.0,0.00000001,XMR,248874057.67882353,0.0,0.80945862,57
0.00000000037297829999999996,[],27,[],2019-02-23 10:10:11,2000.0,3.729783e-18,1.473536559159e-22,6765835,2019-02-23 10:10:11,eth,0.0,0.0,0.00000001,"btc,eth",0.0,0.0,7.459566e-15,57
0.0000000001231699,[],4,[],2019-02-23 10:10:12,843534026.7379872,3.6950970000000004e-18,1.459833057081e-22,6765836,2019-02-23 10:10:12,ltc,18.81055940223309,0.0,0.00000003,ltc,3900136116.256049,0.0,1.919617878809998e-09,58
1,[],12,[],2019-02-23 10:10:13,1646234445.843957,0.0000000004,0.00000000000001580292,6765837,2019-02-23 10:10:13,btc,224005479476.76675,0.0,0.0000000004,btc,3708697233.3421335,0.009947599271328657,0.5338740382011392,58
0,[],17,[],2019-02-23 10:10:25,0.0,0,0,6765838,2019-02-23 10:10:25,btc,1e+24,0.0,0,btc,41401875.8285055,0.0,0.0,58
0.0000000001269158,[],22,[],2019-02-23 10:10:29,137438.0,1.2691579999999999e-18,5.01410058534e-23,6765839,2019-02-23 10:10:29,XMR,69.8835922,0.0,0.00000001,XMR,9887963.0,0.0,0.00137438,58
1,[],5,[],2019-02-23 10:10:29,0.0,0,0,6765840,2019-02-23 10:10:29,btc,0.0,0.0020126,0,btc,0.0,0.0,0.0,61
1,[],22,[],2019-02-23 10:10:34,5149.5,0.00000011,0.0000000000043458030000000004,6765841,2019-02-23 10:10:34,BTC,1002.29597012,0.0,0.00000011,BTC,14947.700278135757,0.0,0.00051596,61
1,[],26,[],2019-02-23 10:10:34,0.0,0.00000800,0.0000000003160584,6765842,2019-02-23 10:10:34,btc,0.0,0.0,0.00000800,btc,0.0,0.0,0.0,61
1,[],27,[],2019-02-23 10:10:36,2493.55,0.00000045,0.000000000017778285,6765843,2019-02-23 10:10:36,btc,2.9490818105130616,0.0,0.00000045,"btc,eth",19198.38399471,0.0,0.00021559750365518734,61
1,[],28,[],2019-02-23 10:10:38,13882.304,0.0000005,0.00000000001975365,6765844,2019-02-23 10:10:38,btc,2.056328285685105,821.0,0.0000005,btc,9746.52450005,0.0,0.00566491304,61
1,[],4,[],2019-02-23 10:10:40,1460732.34518929,0.00000283,0.00000000011180565900000001,6765845,2019-02-23 10:10:40,btc,11.394856595405512,0.0,0.00000283,btc,820965.1357676,0.12004263,1.4034464145096377,67
0.0,[],25,[],2019-02-23 10:10:42,0.0,0,0,6765846,2019-02-23 10:10:42,,0.0,0.0,0.0,btc,0.0,0.0,0.0,67
1,[],12,[],2019-02-23 10:10:42,3006918.65434726,0.00000024,0.000000000009481752,6765847,2019-02-23 10:10:42,btc,11115998.39787348,0.0,0.00000024,btc,2039877.89946717,0.0002660183523976,0.1061207364411115,71
,[],5,[],2018-11-20 23:02:39,1.5e-07,0.00000005,0.000000000002128045,4862160,2018-11-20 23:02:39,btc,2.84511358,0.0,,btc,0.00036572,0.0,0.07381892,74
1,[],5,[],2019-02-23 10:10:43,0.0,0,0,6765848,2019-02-23 10:10:43,btc,0.0,0.0,0,btc,0.0,0.0,0.0,75
1,[],4,[],2019-02-23 10:10:44,17233280.92031862,0.00000001,0.000000000000395073,6765849,2019-02-23 10:10:44,btc,11388.638595673243,0.0,0.00000001,btc,34444270.17624532,0.0,0.1723328092031862,81
0,[],20,[],2019-01-25 09:30:31,0.0,0,0,6495923,2019-01-25 09:30:31,btc,0.0,0.0,0,btc,0.0,0.0,0.0,81
1,[],4,[],2019-02-23 10:10:46,41061.91428111,0.00007581,0.000000002995048413,6765850,2019-02-23 10:10:46,btc,17.765714879739342,0.0,0.00007581,btc,12657.8778419,0.01954654,0.5271510170177333,82
1,[],21,[],2019-02-23 10:10:47,1068089.21833835,0.00007622999999999999351171786621,0.000000003011641479,6765851,2019-02-23 10:10:47,btc,2.234578042981861,7362.9004406,0.0000762299999999999935117178662125070331967435777187347412109375,btc,23584.384906799998,0.56797393,2.507119025614215,82
0,[],17,[],2019-02-23 10:10:48,0.0,0,0,6765852,2019-02-23 10:10:48,btc,0.0447233088476774,0.0,0,btc,999127.19588126,0.0,0.0,84
0.0000000001231699,[],4,[],2019-02-23 10:10:49,172415251.68112332,4.926796e-18,1.946444076108e-22,6765853,2019-02-23 10:10:49,ltc,1.7830422478157764,0.0,0.00000004,ltc,405981861.8683549,0.0,4.657900535579339e-10,85
,[],22,[],2018-11-20 23:09:34,3408.1,0.0000001,0.0000000000041895,4862324,2018-11-20 23:09:34,BTC,0.04624735,0.0,,BTC,4990.0,0.0,0.00033081,86
0,[],22,[],2019-02-22 12:52:35,0.0,0,0,6758847,2019-02-22 12:52:35,,2.0760781,0.0,0,,140622.94736842104,0.0,0.0,87
0,[],27,[],2019-02-22 12:52:37,0.0,0,0,6758848,2019-02-22 12:52:37,,0.0,0.0,0,btc,0.0,0.0,0.0,87
,[],2,[],2018-11-20 23:10:47,0.0,0,0,4862359,2018-11-20 23:10:47,,0.0,0.0,,,0.0,0.0,0.0,88
1,[],11,[],2019-02-23 10:10:51,93597.69806123,0.00014714999999999999889983837153550894072395749390125274658203125,0.000000005813499195,6765854,2019-02-23 10:10:51,btc,608.6424041946469,165.74849025,0.00014714999999999999889983837153550894072395749390125274658203125,btc,95523.65122034,0.0,6.365212801282154,89
0,[],2,[],2019-01-20 23:31:45,0.0,0,0,6477083,2019-01-20 23:31:45,,0.0,0.0,0,,0.0,0.0,0.0,91
1,[],12,[],2019-02-23 10:10:52,428005.08785775997,0.000001399999999999999936647356556240762159859514213167130947113037109375,0.00000000005531022,6765855,2019-02-23 10:10:52,btc,4.317162971749152,0.0,0.000001399999999999999936647356556240762159859514213167130947113037109375,btc,57634.43173553,0.0064533132277721,0.0399538490938069,91
0,[],22,[],2019-02-23 10:10:55,0.0,0,0,6765856,2019-02-23 10:10:55,,3.1e-06,0.0,0,,2.0,0.0,0.0,91
0,[],17,[],2019-02-23 08:21:28,0.0,0,0,6765450,2019-02-23 08:21:28,btc,0.0,0.0,0,btc,0.0,0.0,0.0,91
0.0000000001231699,[],22,[],2019-02-23 10:10:59,3401520.0,4.926796e-18,1.946444076108e-22,6765857,2019-02-23 10:10:59,LTC,8.54674091,0.0,0.00000004,LTC,72080461.1,5.1731358e-13,0.1008108,95
0.0000000001231699,[],4,[],2019-02-23 10:11:00,628046854.7705389,4.1877766e-17,1.6544774646918e-21,6765858,2019-02-23 10:11:00,ltc,11.90622902654265,0.0,0.00000034,ltc,147201627.41383573,0.0,1.188252623572995e-09,96
0,[],12,[],2019-02-23 10:11:01,0.0,0,0,6765859,2019-02-23 10:11:01,btc,255075.88332066586,0.0,0,btc,8538464.84546427,0.00269017,0.0,96
0,[],17,[],2019-02-23 08:21:40,0.0,0,0,6765455,2019-02-23 08:21:40,btc,0.0,0.0,0,btc,0.0,0.0,0.0,96
1,[],4,[],2019-02-23 10:11:02,1371304.56554128,0.00000032,0.000000000012642336,6765860,2019-02-23 10:11:02,btc,3.1942761550174894,0.0,0.00000032,btc,2498232.19786023,0.00894447,0.1140821641851283,99
1,[],4,[],2019-02-23 10:11:03,1215676.35015481,0.00004002,0.000000001581082146,6765861,2019-02-23 10:11:03,btc,9.215387809265454,0.0,0.00004002,btc,112035.6386818,5.56886768,2.6420004034018416,100
0,[],2,[],2019-01-20 23:23:55,0.0,0,0,6476914,2019-01-20 23:23:55,,0.0,0.0,0,,0.0,0.0,0.0,100
1,[],22,[],2019-02-23 10:11:07,50000.0,0.00000001,0.000000000000395073,6765862,2019-02-23 10:11:07,BTC,23.49896609,0.0,0.00000001,BTC,10277.22,0.0,0.0005,101
1,[],4,[],2019-02-23 10:11:08,459349.93864199,0.00000088,0.000000000034766424000000004,6765863,2019-02-23 10:11:08,btc,256.3163716343463,0.0,0.00000088,btc,484847.93192658,0.00172875,0.231912384693248,103
1,[],12,[],2019-02-23 10:11:11,60183909.0,0.000000013,0.0000000000005135949,6765864,2019-02-23 10:11:11,btc,137279450.68926752,0.0,0.000000013,btc,116533292.31542748,0.03457626181118896,0.207487794,105
1,[],27,[],2019-02-23 10:11:13,397342.89,0.00000001,0.000000000000395073,6765865,2019-02-23 10:11:13,btc,0.2143154355560939,0.0,0.00000001,btc,411075.05581977,0.0,0.0039734289,105
1,[],22,[],2019-02-23 10:11:16,9328.0,0.00000001,0.000000000000395073,6765866,2019-02-23 10:11:16,BTC,51.10837004,0.0,0.00000001,BTC,470435.0,0.0,9.328e-05,107
1,[],26,[],2019-02-23 10:11:16,0.0,0.00000000,0,6765867,2019-02-23 10:11:16,btc,0.0,0.0,0.00000000,btc,0.0,0.0,0.0,107
1,[],5,[],2019-02-23 10:11:17,0.0,0,0,6765868,2019-02-23 10:11:17,btc,0.0,0.0012146,0,btc,0.0,0.0,0.0,112
1,[],22,[],2019-02-23 10:11:21,1966.0,0.00000001,0.000000000000395073,6765869,2019-02-23 10:11:21,BTC,2.81183288,0.0,0.00000001,BTC,808524.0833333334,0.0,1.966e-05,112
0.00000000037297829999999996,[],27,[],2019-02-23 10:11:23,2000.0,3.729783e-18,1.473536559159e-22,6765870,2019-02-23 10:11:23,eth,1.35132491849924,0.0,0.00000001,"btc,eth",1328.641654,0.0,7.459566e-15,112
1,[],4,[],2019-02-23 10:11:24,370323.30868969,0.00000312,0.000000000123262776,6765871,2019-02-23 10:11:24,btc,5.19289933150827,0.0,0.00000312,btc,339568.10599061,0.03553743,0.1614935758378743,113
1,[],5,[],2019-02-23 10:11:25,0.0,0,0,6765872,2019-02-23 10:11:25,btc,0.0,0.0,0,btc,0.0,0.0,0.0,113
0,[],27,[],2019-02-23 10:11:28,0.0,0,0,6765873,2019-02-23 10:11:28,,0.0,0.0,0,btc,0.0,0.0,0.0,116
1,[],17,[],2019-02-23 08:22:34,152738.278,0.00000004,0.000000000001579288,6765469,2019-02-23 08:22:34,btc,1.3368030275309668,0.0,0.00000004,btc,51896.221,0.0,0.0022095311199999998,116
1,[],4,[],2019-02-23 10:11:29,70127.921593,0.00002809,0.0000000011097600570000001,6765874,2019-02-23 10:11:29,btc,28.133529944250398,0.0,0.00002809,btc,48356.21934345,0.56658204,0.8860874228258495,120
1,[],7,[],2019-02-23 10:11:32,211617.23359327,0.0000265000000000000003890117394877989909218740649521350860595703125,0.00000000104694345,6765875,2019-02-23 10:11:32,btc,115647.32735901761,1108.97367131,0.0000265000000000000003890117394877989909218740649521350860595703125,btc,38279.94550972,0.03288131,0.0671301086495949,120
1,[],20,[],2019-02-23 10:11:35,1185235.5618,0.000000012,0.0000000000004740876,6765876,2019-02-23 10:11:35,btc,31.9235181096527,20234.4779,0.000000012,btc,1129871.1271,0.0002428137348,0.0034733279724,125
1,[],22,[],2019-02-23 10:11:39,3053.0,0.00000001,0.000000000000395073,6765877,2019-02-23 10:11:39,BTC,0.01444887,0.0,0.00000001,BTC,296263.5111111111,0.0,3.053e-05,126
1,[],4,[],2019-02-23 10:11:39,116161.23030398,0.00001481,0.000000000585103113,6765878,2019-02-23 10:11:39,btc,23.969340308212495,0.0,0.00001481,btc,121480.0388785,0.19470399,0.5933214364216973,131
0,[],17,[],2019-02-23 08:26:45,0.0,0,0,6765475,2019-02-23 08:26:45,btc,0.0009561751951600001,0.0,0,btc,35.42829368,0.0,0.0,131
0,[],2,[],2019-01-20 23:25:46,0.0,0,0,6476969,2019-01-20 23:25:46,,0.0,0.0,0,,0.0,0.0,0.0,131
1,[],4,[],2019-02-23 09:16:51,4557.52164985,0.00016935,0.0000000066703578,6765680,2019-02-23 09:16:51,btc,1.6412407374739073,0.0,0.00016935,btc,307.70799938,0.0,0.0091244317516726,135
1,[],3,[],2019-02-23 10:11:52,1512642.49571841,0.00000005,0.000000000001975365,6765879,2019-02-23 10:11:52,btc,0.1450847686247732,43535.8333333,0.00000005,btc,629545.98258313,0.0,0.0557254579470342,136
1,[],4,[],2019-02-23 10:11:53,266935.5327178,0.00000170,0.00000000006716241,6765880,2019-02-23 10:11:53,btc,38.88415065396672,0.0,0.00000170,btc,635020.39533588,0.09688111,0.076765317499485,137
1,[],12,[],2019-02-23 10:11:54,326701.2075026,0.000001579999999999999907326193003542780246561960666440427303314208984375,0.000000000062421534,6765881,2019-02-23 10:11:54,btc,11807.600133871252,0.0,0.000001579999999999999907326193003542780246561960666440427303314208984375,btc,124451.38316351,3.12e-06,0.0736066099999761,137
1,[],4,[],2019-02-23 10:11:55,229357.36200099,0.00004200,0.0000000016593066,6765882,2019-02-23 10:11:55,btc,28.611193562276526,0.0,0.00004200,btc,44994.31218806,0.45005975,1.2100559445858898,142
1,[],5,[],2019-02-23 10:11:56,0.0,0,0,6765883,2019-02-23 10:11:56,btc,0.0,0.15608316,0,btc,0.0,0.0,0.0,142
1,[],20,[],2019-02-23 10:12:08,133475.0353,0.000045043,0.0000000017795273139,6765884,2019-02-23 10:12:08,btc,0.4934565146914,40.1643,0.000045043,btc,3751.6313,0.00181140993,0.2405473404469,142
1,[],22,[],2019-02-23 10:12:12,1660.2794996606253,0.00004651,0.000000001837484523,6765885,2019-02-23 10:12:12,BTC,3.00424677,0.0,0.00004651,BTC,896.9785515239478,0.0,0.00506652,142
0.0,[],25,[],2019-02-23 10:12:13,0.0,0,0,6765886,2019-02-23 10:12:13,,0.0,0.0,0.0,btc,0.0,0.0,0.0,142
1,[],28,[],2019-02-23 10:12:15,76883.0,0.00004500,0.0000000017778285,6765887,2019-02-23 10:12:15,btc,0.059933722,1223.0,0.00004500,btc,406.4319,0.0,0.0388422,142
1,[],17,[],2019-02-23 09:17:00,22967.386363640002,0.00000088,0.000000000034661440000000004,6765686,2019-02-23 09:17:00,btc,20.0699133484,0.0,0.00000088,btc,405.079105,0.0,0.0104613000000032,142
0,[],22,[],2019-02-23 08:10:09,0.0,0,0,6765290,2019-02-23 08:10:09,,61.28465123,0.0,0,,749385405.3,0.0,0.0,143
1,[],21,[],2019-02-23 10:12:16,53933803.22004202,0.00000025,0.000000000009876825,6765888,2019-02-23 10:12:16,btc,41.97989324076811,14597586.35943548,0.00000025,btc,88385384.19753344,3.71985517,4.063264958446058,145
0,[],22,[],2019-02-23 10:12:19,0.0,0,0,6765889,2019-02-23 10:12:19,,4.24946284,0.0,0,,1812156.0,0.0,0.0,146
,[],22,[],2018-11-20 23:01:11,0.0,0,0,4862114,2018-11-20 23:01:11,,2.56807021,0.0,,,61828.4988236,0.0,0.0,147
1,[],12,[],2019-02-23 10:12:20,113139.7187459,0.00000252000000000000001302018388937842274799550068564713001251220703125,0.00000000009955839600000001,6765890,2019-02-23 10:12:20,btc,16.288804613414808,0.0,0.00000252000000000000001302018388937842274799550068564713001251220703125,btc,117006.71783468,5.04e-06,0.0285961800000041,148
1,[],4,[],2019-02-23 10:12:21,240513.36796929,0.00000028,0.000000000011062044,6765891,2019-02-23 10:12:21,btc,219.93935563441337,0.0,0.00000028,btc,793660.54846363,0.0,0.0564957890840236,152
0,[],22,[],2019-02-23 10:12:25,0.0,0,0,6765892,2019-02-23 10:12:25,,0.0,0.0,0,,0.0,0.0,0.0,152
1,[],5,[],2019-02-23 10:12:27,0.0,0,0,6765893,2019-02-23 10:12:27,btc,0.0,0.0,0,btc,0.0,0.0,0.0,153
,[],16,[],2019-01-11 15:38:59,0.0,0,0,6366141,2019-01-11 15:38:59,btc,0.0,0.0,,btc,0.0,0.0,0.0,155
0,[],22,[],2019-02-23 10:12:30,0.0,0,0,6765894,2019-02-23 10:12:30,,6.74608761,0.0,0,,4644402.242592593,0.0,0.0,156
0,[],23,[],2019-01-20 23:24:29,0.0,0,0,6476932,2019-01-20 23:24:29,,0.0,0.0,0,,0.0,0.0,0.0,156
1,[],22,[],2019-02-23 10:12:34,7073.8,0.00005300,0.0000000020938869,6765895,2019-02-23 10:12:34,BTC,1.80343699,0.0,0.00005300,BTC,899.6422341958436,0.0,0.00104336,157
0,[],22,[],2019-02-23 10:12:37,0.0,0,0,6765896,2019-02-23 10:12:37,,50175.68008609,0.0,0,,54479136.04179466,0.0,0.0,158
,[],17,[],2018-11-20 22:56:10,0.0,0,0,4861976,2018-11-20 22:56:10,btc,1.1265625,0.0,,btc,1000.0,0.0,0.0,159
,[],20,[],2018-11-20 22:56:12,0.0,0,0,4861977,2018-11-20 22:56:12,btc,11912.7940471,0.0,,btc,34413894.3617,0.0,0.0,159
1,[],12,[],2019-02-23 10:12:38,183066.99882797,0.00000759000000000000017534584895173566110315732657909393310546875,0.000000000299860407,6765897,2019-02-23 10:12:38,btc,6.658079827018867,0.0,0.00000759000000000000017534584895173566110315732657909393310546875,btc,14766.85759854,0.0027001798,0.0998626452300289,168
1,[],17,[],2019-02-23 09:17:44,29784.95,0.000001,0.000000000039388,6765701,2019-02-23 09:17:44,btc,0.03026736251542,0.0,0.000001,btc,144.46171372,0.0,0.00716147,168
0,[],22,[],2019-02-23 10:12:52,0.0,0,0,6765898,2019-02-23 10:12:52,,1.14714792,0.0,0,,798972.8900917594,0.0,0.0,169
1,[],22,[],2019-02-23 10:12:56,165000.0,0.00000018,0.000000000007111314,6765899,2019-02-23 10:12:56,BTC,13.25624975,0.0,0.00000018,BTC,151995.11183651112,0.0,0.0198,171
1,[],22,[],2019-02-23 10:12:59,135929.125,0.00000009,0.000000000003555657,6765900,2019-02-23 10:12:59,BTC,2.66752274,0.0,0.00000009,BTC,278712.57801846415,8.5e-05,0.00895805,173
1,[],5,[],2019-02-23 10:13:00,0.0,0,0,6765901,2019-02-23 10:13:00,btc,0.0,0.78815817,0,btc,0.0,0.0,0.0,175
1,[],22,[],2019-02-23 10:13:04,45784.0,0.0000003,0.00000000001185219,6765902,2019-02-23 10:13:04,BTC,0.5289391,0.0,0.0000003,BTC,142708.91384013777,0.0,0.0052016,176
1,[],7,[],2019-02-23 10:13:05,0.0,0,0,6765903,2019-02-23 10:13:05,btc,410932.427664856,0.0,0,btc,117633507.07441364,0.0,0.0,178
0,[],22,[],2019-02-23 10:13:08,0.0,0,0,6765904,2019-02-23 10:13:08,,1.00242428,0.0,0,,57512.0,0.0,0.0,178
0,[],2,[],2019-01-20 23:28:34,0.0,0,0,6477001,2019-01-20 23:28:34,,0.0,0.0,0,,0.0,0.0,0.0,178
1,[],5,[],2019-02-23 10:13:09,0.0,0,0,6765905,2019-02-23 10:13:09,btc,0.0,0.22269556,0,btc,0.0,0.0,0.0,179
1,[],22,[],2019-02-23 10:13:13,6970947.0,0.00000002,0.000000000000790146,6765906,2019-02-23 10:13:13,BTC,5.57996334,0.0,0.00000002,"BTC,LTC",18407477.468656633,0.00434874,0.37435966,179
0,[],23,[],2019-01-20 23:25:08,0.0,0,0,6476952,2019-01-20 23:25:08,,0.0,0.0,0,,0.0,0.0,0.0,179
0.0000000001231699,[],22,[],2019-02-23 10:13:18,128605.4,1.231699e-17,4.86611019027e-22,6765907,2019-02-23 10:13:18,LTC,0.20960327,0.0,0.0000001,LTC,65868.79700014742,0.0,0.00130544,180
1,[],26,[],2019-02-23 10:13:18,0.0,0.00000100,0.0000000000395073,6765908,2019-02-23 10:13:18,btc,0.0,60.0,0.00000100,btc,0.0,0.0,0.0,180
1,[],17,[],2019-02-23 09:20:25,10504.725,0.0000001,0.0000000000039388,6765711,2019-02-23 09:20:25,btc,5.20106958384614,0.0,0.0000001,btc,5033.45945,0.0,0.0010504725,180
,[],7,[],2018-11-20 22:58:01,562227.975654,0.00000085,0.000000000036176765,4862015,2018-11-20 22:58:01,btc,21836.6059674,2491.87645172,,btc,749999.041456,0.00211021,0.127565380455,183
,[],5,[],2019-01-10 08:11:41,0.0,0,0,6347036,2019-01-10 08:11:41,btc,82.15055501,0.00261,,btc,1.19002445,0.0,0.0,187
1,[],24,[],2019-02-23 10:13:18,0.0,0.000000000001,3.95073e-17,6765909,2019-02-23 10:13:18,btc,0.0,0.0,0.000000000001,btc,0.0,0.0,0.0,187
,[],17,[],2018-11-16 20:58:10,4062536.27273,0.00000001,0.000000000000550501,4708775,2018-11-16 20:58:10,btc,3.36492563466,0.195460381006,,"btc,eth",110697919.549,0.0,0.0157628953496,187
0,[],22,[],2019-02-23 10:13:21,0.0,0,0,6765910,2019-02-23 10:13:21,,1.19374396,0.0,0,,16308.869534405507,0.0,0.0,191
0,[],22,[],2019-02-23 10:13:26,0.0,0,0,6765911,2019-02-23 10:13:26,,0.0,0.0,0,,0.0,0.0,0.0,197
0,[],23,[],2019-01-20 23:31:41,0.0,0,0,6477079,2019-01-20 23:31:41,,0.0,0.0,0,,0.0,0.0,0.0,199
0,[],22,[],2019-02-23 10:13:29,0.0,0,0,6765912,2019-02-23 10:13:29,,5.19557122,0.0,0,,21074453.0,0.0,0.0,199
1,[],26,[],2019-02-23 10:13:29,0.0,0.00000000,0,6765913,2019-02-23 10:13:29,btc,0.0,0.0,0.00000000,btc,0.0,0.0,0.0,199
0,[],17,[],2019-01-30 16:32:01,0.0,0,0,6540827,2019-01-30 16:32:01,btc,6.802544163788159,0.0,0,btc,105897.55575295,0.0,0.0,200
0,[],2,[],2019-01-20 23:30:49,0.0,0,0,6477059,2019-01-20 23:30:49,,0.0,0.0,0,,0.0,0.0,0.0,201
1,[],4,[],2019-01-25 15:51:35,2084389.58565343,0.00000936,0.000000000333526752,6499557,2019-01-25 15:51:35,btc,2.0092503037378524,0.0,0.00000936,btc,160195.80207885,0.19272417,1.242687955921835,211
1,[],7,[],2019-02-23 10:13:35,4235010.58459876,0.000001410000000000000052661867921965921368609997443854808807373046875,0.000000000055705293000000004,6765914,2019-02-23 10:13:35,btc,15475870.784678282,11846.9457238,0.000001410000000000000052661867921965921368609997443854808807373046875,btc,11022516.20753173,0.0,3.2378012700457384,212
1,[],5,[],2019-02-23 10:13:37,0.0,0,0,6765915,2019-02-23 10:13:37,btc,0.0,0.18417068,0,btc,0.0,0.0,0.0,213
1,[],24,[],2019-02-23 10:13:39,0.0,0.000000150000,0.000000000005926095,6765916,2019-02-23 10:13:39,btc,0.0,0.0,0.000000150000,btc,0.0,0.0,0.0,213
1,[],26,[],2019-02-23 10:13:39,0.0,0.00000009,0.000000000003555657,6765917,2019-02-23 10:13:39,btc,0.0,0.0,0.00000009,btc,0.0,0.0,0.0,213
1,[],12,[],2019-01-25 02:44:32,207462.42853209,0.000001080000000000000035831255497387193287295303889550268650054931640625,0.000000000038610756000000006,6493050,2019-01-25 02:44:32,btc,85023.03793723314,0.0,0.000001080000000000000035831255497387193287295303889550268650054931640625,btc,43675.73520027,0.000146250909087,0.0348620860622024,213
1,[],22,[],2019-02-23 10:13:43,79971.0,0.00000001,0.000000000000395073,6765918,2019-02-23 10:13:43,BTC,2.19621377,0.0,0.00000001,BTC,246112.59081706151,0.0005,0.00079971,216
1,[],27,[],2019-02-23 10:13:46,1237748.0,0.00000008,0.000000000003160584,6765919,2019-02-23 10:13:46,btc,355.93297677334,0.0,0.00000008,"btc,ltc",219465.505,0.0,0.03407226000006158,216
1,[],22,[],2019-02-23 10:13:50,261864.3171998338,0.00000220,0.00000000008691606,6765920,2019-02-23 10:13:50,BTC,12673.57078027,0.0,0.00000220,BTC,369653.3366853577,0.02744224,0.37428833,217
1,[],7,[],2019-02-23 10:13:54,0.0,0,0,6765921,2019-02-23 10:13:54,btc,77969.61377456698,0.0,0,btc,137043486.5550253,0.0,0.0,219
0,[],27,[],2019-02-23 10:13:57,0.0,0,0,6765922,2019-02-23 10:13:57,,0.0740438339680921,0.0,0,btc,1536429.20709513,0.0,0.0,219
0.0000000000000052,[],28,[],2019-02-23 10:13:59,168116952.092,4.316468e-18,1.7053199621640002e-22,6765923,2019-02-23 10:13:59,doge,83869.8037917675,14341.0,0.00083009,"btc,doge",4822403.34751,0.0,1.135960775406288e-11,219
1,[],22,[],2019-02-23 10:14:03,285635.6,0.00000015,0.000000000005926095,6765924,2019-02-23 10:14:03,BTC,3.00139081,0.0,0.00000015,BTC,106418.27041875875,0.0,0.03388856,221
1,[],24,[],2019-02-23 10:14:04,0.0,0.000000200000,0.000000000007901460000000001,6765925,2019-02-23 10:14:04,btc,0.0,0.0,0.000000200000,btc,0.0,0.0,0.0,221
1,[],20,[],2019-02-23 10:14:06,43228436.1239,0.000000001,0.0000000000000395073,6765926,2019-02-23 10:14:06,btc,47.9980618956477,99600.0,0.000000001,btc,11214728.0749,0.0002988,0.0432284361239,224
0,[],22,[],2019-02-23 10:16:10,0.0,0,0,6765927,2019-02-23 10:16:10,,0.0,0.0,0,,0.0,0.0,0.0,224
1,[],26,[],2019-02-23 10:16:10,0.0,0.00000036,0.000000000014222628,6765928,2019-02-23 10:16:10,btc,0.0,0.0,0.00000036,btc,0.0,0.0,0.0,231
1,[],26,[],2019-02-23 10:16:10,0.0,0.00000006,0.0000000000023704380000000002,6765929,2019-02-23 10:16:10,btc,0.0,0.0,0.00000006,btc,0.0,0.0,0.0,234
0.00000000037297829999999996,[],27,[],2019-02-23 10:16:13,2000.0,3.729783e-18,1.473536559159e-22,6765930,2019-02-23 10:16:13,eth,0.0113483662182,0.0,0.00000001,"btc,eth",11462.99618,0.0,7.459566e-15,234
1,[],4,[],2019-02-23 10:16:14,1085423.86957329,0.00000086,0.000000000033976278,6765931,2019-02-23 10:16:14,btc,4.5190757340709675,0.0,0.00000086,btc,1021107.92192598,0.02531194,0.4260313866683535,236
1,[],24,[],2019-02-23 10:16:14,0.0,0.000000300000,0.00000000001185219,6765932,2019-02-23 10:16:14,btc,0.0,0.0,0.000000300000,btc,0.0,0.0,0.0,236
1,[],20,[],2019-02-23 10:16:16,66381062.1658,0.000000061,0.0000000000024099453,6765933,2019-02-23 10:16:16,btc,10.134324723633,33501962.2971,0.000000061,btc,45630720.1222,2.1724535945455,0.4146436008198,237
1,[],22,[],2019-02-23 10:16:21,116403.0,0.00000004,0.000000000001580292,6765934,2019-02-23 10:16:21,BTC,0.0405823,0.0,0.00000004,"BTC,LTC",3164.0,0.0,0.00482009,237
1,[],4,[],2019-02-23 10:16:22,7542153.02271234,0.00000033,0.000000000013037409,6765935,2019-02-23 10:16:22,btc,6.168420933484394,0.0,0.00000033,btc,8971773.99177525,0.98202404,1.6734405919927031,238
1,[],5,[],2019-02-23 10:16:24,0.0,0,0,6765936,2019-02-23 10:16:24,btc,0.0,0.10522036,0,btc,0.0,0.0,0.0,238
0,[],22,[],2019-02-23 10:16:27,0.0,0,0,6765937,2019-02-23 10:16:27,,27.41366601,0.0,0,,316008.5639027493,0.0,0.0,249
0.0000000001231699,[],22,[],2019-02-23 10:16:31,7121097.666666667,3.6950970000000004e-18,1.459833057081e-22,6765938,2019-02-23 10:16:31,LTC,0.53180351,0.0,0.00000003,LTC,14499981.09,0.0,0.21263595,252
1,[],28,[],2019-02-23 10:16:33,3798307.698,0.00000013,0.000000000005135949,6765939,2019-02-23 10:16:33,btc,164693.6391601547,425811.212,0.00000013,btc,751113.53,0.0,0.2377927575,256
1,[],22,[],2019-02-23 10:16:38,2433447.6666666665,0.00000003,0.0000000000011852190000000001,6765940,2019-02-23 10:16:38,BTC,31.42327216,0.0,0.00000003,BTC,516927.80769145646,0.00045,0.05185815,258
1,[],22,[],2019-02-23 10:16:42,48751.0,0.00000001,0.000000000000395073,6765941,2019-02-23 10:16:42,BTC,2.4175745,0.0,0.00000001,BTC,1762.0,0.0,0.00048751,259
1,[],5,[],2019-02-23 10:16:44,0.0,0,0,6765942,2019-02-23 10:16:44,btc,0.0,0.34142256,0,btc,0.0,0.0,0.0,264
1,[],20,[],2019-02-23 10:16:46,1215161.9433,0.000001601,0.0000000000632511873,6765943,2019-02-23 10:16:46,btc,7.6907403074306,85977.0014,0.000001601,btc,110080.9874,0.2882580631206,0.0188715245731,264
1,[],22,[],2019-02-23 10:16:49,25664.0,0.00000001,0.000000000000395073,6765944,2019-02-23 10:16:49,BTC,8.4442135,0.0,0.00000001,BTC,427909.69136002666,6.25e-05,0.00025664,271
0,[],22,[],2019-02-23 10:17:02,0.0,0,0,6765945,2019-02-23 10:17:02,,259.46097823,0.0,0,,14408785027.9,0.0,0.0,272
0.0000000000000052,[],28,[],2019-02-23 10:17:05,232212918758.06,4.68e-21,1.84894164e-25,6765946,2019-02-23 10:17:05,doge,10996534.540956069,35105659654.428,0.0000009,doge,215317793351.75723,0.0,6.247349504098927e-10,272
1,[],22,[],2019-02-23 10:17:19,114058.74,0.00000207,0.00000000008178011100000001,6765947,2019-02-23 10:17:19,BTC,74.42290863,0.0,0.00000207,"BTC,LTC",11660.487639773188,0.02638503,0.04325372,281
1,[],22,[],2019-02-23 10:17:23,58579.0,0.00000002,0.000000000000790146,6765948,2019-02-23 10:17:23,BTC,1.33236055,0.0,0.00000002,BTC,142018.04598459575,5.03e-05,0.00096388,286
0,[],22,[],2019-02-22 20:00:43,0.0,0,0,6761229,2019-02-22 20:00:43,,43634.52003953,0.0,0,,419068796.0,0.0,0.0,294
