pairValue,buyBook,exchangeId,sellBook,updated,buyTotal,satoshiPrice,usdPrice,exchangeLogId,created,bestPair,sellTotalBtc,volume,pairPrice,activePairs,sellTotal,volumeBtc,buyTotalBtc,coinId
1,[],3,[],2019-05-22 15:01:04,1123.176876563989,0.0113605500000000005089706434091567643918097019195556640625,0.000000893567468415,7668796,2019-05-22 15:01:04,btc,1.869552497675499,30.8730799403,0.0113605500000000005089706434091567643918097019195556640625,btc,27.422271108868,0.0,0.2245032366694533,1
1,[],4,[],2019-05-22 15:01:05,207700.83488726,0.01131880,0.00000089028360964,7668797,2019-05-22 15:01:05,btc,8.164495019155684,0.0,0.01131880,btc,336.68178466,0.60083607,0.8268368395218929,1
1,[],5,[],2019-05-22 15:01:07,0.0,0,0,7668798,2019-05-22 15:01:07,btc,0.0,0.00804472,0,btc,0.0,0.0,0.0,1
1,[],10,[],2019-05-22 15:01:10,255981.2308542,0.008185,0.0000006437936305,7668799,2019-05-22 15:01:10,btc,6523.036153781824,1438.53496593,0.008185,btc,1316.67720342,0.0,3.064260121472833,1
1,[],12,[],2019-05-22 15:01:12,95.84681595,0.0114900000000000002131628207280300557613372802734375,0.000000903749397,7668800,2019-05-22 15:01:12,btc,0.1399221246989,0.0,0.0114900000000000002131628207280300557613372802734375,btc,6.6610464,0.6033777556123,0.3930639362266,1
1,[],20,[],2019-05-22 15:01:15,972.7559,0.01026283,0.000000807225972499,7668801,2019-05-22 15:01:15,btc,0.2207427913486,0.0,0.01026283,btc,16.8833,0.0,0.1004436570553,1
1,[],21,[],2019-05-22 15:01:16,2023.55820295,0.01157963000000000047817749760,0.000000910799271539,7668802,2019-05-22 15:01:16,btc,15.2262881183702,5197.2729357299995,0.011579630000000000478177497598153422586619853973388671875,"btc,eth",1712.09898329,56.99345484634584,18.79602203212162,1
1,[],22,[],2019-05-22 15:01:21,0.0025666666666666667,0.00900000,0.0000007078977,7668803,2019-05-22 15:01:21,BTC,0.31629903,0.0,0.00900000,BTC,0.2505752479991019,0.0,2.31e-05,1
1,[],24,[],2019-05-22 15:01:21,0.0,0.000000000000,0,7668804,2019-05-22 15:01:21,btc,0.0,0.0,0.000000000000,btc,0.0,0.0,0.0,1
0.0,[],25,[],2019-05-22 15:01:22,0.0,0,0,7668805,2019-05-22 15:01:22,btc,43.64999999793106,5131.34479045,0.0,btc,3693.52729667,57.675,0.0,1
1,[],26,[],2019-05-22 15:01:24,0.0,0,0,7668806,2019-05-22 15:01:24,,0.0,0.0,0,,0.0,0.0,0.0,1
0,[],28,[],2019-05-22 15:01:27,0.0,0,0,7668807,2019-05-22 15:01:27,,0.0,358307.25,0,,0.0,0.0,0.0,1
0,[],2,[],2019-01-20 23:28:45,0.0,0,0,6477011,2019-01-20 23:28:45,,0.0,0.0,0,,0.0,0.0,0.0,1
1,[],5,[],2019-05-22 15:01:28,0.0,0,0,7668808,2019-05-22 15:01:28,btc,0.0,5.487e-05,0,btc,0.0,0.0,0.0,2
0,[],22,[],2019-05-22 15:01:31,0.0,0,0,7668809,2019-05-22 15:01:31,,0.0,0.0,0,,0.0,0.0,0.0,2
1,[],5,[],2019-05-22 15:01:32,0.0,0,0,7668810,2019-05-22 15:01:32,btc,0.0,0.00160007,0,btc,0.0,0.0,0.0,3
1,[],12,[],2019-05-22 15:01:33,4346660.07774357,0.00000012,0.000000000009438636,7668811,2019-05-22 15:01:33,btc,11597.806231990666,0.0,0.00000012,btc,3609297.25001069,0.02783887472812311,0.3714462694182184,3
0,[],28,[],2019-05-22 15:01:35,0.0,0,0,7668812,2019-05-22 15:01:35,,0.0,0.0,0,,0.0,0.0,0.0,3
0,[],2,[],2019-01-20 23:31:32,0.0,0,0,6477077,2019-01-20 23:31:32,,0.0,0.0,0,,0.0,0.0,0.0,4
1,[],4,[],2019-05-18 21:29:50,562734.9206932,0.00000010,0.000000000007298720000000001,7650946,2019-05-18 21:29:50,btc,41.9347137769675,0.0,0.00000010,btc,1123702.32192634,0.00052462,0.029254593370966,4
0,[],12,[],2019-05-22 05:47:09,0.0,0,0,7666513,2019-05-22 05:47:09,btc,6667432.560612084,0.0,0,btc,1144126.27372628,0.0,0.0,5
0,[],2,[],2019-01-20 23:31:51,0.0,0,0,6477087,2019-01-20 23:31:51,,0.0,0.0,0,,0.0,0.0,0.0,6
1,[],11,[],2019-05-22 15:01:38,5013822.276736,0.00000002,0.000000000001573106,7668813,2019-05-22 15:01:38,btc,9578.377498375203,1396662.69357,0.00000002,btc,60266490.87186143,0.0,0.05023827276736,6
1,[],3,[],2019-05-22 15:01:43,11993.728680645094,0.00011500000000000000347812056933349822429590858519077301025390625,0.0000000090453595,7668814,2019-05-22 15:01:43,btc,1.1612131842544107,131.533509258,0.00011500000000000000347812056933349822429590858519077301025390625,btc,282.094355724518,0.0,0.024151946207345697,7
1,[],4,[],2019-05-22 15:01:44,3180902.1538782,0.00010450,0.00000000821947885,7668815,2019-05-22 15:01:44,btc,9.250469454956212,0.0,0.00010450,btc,50191.2415836,1.13741861,2.4013682360335142,7
1,[],5,[],2019-05-22 15:01:45,0.0,0,0,7668816,2019-05-22 15:01:45,btc,0.0,0.32991967,0,btc,0.0,0.0,0.0,7
1,[],20,[],2019-04-07 22:06:50,3201475.0482,0.000000001,0.000000000000051590000000000004,7213932,2019-04-07 22:06:50,btc,30.8005781811902,0.0,0.000000001,btc,23077405.3926,0.0,0.0032014750482,8
0,[],2,[],2019-01-20 23:22:42,0.0,0,0,6476876,2019-01-20 23:22:42,,0.0,0.0,0,,0.0,0.0,0.0,9
0,[],23,[],2019-01-20 23:22:48,0.0,0,0,6476878,2019-01-20 23:22:48,,0.0,0.0,0,,0.0,0.0,0.0,9
1,[],4,[],2019-05-22 15:01:48,20969726.71209074,0.00000055,0.000000000043260415,7668817,2019-05-22 15:01:48,btc,4.332757918916201,0.0,0.00000055,btc,3926782.62057982,0.3679162,0.7950129733611941,9
0,[],28,[],2019-05-22 15:01:50,0.0,0,0,7668818,2019-05-22 15:01:50,,0.0,3743801.0,0,,0.0,0.0,0.0,9
1,[],1,[],2019-02-17 23:31:42,1822507.21,0.00000181000000000000003456111265232042484285557293333113193511962890625,0.000000000066086901,6701244,2019-02-17 23:31:42,btc,3.6990969245,17153386.5,0.00000181000000000000003456111265232042484285557293333113193511962890625,btc,1997391.71,31.11772986,3.2610482446,9
1,[],4,[],2019-02-17 11:22:43,4341674.27126056,0.00000002,0.0000000000007272960000000001,6696112,2019-02-17 11:22:43,btc,0.1997230937751353,0.0,0.00000002,btc,4109766.79808031,0.00215132,0.0479381022052112,10
1,[],4,[],2019-05-22 15:01:51,4441105.91902194,0.00000075,0.000000000058991475,7668819,2019-05-22 15:01:51,btc,5.3970974960911615,0.0,0.00000075,btc,4731921.98338669,0.61198558,1.4198070250095345,12
1,[],5,[],2019-05-22 15:01:52,0.0,0,0,7668820,2019-05-22 15:01:52,btc,0.0,0.05064474,0,btc,0.0,0.0,0.0,12
0.0,[],25,[],2019-05-22 15:01:53,0.0,0,0,7668821,2019-05-22 15:01:53,,0.0,0.0,0.0,btc,0.0,0.0,0.0,12
0,[],2,[],2019-01-20 23:23:08,0.0,0,0,6476890,2019-01-20 23:23:08,,0.0,0.0,0,,0.0,0.0,0.0,12
1,[],4,[],2019-05-22 15:01:54,379055.05713708,0.00000691,0.000000000543508123,7668822,2019-05-22 15:01:54,btc,2.4633560987737337,0.0,0.00000691,btc,281909.27562574,0.41633593,0.807215956235556,13
1,[],21,[],2019-05-22 15:01:57,804382.23992721,0.000006950000000000000373713646834,0.000000000546654335,7668823,2019-05-22 15:01:57,btc,5.714949356553486,567801.43901769,0.0000069500000000000003737136468340285233580289059318602085113525390625,btc,747068.27845125,4.00269826,5.213143986346034,13
1,[],10,[],2019-05-22 12:25:29,571020.81419623,0.00000686,0.000000000538073018,7668152,2019-05-22 12:25:29,btc,666802.6511887898,9963.58883238,0.00000686,btc,848962.99129072,0.0,0.2985606731995395,13
1,[],4,[],2019-05-22 15:01:58,940547.33801115,0.00000079,0.000000000062137687,7668824,2019-05-22 15:01:58,btc,5.8483845180262914,0.0,0.00000079,btc,821821.31469498,0.0081737,0.1372154400868326,14
1,[],12,[],2019-05-22 15:02:00,320367.74883446,0.0000008,0.00000000006292423999999999,7668825,2019-05-22 15:02:00,btc,13.823062762779578,0.0,0.0000008,btc,29857.27377428,0.000388399999997,0.0172752699999745,14
1,[],26,[],2019-05-22 15:04:00,0.0,0.00000050,0.00000000003932765,7668826,2019-05-22 15:04:00,btc,0.0,0.0,0.00000050,btc,0.0,0.0,0.0,14
0,[],17,[],2019-05-03 00:53:32,0.0,0,0,7558876,2019-05-03 00:53:32,btc,0.0,0.0,0,btc,0.0,0.0,0.0,14
0,[],4,[],2019-05-22 15:04:01,0.0,0,0,7668827,2019-05-22 15:04:01,,0.0,0.0,0,,0.0,0.0,0.0,15
,[],12,[],2018-12-01 15:15:48,204241.84496,0.00000489,0.000000000202473384,5260204,2018-12-01 15:15:48,btc,49.5475654835,0.0,,btc,35763.2193806,0.0163153972027625,0.0203389899998,15
1,[],4,[],2019-05-22 15:04:03,38025.25428812,0.00001225,0.000000000963527425,7668828,2019-05-22 15:04:03,btc,1.0872498315996582,0.0,0.00001225,btc,17532.95167186,0.05756474,0.1155950528866335,18
1,[],10,[],2019-05-22 15:04:05,308466.95092245,0.00001203,0.000000000946223259,7668829,2019-05-22 15:04:05,btc,15.305122516319164,9145.18331571,0.00001203,btc,10456.66796494,0.0,0.0728235905621471,18
1,[],12,[],2019-05-22 15:04:07,222744.12060387,0.000011650000000000000266908890822481481563954730518162250518798828125,0.000000000916334245,7668830,2019-05-22 15:04:07,btc,33215.12415830264,0.0,0.000011650000000000000266908890822481481563954730518162250518798828125,btc,1481.50556859,0.0013614335121017,0.0240853944001868,18
0,[],2,[],2019-01-20 23:23:38,0.0,0,0,6476906,2019-01-20 23:23:38,,0.0,0.0,0,,0.0,0.0,0.0,18
0,[],17,[],2019-05-03 00:53:39,0.0,0,0,7558882,2019-05-03 00:53:39,btc,0.0,0.0,0,btc,0.0,0.0,0.0,18
1,[],3,[],2019-05-22 15:06:07,155738.16097839078,0.000009510000000000000427275402559157413406865089200437068939208984375,0.000000000748011903,7668831,2019-05-22 15:06:07,btc,0.23034187385693375,3561.35820087,0.000009510000000000000427275402559157413406865089200437068939208984375,btc,5294.190739011293,0.0,0.04650299074471239,19
1,[],4,[],2019-05-22 15:06:09,174896.70890568,0.00001020,0.00000000080228406,7668832,2019-05-22 15:06:09,btc,3.9745130818334364,0.0,0.00001020,btc,165359.84331285,0.58237875,0.8184877577757332,19
1,[],5,[],2019-05-22 15:06:10,0.0,0,0,7668833,2019-05-22 15:06:10,btc,0.0,0.00129482,0,btc,0.0,0.0,0.0,19
1,[],12,[],2019-05-22 15:06:11,200704.11664493,0.000010080000000000000052080735557513690991982002742588520050048828125,0.000000000792845424,7668834,2019-05-22 15:06:11,btc,0.3034195219799723,0.0,0.000010080000000000000052080735557513690991982002742588520050048828125,btc,3047.34424912,3.023e-05,0.059188539999513505,19
0,[],27,[],2019-05-22 15:06:22,0.0,0,0,7668835,2019-05-22 15:06:22,,0.0,0.0,0,btc,0.0,0.0,0.0,19
0,[],2,[],2019-01-20 23:24:19,0.0,0,0,6476924,2019-01-20 23:24:19,,0.0,0.0,0,,0.0,0.0,0.0,19
1,[],4,[],2019-05-22 15:06:22,10230128.96144766,0.00000007,0.000000000005505871,7668836,2019-05-22 15:06:22,btc,6.413343230109516,0.0,0.00000007,btc,2233934.3516984,0.00018919,0.1275941297203162,20
1,[],4,[],2019-05-22 15:06:24,72142694.30457482,0.00000001,0.000000000000786553,7668837,2019-05-22 15:06:24,btc,39172.46715073123,0.0,0.00000001,btc,60885414.32461323,0.00123151,0.7214269430457481,21
1,[],12,[],2019-05-22 15:06:25,4011683.0,0.00000001,0.000000000000786553,7668838,2019-05-22 15:06:25,btc,2911.7332987034765,0.0,0.00000001,btc,7295851.93106888,0.00051088,0.04011683,21
0,[],17,[],2019-05-03 00:53:51,0.0,0,0,7558891,2019-05-03 00:53:51,btc,0.0,0.0,0,btc,0.0,0.0,0.0,21
1,[],12,[],2019-05-22 15:08:28,7121221828.316,0.0000000004,0.00000000000003146212,7668839,2019-05-22 15:08:28,btc,311120233915.5159,0.0,0.0000000004,btc,3652997637.5081325,0.062316235421778214,1.6144612621264,23
0.00000000032115530000000006,[],27,[],2019-05-22 15:08:36,3000110.0,3.2115530000000005e-18,2.5260566468090002e-22,7668840,2019-05-22 15:08:36,eth,1173.98352305606,12094250.0,0.00000001,eth,71378962.05,3.884132487025001e-11,9.63501227083e-12,23
1,[],4,[],2019-05-22 15:08:38,1841210.7769958,0.00000019,0.000000000014944507,7668841,2019-05-22 15:08:38,btc,13.465015412149109,0.0,0.00000019,btc,2019566.56450127,0.00298605,0.0559474819438461,24
0,[],22,[],2019-05-22 15:10:41,21.76,0,0,7668842,2019-05-22 15:10:41,,7.415e-05,0.0,0,,23.919354838709676,0.0,1.186e-05,24
0.0,[],25,[],2019-05-22 15:10:43,0.0,0,0,7668843,2019-05-22 15:10:43,,0.0,0.0,0.0,btc,0.0,0.0,0.0,24
1,[],4,[],2019-05-22 15:10:44,325526.5191145,0.00000442,0.000000000347656426,7668844,2019-05-22 15:10:44,btc,10.58629372446732,0.0,0.00000442,btc,274459.46598992,0.124931,0.1509281796605219,26
1,[],10,[],2019-05-22 15:10:46,159718.18191027,0.0000044,0.00000000034608332,7668845,2019-05-22 15:10:46,btc,25.51512701065228,5754.44133026,0.0000044,btc,23026.8513218,0.0,0.0315855503128408,26
0,[],2,[],2019-01-20 23:25:56,0.0,0,0,6476976,2019-01-20 23:25:56,,0.0,0.0,0,,0.0,0.0,0.0,26
1,[],3,[],2019-05-22 15:10:47,7294280.12200389,0.00000001,0.000000000000786553,7668846,2019-05-22 15:10:47,btc,3.3169798411101326,4549049.07489,0.00000001,btc,23937857.76712058,0.0,0.07294280122003889,27
1,[],5,[],2019-04-26 09:47:06,0.0,0,0,7465326,2019-04-26 09:47:06,btc,0.0,0.0,0,btc,0.0,0.0,0.0,27
1,[],11,[],2019-05-22 15:10:48,1069867.58157834,0.00000001,0.000000000000786553,7668847,2019-05-22 15:10:48,btc,67503.038056662,12744.4184217,0.00000001,btc,6639900.67919713,0.0,0.0106986758157834,27
1,[],4,[],2019-05-22 15:10:49,1250130537.443452,0.00000001,0.000000000000786553,7668848,2019-05-22 15:10:49,btc,4.641031436614769,0.0,0.00000001,"btc,ltc",281272903.8690619,0.03287466,8.28232897044032,29
1,[],7,[],2019-05-22 15:10:50,111524608.24806745,0.00000001,0.000000000000786553,7668849,2019-05-22 15:10:50,btc,46541097.14358559,10505.50045,0.00000001,btc,35205942.30585554,0.00010506,1.1152460824806745,29
1,[],4,[],2019-05-22 15:10:51,15336566.96758259,0.00000007,0.000000000005505871,7668850,2019-05-22 15:10:51,btc,2.635608046891368,0.0,0.00000007,btc,2132380.19704289,0.00316003,0.1756618390331767,30
0,[],17,[],2019-05-03 01:11:25,0.0,0,0,7559066,2019-05-03 01:11:25,btc,0.0,0.0,0,btc,0.0,0.0,0.0,30
1,[],4,[],2019-05-22 15:12:52,115681.73925909,0.00005264,0.000000004140414992,7668851,2019-05-22 15:12:52,btc,5.598996769832444,0.0,0.00005264,btc,59786.69770875,0.50890279,1.1566363867066471,31
1,[],21,[],2019-05-22 15:12:53,93954.28105254,0.00005270000000000000026220345339,0.00000000414513431,7668852,2019-05-22 15:12:53,btc,3.5008113390419933,247803.33722938,0.0000527000000000000002622034533938943923203623853623867034912109375,btc,57640.05974137,13.33780592,4.6736291077181855,31
0,[],2,[],2019-01-20 23:28:43,0.0,0,0,6477009,2019-01-20 23:28:43,,0.0,0.0,0,,0.0,0.0,0.0,32
0,[],4,[],2019-05-22 15:12:56,0.0,0,0,7668853,2019-05-22 15:12:56,,0.0,0.0,0,,0.0,0.0,0.0,33
1,[],12,[],2019-03-30 07:55:10,40641173.964,0.00000003,0.000000000001228359,7108785,2019-03-30 07:55:10,btc,4233210.82356125,0.0,0.00000003,btc,28378394.68333462,0.0126927883965248,0.90752895892,33
0.00000000011467120000000001,[],4,[],2019-05-22 15:12:58,28829876.47420163,5.73356e-17,4.5097488186800005e-21,7668854,2019-05-22 15:12:58,ltc,3.5155897861010508,0.0,0.0000005,ltc,157034249.51306903,0.0,1.2605214618854244e-10,34
1,[],5,[],2019-05-22 15:13:00,0.0,0,0,7668855,2019-05-22 15:13:00,btc,0.0,0.0,0,btc,0.0,0.0,0.0,34
0.0000000002926451,[],17,[],2019-05-02 18:17:47,200000.0,2.9264510000000002e-18,1.596703856561e-22,7556430,2019-05-02 18:17:47,eth,0.20942468735267253,0.0,0.00000001,"btc,eth",1018272.20243647,0.0,5.852902e-13,36
0.0000000001148681,[],4,[],2019-05-22 14:33:47,88845743.45511784,1.148681e-18,9.021074339020001e-23,7668687,2019-05-22 14:33:47,ltc,4.163872927848919e-08,0.0,0.00000001,ltc,7563330053.433634,0.0,1.020554174377682e-10,36
1,[],5,[],2019-05-22 14:33:48,0.0,0,0,7668688,2019-05-22 14:33:48,btc,0.0,0.0,0,btc,0.0,0.0,0.0,36
0.0000000003219693,[],27,[],2019-05-22 14:35:56,48506229.004,3.219693e-18,2.528560140006e-22,7668689,2019-05-22 14:35:56,eth,1671.81428192,21896000.0,0.00000001,"ltc,eth",47454227.0,1.05974682756e-10,1.4713506811853572e-10,36
1,[],4,[],2019-05-22 15:13:02,10288448.08757403,0.00000015,0.000000000011798295,7668856,2019-05-22 15:13:02,btc,19772.612610691787,0.0,0.00000015,btc,830748.36800994,0.00367605,0.1486670641087027,37
1,[],12,[],2019-05-22 15:13:03,5860282.63673277,0.00000018,0.000000000014157954,7668857,2019-05-22 15:13:03,btc,84.06420551577315,0.0,0.00000018,btc,902453.87851195,0.0200693454245829,0.2454649905299153,37
1,[],17,[],2019-05-03 01:11:36,211752.74075282,0.00000025,0.000000000013700074999999998,7559074,2019-05-03 01:11:36,btc,0.055484923955058496,0.0,0.00000025,"btc,eth",1387.19918473,0.0,0.0005381851887916605,37
1,[],27,[],2019-05-22 14:38:08,1600.0,0.00000015,0.000000000011780130000000001,7668692,2019-05-22 14:38:08,btc,24.12156123602533,0.0,0.00000015,btc,5842.04443503,0.0,3e-05,37
1,[],5,[],2019-05-22 14:38:10,0.0,0,0,7668693,2019-05-22 14:38:10,btc,0.0,0.14837178,0,btc,0.0,0.0,0.0,42
1,[],12,[],2019-05-22 14:38:10,370584.47578482,0.000001300000000000000047051663780439678674838432925753295421600341796875,0.00000000010209446000000001,7668694,2019-05-22 14:38:10,btc,2227429.86435146,0.0,0.000001300000000000000047051663780439678674838432925753295421600341796875,btc,107841.56821278999,0.010162746593381,0.0810271817372475,42
1,[],27,[],2019-05-22 14:38:21,1296.0,0.00000100,0.00000000007853420000000001,7668695,2019-05-22 14:38:21,btc,1.1813845831768,0.0,0.00000100,"btc,eth",1183.4448157,0.0,0.0005970000005008554,42
1,[],12,[],2019-03-13 09:13:29,1112112.0,0.00000001,0.000000000000386531,6919902,2019-03-13 09:13:29,btc,29058.00478931866,0.0,0.00000001,btc,5967681.93306694,9.99000999e-07,0.01112112,43
1,[],5,[],2019-04-26 22:38:52,0.0,0,0,7474154,2019-04-26 22:38:52,btc,0.0,0.02638891,0,btc,0.0,0.0,0.0,43
0,[],17,[],2019-04-26 22:38:53,0.0,0,0,7474155,2019-04-26 22:38:53,btc,0.0,0.0,0,btc,0.0,0.0,0.0,43
1,[],12,[],2019-03-05 01:54:08,639326.02,0.00000004,0.000000000001486676,6845775,2019-03-05 01:54:08,btc,11116042.728239931,0.0,0.00000004,btc,1103841.4595604,0.0003330765234764,0.014975410599999999,44
1,[],4,[],2019-05-22 14:38:22,114075713.4304162,0.00000001,0.000000000000785342,7668696,2019-05-22 14:38:22,btc,291324.23528705555,0.0,0.00000001,"btc,ltc",26251606.62169327,0.00526302,0.11435411353594896,49
0.0000000001148681,[],4,[],2019-05-22 14:38:24,97210385.0533362,5.1690645e-17,4.059483452559e-21,7668697,2019-05-22 14:38:24,ltc,21908.84082952223,0.0,0.00000045,ltc,137071761.89107537,0.0,5.708124559702394e-10,52
0,[],22,[],2019-05-22 14:38:26,0.0,0,0,7668698,2019-05-22 14:38:26,,10289.55991011,0.0,0,,308568058.4566013,0.0,0.0,57
0,[],27,[],2019-05-22 14:38:34,0.0,0,0,7668699,2019-05-22 14:38:34,,0.0,0.0,0,"btc,eth",0.0,0.0,0.0,57
1,[],17,[],2019-05-03 01:12:09,1200000.0,0.0000000001,0.00000000000000548003,7559085,2019-05-03 01:12:09,btc,1e+24,0.0,0.0000000001,"btc,eth",39516342.31952568,0.0,0.00010000000058666061,58
0.0000000001148681,[],4,[],2019-05-22 14:38:35,215763579.9970311,1.148681e-18,9.021074339020001e-23,7668700,2019-05-22 14:38:35,ltc,19.16063843312931,0.0,0.00000001,ltc,6066528100.2256975,0.0,2.4784352483456965e-10,58
1,[],12,[],2019-05-22 14:38:36,1421270040.0,0.0000000001,0.00000000000000785342,7668701,2019-05-22 14:38:36,btc,828884457.3510716,0.0,0.0000000001,btc,4531698123.334675,0.05383909020679321,0.142127004,58
0.0000000001126478,[],22,[],2019-05-22 14:40:39,126877.0,1.126478e-18,8.84670485476e-23,7668702,2019-05-22 14:40:39,XMR,68.17454206,0.0,0.00000001,XMR,9626402.6,0.0,0.00126877,58
1,[],5,[],2019-05-22 14:40:41,0.0,0,0,7668703,2019-05-22 14:40:41,btc,0.0,0.01672783,0,btc,0.0,0.0,0.0,61
1,[],22,[],2019-05-22 14:40:45,13613.833333333334,0.00000012,0.000000000009424104,7668704,2019-05-22 14:40:45,BTC,1002.29590883,0.0,0.00000012,BTC,15092.180177125656,0.0,0.00153269,61
1,[],26,[],2019-05-22 14:40:45,0.0,0.00000050,0.000000000039267100000000003,7668705,2019-05-22 14:40:45,btc,0.0,0.0,0.00000050,btc,0.0,0.0,0.0,61
1,[],27,[],2019-05-22 14:40:56,107138.0,0.0000002,0.00000000001570684,7668706,2019-05-22 14:40:56,btc,1.9501982264346656,0.111,0.0000002,"btc,eth",12657.40563696,4e-08,0.0013812200003219693,61
0,[],28,[],2019-05-22 14:41:37,0.0,0,0,7668707,2019-05-22 14:41:37,,0.0,732.0,0,,0.0,0.0,0.0,61
1,[],4,[],2019-05-22 14:41:38,1084660.88381185,0.00000093,0.000000000073036806,7668708,2019-05-22 14:41:38,btc,2.7007627741328935,0.0,0.00000093,btc,811340.66603738,0.04911661,0.6810085657320764,67
0.0,[],25,[],2019-05-22 14:41:41,0.0,0,0,7668709,2019-05-22 14:41:41,,0.0,0.0,0.0,btc,0.0,0.0,0.0,67
1,[],12,[],2019-05-22 14:41:43,1863915.0,0.00000009,0.000000000007068078,7668710,2019-05-22 14:41:43,btc,55556379.614834726,0.0,0.00000009,btc,1406023.47152846,2.091e-05,0.03175136,71
,[],5,[],2018-11-20 23:02:39,1.5e-07,0.00000005,0.000000000002128045,4862160,2018-11-20 23:02:39,btc,2.84511358,0.0,,btc,0.00036572,0.0,0.07381892,74
1,[],5,[],2019-05-22 14:41:44,0.0,0,0,7668711,2019-05-22 14:41:44,btc,0.0,0.05659857,0,btc,0.0,0.0,0.0,75
0,[],20,[],2019-01-25 09:30:31,0.0,0,0,6495923,2019-01-25 09:30:31,btc,0.0,0.0,0,btc,0.0,0.0,0.0,81
0,[],4,[],2019-05-22 14:41:46,0.0,0,0,7668712,2019-05-22 14:41:46,,133656.8796455215,0.0,0,,33461435.50049975,0.0,0.0,81
1,[],4,[],2019-05-22 14:41:48,29107.70333858,0.00006101,0.000000004791371542,7668713,2019-05-22 14:41:48,btc,18.449109359944305,0.0,0.00006101,btc,24766.61303864,1.13064718,0.5310634754204574,82
1,[],21,[],2019-05-22 14:41:49,262677.58126926,0.00006169999999999999540801348674,0.00000000484556014,7668714,2019-05-22 14:41:49,btc,3.770996456474703,8000.66482514,0.000061699999999999995408013486741793940382194705307483673095703125,btc,51183.76079776,0.49280682,1.7064524018353346,82
0,[],17,[],2019-03-25 22:42:34,0.0,0,0,7038780,2019-03-25 22:42:34,btc,0.0445064681804024,0.0,0,btc,995513.18476001,0.0,0.0,84
0.0000000001161485,[],4,[],2019-05-20 13:09:39,216715621.0206096,1.161485e-18,9.0533806701e-23,7657228,2019-05-20 13:09:39,ltc,1.6511566870244727,0.0,0.00000001,ltc,471032407.9048656,0.0,2.5171194308112273e-10,85
,[],22,[],2018-11-20 23:09:34,3408.1,0.0000001,0.0000000000041895,4862324,2018-11-20 23:09:34,BTC,0.04624735,0.0,,BTC,4990.0,0.0,0.00033081,86
1,[],22,[],2019-05-22 14:41:52,85999.0,0.00000001,0.000000000000785342,7668715,2019-05-22 14:41:52,BTC,1.45832026,0.0,0.00000001,BTC,335430.29736842104,3.417e-05,0.00085999,87
0,[],27,[],2019-05-22 14:42:00,0.0,0,0,7668716,2019-05-22 14:42:00,,4.961871848776,0.0,0,btc,25830.03041,0.0,0.0,87
,[],2,[],2018-11-20 23:10:47,0.0,0,0,4862359,2018-11-20 23:10:47,,0.0,0.0,,,0.0,0.0,0.0,88
1,[],11,[],2019-05-22 14:42:01,88253.37538997,0.00010809999999999999839052355898871837780461646616458892822265625,0.00000000848954702,7668717,2019-05-22 14:42:01,btc,176.9754126769074,1780.65007307,0.00010809999999999999839052355898871837780461646616458892822265625,btc,195083.5100798,0.0,5.038018579308488,89
0,[],2,[],2019-01-20 23:31:45,0.0,0,0,6477083,2019-01-20 23:31:45,,0.0,0.0,0,,0.0,0.0,0.0,91
0,[],17,[],2019-05-03 01:12:26,0.0,0,0,7559096,2019-05-03 01:12:26,btc,0.0,0.0,0,btc,0.0,0.0,0.0,91
1,[],12,[],2019-05-22 14:42:02,443517.01809522,0.00000035,0.00000000002748697,7668718,2019-05-22 14:42:02,btc,112.20827059494026,0.0,0.00000035,btc,210771.32698197,2.24775225e-06,0.0321957270999962,91
1,[],22,[],2019-05-22 14:44:06,75910.55,0.0000002,0.00000000001570684,7668719,2019-05-22 14:44:06,BTC,0.495,0.0,0.0000002,"BTC,LTC",4.95,0.0,0.00165931,91
1,[],22,[],2019-04-09 20:17:52,374949.73333333334,0.00000015,0.000000000007771935,7235704,2019-04-09 20:17:52,BTC,6.87372503,0.0,0.00000015,"BTC,LTC",159980.01196797504,1.1e-05,0.80510266,95
0,[],17,[],2019-05-03 01:12:32,0.0,0,0,7559100,2019-05-03 01:12:32,btc,0.0,0.0,0,btc,0.0,0.0,0.0,96
0.0000000001148681,[],4,[],2019-05-22 14:44:07,541285937.8547393,6.0880093e-17,4.7811693996806005e-21,7668720,2019-05-22 14:44:07,ltc,11.355403675499375,0.0,0.00000053,ltc,148714548.38713598,0.0,8.292477544212205e-10,96
0,[],12,[],2019-05-22 14:44:08,0.0,0,0,7668721,2019-05-22 14:44:08,btc,25081.844037004626,0.0,0,btc,11249017.281718269,0.0,0.0,96
1,[],4,[],2019-04-14 03:32:46,1039404.33283278,0.00000038,0.000000000019245518,7293458,2019-04-14 03:32:46,btc,4.170086055365747,0.0,0.00000038,btc,3097704.34561074,0.06260606,0.1859928211030784,99
0,[],2,[],2019-01-20 23:23:55,0.0,0,0,6476914,2019-01-20 23:23:55,,0.0,0.0,0,,0.0,0.0,0.0,100
1,[],4,[],2019-05-22 14:46:10,178604.26348022,0.00002430,0.00000000190838106,7668722,2019-05-22 14:46:10,btc,6.855398924860572,0.0,0.00002430,btc,125175.33115593,0.19340442,0.4436846581328263,100
1,[],22,[],2019-05-22 14:46:15,150000.0,0.00000002,0.000000000001570684,7668723,2019-05-22 14:46:15,BTC,24.83526409,0.0,0.00000002,BTC,11187.719,0.0,0.0017,101
1,[],4,[],2019-05-22 14:46:15,624250.53700972,0.00000212,0.000000000166492504,7668724,2019-05-22 14:46:15,btc,339.6886767597563,0.0,0.00000212,btc,522758.76677874,0.31665806,0.2889282508428224,103
1,[],12,[],2019-05-22 14:46:18,83026211.53887606,0.000000005,0.000000000000392671,7668725,2019-05-22 14:46:18,btc,505538636.37442386,0.0,0.000000005,btc,83820232.7862911,0.00962532598046574,0.1977729598425403,105
1,[],27,[],2019-05-22 14:46:27,39279.36513457,0.00000002,0.000000000001570684,7668726,2019-05-22 14:46:27,btc,0.2570774573531397,209067.63486543,0.00000002,btc,546983.85947933,0.00418135,0.0003927973026914,105
1,[],22,[],2019-04-21 00:17:26,21333.0,0.00000001,0.000000000000532493,7385819,2019-04-21 00:17:26,BTC,51.38182867,0.0,0.00000001,BTC,470435.0,0.0,0.00021333,107
1,[],26,[],2019-04-21 00:17:26,0.0,0.00000000,0,7385820,2019-04-21 00:17:26,btc,0.0,0.0,0.00000000,btc,0.0,0.0,0.0,107
1,[],5,[],2019-05-22 14:46:29,0.0,0,0,7668727,2019-05-22 14:46:29,btc,0.0,0.0,0,btc,0.0,0.0,0.0,112
0,[],22,[],2019-05-22 14:46:32,0.0,0,0,7668728,2019-05-22 14:46:32,,2.80047681,0.0,0,,3380942.0833333335,0.0,0.0,112
1,[],27,[],2019-05-22 14:46:40,1.0,0.00000001,0.000000000000785342,7668729,2019-05-22 14:46:40,btc,1.25032588,0.0,0.00000001,"btc,eth",1819.0,0.0,1e-08,112
1,[],4,[],2019-05-22 14:46:42,433302.30108283,0.00000102,0.000000000080104884,7668730,2019-05-22 14:46:42,btc,4.638757548669727,0.0,0.00000102,btc,593577.71542287,0.09736829,0.2226931415995412,113
1,[],5,[],2019-05-22 14:46:45,0.0,0,0,7668731,2019-05-22 14:46:45,btc,0.0,1.06e-06,0,btc,0.0,0.0,0.0,113
1,[],17,[],2019-04-26 02:17:47,162738.278,0.00000004,0.0000000000021069000000000002,7461287,2019-04-26 02:17:47,btc,1.3331140273775473,0.0,0.00000004,btc,51796.221,0.0,0.00230953112,116
1,[],27,[],2019-05-22 05:13:01,210000.0,0.00000001,0.00000000000079145,7666372,2019-05-22 05:13:01,btc,3919.0005001478,0.0,0.00000001,btc,128660.871,0.0,0.0021,116
1,[],4,[],2019-05-21 22:31:11,138169.03963019,0.00000701,0.000000000558364025,7664793,2019-05-21 22:31:11,btc,150.95388250938234,0.0,0.00000701,btc,344631.17141974,0.07552974,0.4288357684941946,120
1,[],7,[],2019-05-21 22:31:12,3901.07750076,0.000010679999999999999389654892212320191902108490467071533203125,0.0000000008506887,7664794,2019-05-21 22:31:12,btc,231188.94669936574,0.0,0.000010679999999999999389654892212320191902108490467071533203125,btc,4133.83151364,0.0,0.0113888422364489,120
1,[],20,[],2019-04-07 18:42:29,1914137.0852,0.000000035,0.0000000000017871910000000002,7211992,2019-04-07 18:42:29,btc,32.2497668025648,25528.85,0.000000035,btc,1001975.4986,0.00089350975,0.0152723574729,125
1,[],22,[],2019-05-22 14:46:48,10000.0,0.00000001,0.000000000000785342,7668732,2019-05-22 14:46:48,BTC,0.032061,0.0,0.00000001,BTC,299316.7611111111,0.0,0.0001,126
0,[],2,[],2019-01-20 23:25:46,0.0,0,0,6476969,2019-01-20 23:25:46,,0.0,0.0,0,,0.0,0.0,0.0,131
1,[],17,[],2019-05-03 01:13:10,10000.0,0.00000001,0.000000000000548003,7559115,2019-05-03 01:13:10,btc,0.0953976503951408,0.0,0.00000001,btc,5037.62507334,0.0,0.0001,131
1,[],4,[],2019-05-22 14:46:48,2178201.89839479,0.00000568,0.000000000446074256,7668733,2019-05-22 14:46:48,btc,3.2217628770844997,0.0,0.00000568,btc,173187.96662062,0.09849759,0.4512956484441374,131
1,[],4,[],2019-05-22 14:48:49,4797.80437788,0.00007912,0.000000006213625904,7668734,2019-05-22 14:48:49,btc,5.032821341561925,0.0,0.00007912,btc,203.84599175,0.00532529,0.0104195151105288,135
1,[],3,[],2019-05-22 14:48:51,446541.0025,0.00000001,0.000000000000785342,7668735,2019-05-22 14:48:51,btc,0.2155950228478119,917846.407254,0.00000001,btc,1819243.4630672599,0.0,0.004465410025,136
1,[],4,[],2019-05-22 14:48:52,2309684.08525671,0.00000192,0.000000000150785664,7668736,2019-05-22 14:48:52,btc,106.76858829984629,0.0,0.00000192,btc,443293.86948728,0.01278847,0.4975569689208625,137
1,[],12,[],2019-05-22 14:48:52,317941.22219902,0.0000018500000000000000751026844880708921436962555162608623504638671875,0.00000000014528827000000002,7668737,2019-05-22 14:48:52,btc,48559.01517276553,0.0,0.0000018500000000000000751026844880708921436962555162608623504638671875,btc,69874.11552573,0.0,0.025465735727134,137
1,[],4,[],2019-05-22 14:48:54,98346.07563847,0.00001806,0.000000001418327652,7668738,2019-05-22 14:48:54,btc,8.253349351333625,0.0,0.00001806,btc,138968.55172831,0.51337013,0.8764527234166399,142
1,[],5,[],2019-05-22 14:48:56,0.0,0,0,7668739,2019-05-22 14:48:56,btc,0.0,0.02465265,0,btc,0.0,0.0,0.0,142
1,[],20,[],2019-05-22 14:50:58,219691.9196,0.000015,0.000000001178013,7668740,2019-05-22 14:50:58,btc,1.6082217035744,0.0,0.000015,btc,9788.8796,0.0,0.0265743785084,142
1,[],22,[],2019-05-22 14:51:01,11337.296,0.00000500,0.000000000392671,7668741,2019-05-22 14:51:01,BTC,3.2754788,0.0,0.00000500,BTC,1133.9993657797618,0.0,0.00745368,142
0.0,[],25,[],2019-05-22 14:51:02,0.0,0,0,7668742,2019-05-22 14:51:02,,0.0,0.0,0.0,btc,0.0,0.0,0.0,142
0,[],28,[],2019-05-22 14:51:57,0.0,0,0,7668743,2019-05-22 14:51:57,,0.0,0.0,0,,0.0,0.0,0.0,142
1,[],17,[],2019-05-03 01:13:16,32967.38636364,0.00000088,0.000000000048224264,7559122,2019-05-03 01:13:16,btc,20.06976206696776,0.0,0.00000088,btc,2746.079105,0.0,0.0105613000000032,142
0,[],22,[],2019-05-22 14:52:00,0.0,0,0,7668744,2019-05-22 14:52:00,,64.8900911,0.0,0,,759279522.8,0.0,0.0,143
0,[],22,[],2019-02-25 15:42:22,0.0,0,0,6783783,2019-02-25 15:42:22,,4.2131946,0.0,0,,2322156.0,0.0,0.0,146
,[],22,[],2018-11-20 23:01:11,0.0,0,0,4862114,2018-11-20 23:01:11,,2.56807021,0.0,,,61828.4988236,0.0,0.0,147
1,[],12,[],2019-04-21 06:38:04,193091.5971266,0.00000071,0.000000000037635183,7388679,2019-04-21 06:38:04,btc,2.301232411611175,0.0,0.00000071,btc,9957.48302385,0.00023528,0.0313308199999888,148
1,[],4,[],2019-03-19 21:31:25,255810.0415942,0.00000029,0.000000000011615747,6982695,2019-03-19 21:31:25,btc,218.94922712414143,0.0,0.00000029,btc,793529.37642722,0.00117,0.0608347789473395,152
0,[],22,[],2019-03-19 21:31:27,0.0,0,0,6982696,2019-03-19 21:31:27,,0.0,0.0,0,,0.0,0.0,0.0,152
1,[],5,[],2019-04-26 09:36:59,0.0,0,0,7465040,2019-04-26 09:36:59,btc,0.0,0.0,0,btc,0.0,0.0,0.0,153
,[],16,[],2019-01-11 15:38:59,0.0,0,0,6366141,2019-01-11 15:38:59,btc,0.0,0.0,,btc,0.0,0.0,0.0,155
0,[],22,[],2019-05-22 14:52:04,0.0,0,0,7668745,2019-05-22 14:52:04,,6.80428951,0.0,0,,4678201.942592593,0.0,0.0,156
0,[],23,[],2019-01-20 23:24:29,0.0,0,0,6476932,2019-01-20 23:24:29,,0.0,0.0,0,,0.0,0.0,0.0,156
1,[],22,[],2019-05-22 14:52:08,7066.0,0.00000800,0.0000000006282736000000001,7668746,2019-05-22 14:52:08,BTC,1.79802465,0.0,0.00000800,BTC,802.6461988741639,0.0,0.00062996,157
0,[],22,[],2019-05-21 23:40:32,0.0,0,0,7665049,2019-05-21 23:40:32,,50234.60468402,0.0,0,,54786159.03179465,0.0,0.0,158
,[],17,[],2018-11-20 22:56:10,0.0,0,0,4861976,2018-11-20 22:56:10,btc,1.1265625,0.0,,btc,1000.0,0.0,0.0,159
,[],20,[],2018-11-20 22:56:12,0.0,0,0,4861977,2018-11-20 22:56:12,btc,11912.7940471,0.0,,btc,34413894.3617,0.0,0.0,159
1,[],12,[],2019-05-22 14:52:10,260638.95510297,0.0000035200000000000001795265325288397662006900645792484283447265625,0.00000000027644038400000004,7668747,2019-05-22 14:52:10,btc,26.049885571647874,0.0,0.0000035200000000000001795265325288397662006900645792484283447265625,btc,9851.26274447,0.0091075895838027,0.039099507270965096,168
1,[],17,[],2019-05-03 01:13:36,42852.0,0.00000002,0.000000000001096006,7559132,2019-05-03 01:13:36,btc,0.04279856251542,0.0,0.00000002,btc,274.46171372,0.0,0.00052852,168
1,[],22,[],2019-05-17 03:01:52,10.0,0.00000001,0.000000000000778341,7642059,2019-05-17 03:01:52,BTC,41.95893009,0.0,0.00000001,BTC,1753972.7737547632,0.0,1e-07,169
1,[],22,[],2019-05-22 14:54:13,291021.0,0.00000005,0.00000000000392671,7668748,2019-05-22 14:54:13,BTC,27.86149776,0.0,0.00000005,BTC,448899.36701231776,5.488e-05,0.00575725,171
1,[],22,[],2019-05-22 14:54:17,261387.25,0.00000004,0.000000000003141368,7668749,2019-05-22 14:54:17,BTC,24.39906955,0.0,0.00000004,"BTC,LTC",1033202.9936183414,0.00229905,0.00623453,173
1,[],5,[],2019-05-22 14:54:21,0.0,0,0,7668750,2019-05-22 14:54:21,btc,0.0,0.0242549,0,btc,0.0,0.0,0.0,175
1,[],22,[],2019-05-22 14:54:24,90671.0,0.00000001,0.000000000000785342,7668751,2019-05-22 14:54:24,BTC,394.35459412,0.0,0.00000001,BTC,136275.61833431243,0.0,0.00090671,176
1,[],7,[],2019-05-22 14:54:25,0.0,0,0,7668752,2019-05-22 14:54:25,btc,521274.279008582,0.0,0,btc,28590998.99767695,0.0,0.0,178
0,[],22,[],2019-05-22 14:54:27,0.0,0,0,7668753,2019-05-22 14:54:27,,1.00242428,0.0,0,,57512.0,0.0,0.0,178
0,[],2,[],2019-01-20 23:28:34,0.0,0,0,6477001,2019-01-20 23:28:34,,0.0,0.0,0,,0.0,0.0,0.0,178
1,[],5,[],2019-05-22 14:54:29,0.0,0,0,7668754,2019-05-22 14:54:29,btc,0.0,0.02448776,0,btc,0.0,0.0,0.0,179
0,[],22,[],2019-05-22 14:54:31,0.0,0,0,7668755,2019-05-22 14:54:31,,5.31166582,0.0,0,,13426632.811946675,0.0,0.0,179
0,[],23,[],2019-01-20 23:25:08,0.0,0,0,6476952,2019-01-20 23:25:08,,0.0,0.0,0,,0.0,0.0,0.0,179
1,[],22,[],2019-05-22 14:56:36,661177.7982683983,0.00000130,0.00000000010209446000000001,7668756,2019-05-22 14:56:36,BTC,39.24203235,0.0,0.00000130,"BTC,LTC",116095.50155393437,0.10967583,0.56117341,180
1,[],26,[],2019-05-22 14:56:36,0.0,0.00000250,0.0000000001963355,7668757,2019-05-22 14:56:36,btc,0.0,100.0,0.00000250,btc,0.0,0.0,0.0,180
1,[],17,[],2019-05-03 01:13:56,20504.725000000002,0.0000001,0.00000000000548003,7559141,2019-05-03 01:13:56,btc,5.2010695838400265,0.0,0.0000001,btc,5033.45945,0.0,0.0011504725,180
,[],7,[],2018-11-20 22:58:01,562227.975654,0.00000085,0.000000000036176765,4862015,2018-11-20 22:58:01,btc,21836.6059674,2491.87645172,,btc,749999.041456,0.00211021,0.127565380455,183
1,[],24,[],2019-05-22 14:56:36,0.0,0.000000000014,0.0000000000000010994788,7668758,2019-05-22 14:56:36,btc,0.0,0.0,0.000000000014,btc,0.0,0.0,0.0,187
,[],5,[],2019-01-10 08:11:41,0.0,0,0,6347036,2019-01-10 08:11:41,btc,82.15055501,0.00261,,btc,1.19002445,0.0,0.0,187
,[],17,[],2018-11-16 20:58:10,4062536.27273,0.00000001,0.000000000000550501,4708775,2018-11-16 20:58:10,btc,3.36492563466,0.195460381006,,"btc,eth",110697919.549,0.0,0.0157628953496,187
0,[],22,[],2019-04-25 02:54:07,0.0,0,0,7447896,2019-04-25 02:54:07,,7.54794454,0.0,0,,76361.7243344055,0.0,0.0,191
0,[],22,[],2019-05-22 14:56:40,0.0,0,0,7668759,2019-05-22 14:56:40,,0.0,0.0,0,,0.0,0.0,0.0,197
0,[],23,[],2019-01-20 23:31:41,0.0,0,0,6477079,2019-01-20 23:31:41,,0.0,0.0,0,,0.0,0.0,0.0,199
0,[],22,[],2019-05-22 14:56:43,0.0,0,0,7668760,2019-05-22 14:56:43,,10.16019194,0.0,0,,81003964.0,0.0,0.0,199
1,[],26,[],2019-05-22 14:56:43,0.0,0.00000000,0,7668761,2019-05-22 14:56:43,btc,0.0,0.0,0.00000000,btc,0.0,0.0,0.0,199
0,[],2,[],2019-01-20 23:30:49,0.0,0,0,6477059,2019-01-20 23:30:49,,0.0,0.0,0,,0.0,0.0,0.0,201
1,[],4,[],2019-01-25 15:51:35,2084389.58565343,0.00000936,0.000000000333526752,6499557,2019-01-25 15:51:35,btc,2.0092503037378524,0.0,0.00000936,btc,160195.80207885,0.19272417,1.242687955921835,211
1,[],7,[],2019-05-22 14:56:47,26828084.41351461,0.00000054,0.000000000042408468,7668762,2019-05-22 14:56:47,btc,15200507.781398177,489228.106013,0.00000054,btc,9911500.14076981,0.0,1.8478791880838512,212
1,[],5,[],2019-05-22 14:56:48,0.0,0,0,7668763,2019-05-22 14:56:48,btc,0.0,0.0494218,0,btc,0.0,0.0,0.0,213
1,[],24,[],2019-05-22 14:56:48,0.0,0.000000090000,0.000000000007068078,7668764,2019-05-22 14:56:48,btc,0.0,0.0,0.000000090000,btc,0.0,0.0,0.0,213
1,[],26,[],2019-05-22 14:56:48,0.0,0.00000040,0.00000000003141368,7668765,2019-05-22 14:56:48,btc,0.0,0.0,0.00000040,btc,0.0,0.0,0.0,213
1,[],12,[],2019-01-25 02:44:32,207462.42853209,0.000001080000000000000035831255497387193287295303889550268650054931640625,0.000000000038610756000000006,6493050,2019-01-25 02:44:32,btc,85023.03793723314,0.0,0.000001080000000000000035831255497387193287295303889550268650054931640625,btc,43675.73520027,0.000146250909087,0.0348620860622024,213
0,[],22,[],2019-05-22 14:56:51,0.0,0,0,7668766,2019-05-22 14:56:51,,9.61085386,0.0,0,,3301587.094064925,0.0,0.0,216
0,[],27,[],2019-05-22 14:57:00,0.0,0,0,7668767,2019-05-22 14:57:00,,65.6873420452982,0.0,0,"btc,ltc",349032.53808,0.0,0.0,216
1,[],22,[],2019-05-22 14:57:04,186833.0,0.00000015,0.000000000011780130000000001,7668768,2019-05-22 14:57:04,BTC,12054.75045485,0.0,0.00000015,BTC,393904.9742368379,0.01165862,0.01292084,217
1,[],7,[],2019-05-22 14:57:05,0.0,0,0,7668769,2019-05-22 14:57:05,btc,123413.63442892603,0.0,0,btc,137661150.47307515,0.0,0.0,219
0,[],27,[],2019-05-22 14:57:14,0.0,0,0,7668770,2019-05-22 14:57:14,,0.105466823472,0.0,0,btc,3058319.8967,0.0,0.0,219
0,[],28,[],2019-05-22 14:58:03,0.0,0,0,7668771,2019-05-22 14:58:03,,0.0,13939.0,0,,0.0,0.0,0.0,219
1,[],22,[],2019-05-22 14:58:07,172069.0,0.00000004,0.000000000003141368,7668772,2019-05-22 14:58:07,BTC,56.76466137,0.0,0.00000004,BTC,127061.6482738741,0.0,0.00393676,221
1,[],24,[],2019-05-22 14:58:07,0.0,0.000000010000,0.000000000000785342,7668773,2019-05-22 14:58:07,btc,0.0,0.0,0.000000010000,btc,0.0,0.0,0.0,221
1,[],20,[],2019-05-22 14:58:10,18151240.8146,0.000000003,0.0000000000002356026,7668774,2019-05-22 14:58:10,btc,100050.30560707838,538918.0483,0.000000003,btc,41383371.0333,0.0016167541449,0.0205685052714,224
0,[],22,[],2019-05-22 14:58:12,0.0,0,0,7668775,2019-05-22 14:58:12,,0.0,0.0,0,,0.0,0.0,0.0,224
1,[],26,[],2019-05-22 14:58:13,0.0,0.00000026,0.000000000020418892,7668776,2019-05-22 14:58:13,btc,0.0,0.0,0.00000026,btc,0.0,0.0,0.0,231
1,[],26,[],2019-05-22 14:58:13,0.0,0.00000006,0.000000000004712052,7668777,2019-05-22 14:58:13,btc,0.0,200.0,0.00000006,btc,0.0,0.0,0.0,234
0,[],27,[],2019-05-22 14:58:26,0.0,0,0,7668778,2019-05-22 14:58:26,,0.01134836604,0.0,0,"btc,eth",11462.996,0.0,0.0,234
1,[],4,[],2019-05-22 14:58:27,91780.56053785,0.00000078,0.000000000061256676,7668779,2019-05-22 14:58:27,btc,5.573372450018177,0.0,0.00000078,btc,729173.93529783,0.0,0.0307060663355679,236
1,[],24,[],2019-05-22 14:58:27,0.0,0.000000010000,0.000000000000785342,7668780,2019-05-22 14:58:27,btc,0.0,0.0,0.000000010000,btc,0.0,0.0,0.0,236
1,[],5,[],2019-05-22 14:58:29,0.0,0,0,7668781,2019-05-22 14:58:29,btc,0.0,0.06423368,0,btc,0.0,0.0,0.0,237
1,[],20,[],2019-05-22 14:58:31,121245634.3066,0.000000048,0.0000000000037696416,7668782,2019-05-22 14:58:31,btc,58793.136345471496,17332643.5496,0.000000048,btc,41873308.1377,0.8331280034759,0.5236183186107,237
1,[],22,[],2019-05-22 14:58:34,318000.0,0.00000003,0.000000000002356026,7668783,2019-05-22 14:58:34,BTC,1.20267422,0.0,0.00000003,BTC,17930.94871794872,0.0,0.00934,237
1,[],4,[],2019-05-22 14:58:36,27571042.79293528,0.00000012,0.000000000009424104,7668784,2019-05-22 14:58:36,btc,2.945626868878035,0.0,0.00000012,btc,9731486.62339619,0.02820706,0.6111253573871523,238
1,[],5,[],2019-05-22 14:58:37,0.0,0,0,7668785,2019-05-22 14:58:37,btc,0.0,0.00983818,0,btc,0.0,0.0,0.0,238
0,[],22,[],2019-03-12 16:49:32,0.0,0,0,6914458,2019-03-12 16:49:32,,0.40415746,0.0,0,,526736.5639027493,0.0,0.0,249
0,[],22,[],2019-05-22 14:58:41,0.0,0,0,7668786,2019-05-22 14:58:41,,13.40451957,0.0,0,,41944503.3426455,0.0,0.0,252
0,[],28,[],2019-05-22 14:59:33,0.0,0,0,7668787,2019-05-22 14:59:33,,0.0,193418.2,0,,0.0,0.0,0.0,256
1,[],22,[],2019-05-22 14:59:36,1052986.0,0.00000001,0.000000000000785342,7668788,2019-05-22 14:59:36,BTC,21.85868945,0.0,0.00000001,BTC,533933.7509808998,0.00051706,0.01052986,258
1,[],22,[],2019-05-19 18:12:02,400.0,0.00000001,0.0000000000007957800000000001,7653905,2019-05-19 18:12:02,BTC,2.415167,0.0,0.00000001,BTC,157.0,0.0,4e-06,259
1,[],5,[],2019-05-22 14:59:38,0.0,0,0,7668789,2019-05-22 14:59:38,btc,0.0,0.08129569,0,btc,0.0,0.0,0.0,264
1,[],20,[],2019-05-22 14:59:40,906057.4831,0.000000451,0.0000000000354189242,7668790,2019-05-22 14:59:40,btc,1.0291690316894,36634.6264,0.000000451,btc,121732.2236,0.027312249134,0.0085742263111,264
0,[],22,[],2019-04-12 17:57:27,0.0,0,0,7278186,2019-04-12 17:57:27,,66.37522201,0.0,0,,677842.4169881374,0.0,0.0,271
0,[],22,[],2019-05-22 14:59:42,0.0,0,0,7668791,2019-05-22 14:59:42,,33050467.4724609,0.0,0,,14361462970.7,0.0,0.0,272
0,[],28,[],2019-05-22 15:00:19,0.0,0,0,7668792,2019-05-22 15:00:19,,0.0,30629493418.787,0,,0.0,0.0,0.0,272
1,[],22,[],2019-05-22 15:00:22,219930.0,0.00000004,0.000000000003141368,7668793,2019-05-22 15:00:22,BTC,426.77835217,0.0,0.00000004,BTC,248664.3325962929,0.0,0.00739728,281
1,[],22,[],2019-05-22 15:00:26,1102061.1,0.00000003,0.000000000002356026,7668794,2019-05-22 15:00:26,BTC,2.64774386,0.0,0.00000003,"BTC,LTC",814396.03032866,0.00096762,0.03682324,286
0,[],22,[],2019-05-22 15:00:29,0.0,0,0,7668795,2019-05-22 15:00:29,,7337890.5475411,0.0,0,,1584356788.7797825,0.0,0.0,294
