pairValue,buyBook,exchangeId,sellBook,updated,buyTotal,satoshiPrice,usdPrice,exchangeLogId,created,bestPair,sellTotalBtc,volume,pairPrice,activePairs,sellTotal,volumeBtc,buyTotalBtc,coinId
1,[],3,[],2019-01-28 11:27:46,102.201647799678,0.0126968099999999993465760184108148678205907344818115234375,0.00000043606813040699997,6519430,2019-01-28 11:27:46,btc,106.9585583803907,0.100024595156,0.0126968099999999993465760184108148678205907344818115234375,btc,13.253032356733002,0.0,0.155139181902358,1
1,[],4,[],2019-01-28 11:28:51,25056.15007313,0.01280001,0.00000043961250344699996,6519431,2019-01-28 11:28:51,btc,1.0783103610647444,0.0,0.01280001,btc,77.5936575,1.31129489,0.9763185091689914,1
1,[],5,[],2019-01-28 11:28:53,0.23666235,0.01252178,0.000000430056777566,6519432,2019-01-28 11:28:53,btc,14578.45274853,0.02697195,0.01252178,btc,35555556.30433222,0.0,1.42849359,1
1,[],10,[],2019-01-28 11:28:58,271416.17297189,0.0121617,0.00000041768993798999995,6519433,2019-01-28 11:28:58,btc,6536.135468873461,1902.71543839,0.0121617,btc,880.52844062,0.0,3.7094204799661945,1
1,[],12,[],2019-01-28 11:29:17,10413.89976555,0.0116600000000000002253752739989067777059972286224365234375,0.000000400459202,6519434,2019-01-28 11:29:17,btc,0.4372749121551,0.0,0.0116600000000000002253752739989067777059972286224365234375,btc,28.50127543,0.0222433010134,0.0754421531006,1
1,[],20,[],2019-01-28 11:29:41,1352.3227,0.010500011,0.00000036061972779169996,6519435,2019-01-28 11:29:41,btc,0.0564711704203,0.0,0.010500011,btc,2.4781,0.0,0.106542689834,1
1,[],21,[],2019-01-28 11:29:42,2744.4498104,0.01278956000000000016447732065,0.00000043925360133199997,6519436,2019-01-28 11:29:42,btc,30.360892466744342,2439.02840166,0.01278956000000000016447732065216769115068018436431884765625,"btc,eth",2659.30507961,25.978228991959583,27.312266354027418,1
1,[],22,[],2019-01-28 11:30:34,0.0363776,0.01400000,0.0000004808258,6519437,2019-01-28 11:30:34,BTC,0.31387019,0.0,0.01400000,BTC,0.09333966666666667,0.0,0.00048472,1
1,[],24,[],2019-01-28 11:30:34,0.0,0.000000000000,0,6519438,2019-01-28 11:30:34,btc,0.0,0.0,0.000000000000,btc,0.0,0.0,0.0,1
0.0,[],25,[],2019-01-28 11:30:38,0.0,0,0,6519439,2019-01-28 11:30:38,btc,14.04159999810672,453.96386578,0.0,btc,1049.38965794,5.7617,0.0,1
1,[],26,[],2019-01-28 11:30:58,0.0,0,0,6519440,2019-01-28 11:30:58,,0.0,0.0,0,,0.0,0.0,0.0,1
1,[],28,[],2019-01-28 11:31:56,987.9,0.01131000,0.000000388438557,6519441,2019-01-28 11:31:56,btc,0.162839806,17613.25,0.01131000,btc,8.9,0.0,0.024551096,1
0,[],2,[],2019-01-20 23:28:45,0.0,0,0,6477011,2019-01-20 23:28:45,,0.0,0.0,0,,0.0,0.0,0.0,1
1,[],5,[],2019-01-28 11:31:57,1.821e-05,0.00000071,0.000000000024384737,6519442,2019-01-28 11:31:57,btc,0.13853474,0.09885554,0.00000071,btc,7.898e-05,0.0,0.48285173,2
1,[],22,[],2019-01-28 11:32:07,1754.625335862178,0.0000004,0.00000000001373788,6519443,2019-01-28 11:32:07,BTC,0.0231601,0.0,0.0000004,"BTC,XMR",14562.72385,0.0,0.00111682,2
1,[],5,[],2019-01-28 11:32:09,1.25e-06,0.00000016,0.000000000005495152,6519444,2019-01-28 11:32:09,btc,3.91503493,0.00894638,0.00000016,btc,2.204e-05,0.0,1.97360756,3
1,[],12,[],2019-01-28 11:32:12,12494804.62246625,0.000000166,0.0000000000057012202,6519445,2019-01-28 11:32:12,btc,921359.5834351253,0.0,0.000000166,btc,8097609.50096609,0.04650513315982768,0.546082919583725,3
0,[],28,[],2019-01-28 11:32:21,0.0,0,0,6519446,2019-01-28 11:32:21,,0.0,0.0,0,,0.0,0.0,0.0,3
0,[],2,[],2019-01-20 23:31:32,0.0,0,0,6477077,2019-01-20 23:31:32,,0.0,0.0,0,,0.0,0.0,0.0,4
1,[],4,[],2019-01-28 11:32:21,332109.55053665,0.00000039,0.000000000013394433,6519447,2019-01-28 11:32:21,btc,0.4551714252517986,0.0,0.00000039,btc,326241.7589191,0.00939442,0.0464500318486856,4
1,[],12,[],2019-01-25 15:53:49,1222127.5219999999,0.00000003,0.000000000001069017,6499609,2019-01-25 15:53:49,btc,11013867.817925906,0.0,0.00000003,btc,969763.77092902,0.0,0.01617509044,5
0,[],2,[],2019-01-20 23:31:51,0.0,0,0,6477087,2019-01-20 23:31:51,,0.0,0.0,0,,0.0,0.0,0.0,6
1,[],11,[],2019-01-28 11:32:55,3384831.0,0.00000001,0.000000000000343447,6519448,2019-01-28 11:32:55,btc,9432.526420854567,560000.0,0.00000001,btc,41728576.72229939,0.0,0.03384831,6
1,[],3,[],2019-01-28 11:32:55,1056.379415503993,0.00015054000000000000540623101841219977359287440776824951171875,0.000000005170251138,6519449,2019-01-28 11:32:55,btc,30.108593419388622,0.0,0.00015054000000000000540623101841219977359287440776824951171875,btc,231.077492617847,0.0,0.028994113718921508,7
1,[],4,[],2019-01-28 11:32:56,17965.31589559,0.00015202,0.0000000052210812939999994,6519450,2019-01-28 11:32:56,btc,1.551241104664704,0.0,0.00015202,btc,9297.58678859,4.58085644,2.5204816242228363,7
1,[],5,[],2019-01-28 11:32:58,0.00456053,0.00015105,0.0000000051877669349999994,6519451,2019-01-28 11:32:58,btc,1.50438994,0.53314551,0.00015105,btc,0.0107532,0.0,1.31737626,7
1,[],20,[],2019-01-28 11:33:00,62771509.8802,0.000000001,0.0000000000000343447,6519452,2019-01-28 11:33:00,btc,121.193338259396,0.0,0.000000001,btc,26031125.3262,0.0,0.0627715098802,8
0,[],2,[],2019-01-20 23:22:42,0.0,0,0,6476876,2019-01-20 23:22:42,,0.0,0.0,0,,0.0,0.0,0.0,9
0,[],23,[],2019-01-20 23:22:48,0.0,0,0,6476878,2019-01-20 23:22:48,,0.0,0.0,0,,0.0,0.0,0.0,9
1,[],1,[],2019-01-28 11:33:01,1430729.02,0.000001879999999999999999629744958096200235786454868502914905548095703125,0.000000000064568036,6519453,2019-01-28 11:33:01,btc,3.4550136773,16295087.32,0.000001879999999999999999629744958096200235786454868502914905548095703125,btc,1803353.36,31.09789855,2.6540618409000003,9
1,[],4,[],2019-01-28 11:33:16,295438.53772906,0.00000187,0.00000000006422458899999999,6519454,2019-01-28 11:33:16,btc,0.941524696495905,0.0,0.00000187,btc,474069.55626347,1.36963451,0.4454442107366319,9
1,[],28,[],2019-01-28 11:33:28,34500.0,0.00000165,0.000000000056668754999999995,6519455,2019-01-28 11:33:28,btc,2708.75020572,3677237.0,0.00000165,btc,7862.68,0.0,0.02854,9
1,[],4,[],2019-01-28 11:33:30,7132736.79326053,0.00000002,0.000000000000686894,6519456,2019-01-28 11:33:30,btc,0.2106616203857639,0.0,0.00000002,btc,4256220.48091358,0.00078653,0.0744841401652106,10
0,[],2,[],2019-01-20 23:23:08,0.0,0,0,6476890,2019-01-20 23:23:08,,0.0,0.0,0,,0.0,0.0,0.0,12
1,[],4,[],2019-01-28 11:33:32,2275841.68254685,0.00000140,0.00000000004808258,6519457,2019-01-28 11:33:32,btc,0.9108300241475753,0.0,0.00000140,btc,610057.34221722,2.41915012,2.083385087727118,12
1,[],5,[],2019-01-28 11:33:34,1.654e-05,0.00000139,0.000000000047739133,6519458,2019-01-28 11:33:34,btc,0.21859054,0.87602779,0.00000139,btc,0.00011153,0.0,0.05225572,12
0.0,[],25,[],2019-01-28 11:33:35,0.0,0,0,6519459,2019-01-28 11:33:35,,0.0,0.0,0.0,btc,0.0,0.0,0.0,12
1,[],4,[],2019-01-28 11:33:36,302493.93966774,0.00000685,0.00000000023526119499999997,6519460,2019-01-28 11:33:36,btc,0.3221174018616755,0.0,0.00000685,btc,44222.73632836,0.63651248,1.3634163224571685,13
1,[],10,[],2019-01-28 11:33:41,569458.25878188,0.0000069,0.00000000023697843,6519461,2019-01-28 11:33:41,btc,666807.8955568052,4936.45680241,0.0000069,btc,837902.77641081,0.0,0.8057843279523506,13
1,[],21,[],2019-01-28 11:33:45,1823349.04878696,0.000006989999999999999990738745043,0.000000000240069453,6519462,2019-01-28 11:33:45,btc,5.893634451210089,722131.37274203,0.0000069899999999999999907387450426288211247083381749689579010009765625,btc,762688.94134827,5.1778924,11.270505228169066,13
1,[],4,[],2019-01-28 11:33:46,802225.66676234,0.00000172,0.000000000059072884,6519463,2019-01-28 11:33:46,btc,0.1014466428931346,0.0,0.00000172,btc,43807.59701943,0.007123,0.1306520590415459,14
1,[],12,[],2019-01-28 11:34:52,91892.05068872,0.000001769999999999999994019540816569957542014890350401401519775390625,0.000000000060790119,6519464,2019-01-28 11:34:52,btc,1.786678400515061,0.0,0.000001769999999999999994019540816569957542014890350401401519775390625,btc,37980.62520423,0.0012320587095088,0.0201334377743244,14
0,[],17,[],2019-01-28 11:34:53,0.0,0,0,6519465,2019-01-28 11:34:53,btc,0.0,0.0,0,btc,0.0,0.0,0.0,14
1,[],26,[],2019-01-28 11:34:53,0.0,0.00000020,0.00000000000686894,6519466,2019-01-28 11:34:53,btc,0.0,0.0,0.00000020,btc,0.0,0.0,0.0,14
0,[],4,[],2019-01-28 11:34:57,0.0,0,0,6519467,2019-01-28 11:34:57,,0.0,0.0,0,,0.0,0.0,0.0,15
,[],12,[],2018-12-01 15:15:48,204241.84496,0.00000489,0.000000000202473384,5260204,2018-12-01 15:15:48,btc,49.5475654835,0.0,,btc,35763.2193806,0.0163153972027625,0.0203389899998,15
0,[],2,[],2019-01-20 23:23:38,0.0,0,0,6476906,2019-01-20 23:23:38,,0.0,0.0,0,,0.0,0.0,0.0,18
1,[],4,[],2019-01-28 11:34:59,25145.04404909,0.00001820,0.0000000006250735399999999,6519468,2019-01-28 11:34:59,btc,1.2180858271612678,0.0,0.00001820,btc,6904.76927613,0.01961589,0.0840417321547492,18
1,[],10,[],2019-01-28 11:35:01,391057.64869823,0.00001742,0.0000000005982846739999999,6519469,2019-01-28 11:35:01,btc,15.540408051182347,8371.28223773,0.00001742,btc,10742.09925035,0.0,0.2036055521496321,18
1,[],12,[],2019-01-28 11:35:02,201422.28023057,0.00001756999999999999949079794447914792954179574735462665557861328125,0.000000000603436379,6519470,2019-01-28 11:35:02,btc,0.1942511785929252,0.0,0.00001756999999999999949079794447914792954179574735462665557861328125,btc,1945.80643477,0.001198512,0.028813262692663,18
0,[],17,[],2019-01-28 11:35:04,0.0,0,0,6519471,2019-01-28 11:35:04,btc,0.0,0.0,0,btc,0.0,0.0,0.0,18
0,[],2,[],2019-01-20 23:24:19,0.0,0,0,6476924,2019-01-20 23:24:19,,0.0,0.0,0,,0.0,0.0,0.0,19
1,[],3,[],2019-01-28 11:35:36,108859.27210810459,0.0000380999999999999977465074685323287440041895024478435516357421875,0.0000000013085330699999999,6519472,2019-01-28 11:35:36,btc,1.1939171811847706,0.0,0.0000380999999999999977465074685323287440041895024478435516357421875,btc,8295.084546752028,0.0,0.10478342793169822,19
1,[],4,[],2019-01-28 11:35:37,73232.40965433,0.00003750,0.00000000128792625,6519473,2019-01-28 11:35:37,btc,0.6572543735360428,0.0,0.00003750,btc,15347.04229325,0.8799123,1.6688925584912908,19
1,[],5,[],2019-01-28 11:35:38,0.00032937,0.00003500,0.0000000012020644999999999,6519474,2019-01-28 11:35:38,btc,0.30865406,0.0,0.00003500,btc,0.00346399,0.0,0.19126716,19
1,[],12,[],2019-01-28 11:35:40,133622.0,0.0000425099999999999978751719087455285261967219412326812744140625,0.0000000014599931969999998,6519475,2019-01-28 11:35:40,btc,1.9918085001694341,0.0,0.0000425099999999999978751719087455285261967219412326812744140625,btc,416.49251023,0.0,0.03245102,19
0,[],27,[],2019-01-28 11:35:41,0.0,0,0,6519476,2019-01-28 11:35:41,,0.0,0.0,0,btc,0.0,0.0,0.0,19
1,[],4,[],2019-01-28 11:35:42,9448048.34664562,0.00000015,0.000000000005151705,6519477,2019-01-28 11:35:42,btc,0.8111204117420863,0.0,0.00000015,btc,1583112.29307681,0.0,0.3958519084068923,20
1,[],4,[],2019-01-28 11:35:43,125733516.02123025,0.00000002,0.000000000000686894,6519478,2019-01-28 11:35:43,btc,0.7065757748033513,0.0,0.00000002,btc,17783160.96781209,0.000234,1.5244499046344453,21
1,[],12,[],2019-01-28 11:35:47,19517252.0,0.00000002,0.000000000000686894,6519479,2019-01-28 11:35:47,btc,668.0286331993019,0.0,0.00000002,btc,8017471.52248023,1.36063936068e-05,0.26328156,21
0,[],17,[],2019-01-28 11:35:48,0.0,0,0,6519480,2019-01-28 11:35:48,btc,0.0,0.0,0,btc,0.0,0.0,0.0,21
1,[],12,[],2019-01-28 11:36:08,4528063529.531896,0.0000000001,0.00000000000000343447,6519481,2019-01-28 11:36:08,btc,1721703601732.131,0.0,0.0000000001,btc,6737637383.912319,0.001061306542757242,0.4528063529531896,23
0,[],27,[],2019-01-28 11:36:26,0.0,0,0,6519482,2019-01-28 11:36:26,,0.424699,0.0,0,eth,424699.0,0.0,0.0,23
1,[],4,[],2019-01-28 11:36:26,985310.40481658,0.00000087,0.000000000029879889,6519483,2019-01-28 11:36:26,btc,0.0996642709856029,0.0,0.00000087,btc,80713.52962083,0.01612156,0.4255635577526916,24
1,[],22,[],2019-01-28 11:37:05,11.76,0.00000100,0.0000000000343447,6519484,2019-01-28 11:37:05,BTC,7.415e-05,0.0,0.00000100,BTC,23.919354838709676,0.0,1.176e-05,24
0.0,[],25,[],2019-01-28 11:37:06,0.0,0,0,6519485,2019-01-28 11:37:06,,0.0,0.0,0.0,btc,0.0,0.0,0.0,24
0,[],2,[],2019-01-20 23:25:56,0.0,0,0,6476976,2019-01-20 23:25:56,,0.0,0.0,0,,0.0,0.0,0.0,26
1,[],4,[],2019-01-28 11:37:06,28198773.15870624,0.00000673,0.000000000231139831,6519486,2019-01-28 11:37:06,btc,0.5057568825631354,0.0,0.00000673,btc,43791.32993719,0.12853836,0.4219284257095034,26
1,[],10,[],2019-01-28 11:37:09,727792.50756397,0.00000639,0.00000000021946263299999997,6519487,2019-01-28 11:37:09,btc,27.9736387705963,1604.0972727,0.00000639,btc,12391.32283729,0.0,0.2006285351757216,26
1,[],3,[],2019-01-28 11:37:13,6731516.03885143,0.00000001,0.000000000000343447,6519488,2019-01-28 11:37:13,btc,2.97956748808308,346018.9753,0.00000001,btc,17962798.28761028,0.0,0.0673151603885143,27
1,[],5,[],2019-01-28 11:37:22,1e-08,0.00000001,0.000000000000343447,6519489,2019-01-28 11:37:22,btc,2.61945868,0.00330055,0.00000001,btc,4.436e-05,0.0,0.04470089,27
1,[],11,[],2019-01-28 11:37:24,10597882.41182718,0.00000005,0.0000000000017172349999999998,6519490,2019-01-28 11:37:24,btc,370.53275036350783,1000.0,0.00000005,btc,8220964.80991447,0.0,0.4932896594767663,27
1,[],4,[],2019-01-28 11:37:27,276653944.20394206,0.00000003,0.000000000001030341,6519491,2019-01-28 11:37:27,btc,4.093962527616979,0.0,0.00000003,"btc,ltc",155053754.10256922,0.14312487,2.080067134316766,29
1,[],7,[],2019-01-28 11:37:28,39613069.17665443,0.00000003,0.0000000000010303409999999998,6519492,2019-01-28 11:37:28,btc,44465202.61687834,4957.33756242,0.00000003,btc,39443961.19679167,0.00014872,0.7215050183702149,29
1,[],4,[],2019-01-28 11:37:29,1532802.30110851,0.00000033,0.000000000011333751,6519493,2019-01-28 11:37:29,btc,0.2638949618590915,0.0,0.00000033,btc,470758.92356401,0.03103364,0.0790043963469594,30
0,[],17,[],2019-01-28 11:37:31,0.0,0,0,6519494,2019-01-28 11:37:31,btc,0.0,0.0,0,btc,0.0,0.0,0.0,30
1,[],4,[],2019-01-28 11:37:33,87463.46688891,0.00008706,0.0000000029900495819999997,6519495,2019-01-28 11:37:33,btc,1.179259330546622,0.0,0.00008706,btc,12211.64373622,1.79090265,3.100032898307524,31
1,[],21,[],2019-01-28 11:37:34,54855.74771906,0.00008682999999999999366732256201,0.0000000029821503009999995,6519496,2019-01-28 11:37:34,btc,6.1209067161018,370569.47077946,0.000086829999999999993667322562007626629565493203699588775634765625,btc,63892.426614,33.22141012,4.5616662303424675,31
0,[],2,[],2019-01-20 23:28:43,0.0,0,0,6477009,2019-01-20 23:28:43,,0.0,0.0,0,,0.0,0.0,0.0,32
1,[],4,[],2019-01-28 11:37:35,141822276.17182606,0.00000006,0.000000000002060682,6519497,2019-01-28 11:37:35,btc,3.587505078993079,0.0,0.00000006,"btc,ltc",56212093.34595056,2.25815612,2.252356999503809,33
1,[],12,[],2019-01-28 11:37:38,22764818.0,0.00000006,0.0000000000020606819999999996,6519498,2019-01-28 11:37:38,btc,17261783.093842957,0.0,0.00000006,btc,88081204.16283703,0.03065529524476,0.91048529,33
1,[],4,[],2019-01-28 11:37:39,106335469.85299456,0.00000002,0.000000000000686894,6519499,2019-01-28 11:37:39,btc,0.7679712165527308,0.0,0.00000002,btc,25596365.70477675,2.34172474,1.0953251461516453,34
1,[],5,[],2019-01-28 11:37:41,1e-08,0.00000001,0.000000000000343447,6519500,2019-01-28 11:37:41,btc,3.35424489,0.07349212,0.00000001,btc,1.343e-05,0.0,0.76665561,34
0.00000000008922700000000001,[],4,[],2019-01-28 11:37:42,1701908751.9604266,3.56908e-18,1.22578981876e-22,6519501,2019-01-28 11:37:42,ltc,6.323245471519811e-09,0.0,0.00000004,ltc,1286217014.0513492,0.0,2.6570938110192703e-09,36
1,[],5,[],2019-01-28 11:37:43,0.0,0,0,6519502,2019-01-28 11:37:43,btc,202.42915667,0.0,0,btc,1.295e-05,0.0,0.0,36
0,[],17,[],2019-01-28 11:37:44,0.0,0,0,6519503,2019-01-28 11:37:44,btc,0.14892131546846832,0.0,0,btc,12533924.99083647,0.0,0.0,36
0.00000000008922700000000001,[],27,[],2019-01-28 11:37:46,1000000.0,8.9227e-19,3.0644745469e-23,6519504,2019-01-28 11:37:46,ltc,448.59281329,0.0,0.00000001,"ltc,eth",3710972.58,0.0,8.922700000000001e-13,36
1,[],4,[],2019-01-28 11:37:47,414491.3887993,0.00000142,0.000000000048769474,6519505,2019-01-28 11:37:47,btc,0.4777760368322208,0.0,0.00000142,btc,258409.23012204,0.00229454,0.3645058093149432,37
1,[],12,[],2019-01-28 11:37:48,385191.52271755,0.00000141999999999999995691814247411599581027985550463199615478515625,0.000000000048769474,6519506,2019-01-28 11:37:48,btc,1335.9541826181592,0.0,0.00000141999999999999995691814247411599581027985550463199615478515625,btc,796444.63389964,0.1940937326771578,0.2502650543199905,37
1,[],17,[],2019-01-28 11:39:48,1752.74075282,0.00000025,0.000000000008586175,6519507,2019-01-28 11:39:48,btc,0.05548731377709,0.0,0.00000025,btc,1320.79251806,0.0,0.00043818518820499993,37
1,[],27,[],2019-01-28 11:39:50,3640.0609574,0.00569910,0.00000019573387977,6519508,2019-01-28 11:39:50,btc,22.37095737308125,0.0,0.00569910,btc,2948.884381,0.0,0.000368193331273,37
1,[],5,[],2019-01-28 11:39:51,1.173e-05,0.00000094,0.000000000032284018,6519509,2019-01-28 11:39:51,btc,0.10590036,0.12760413,0.00000094,btc,0.00012096,0.0,0.05458596,42
1,[],12,[],2019-01-28 11:39:52,126454.51822152,0.000001239999999999999986239306026813977723577409051358699798583984375,0.000000000042587428,6519510,2019-01-28 11:39:52,btc,239.38534789133035,0.0,0.000001239999999999999986239306026813977723577409051358699798583984375,btc,125017.1479226,0.0574494385662872,0.0372948209663891,42
0,[],27,[],2019-01-28 11:39:54,0.0,0,0,6519511,2019-01-28 11:39:54,,0.00315028,0.0,0,"btc,eth",11.007,0.0,0.0,42
1,[],5,[],2019-01-28 11:39:55,3e-08,0.00000002,0.000000000000686894,6519512,2019-01-28 11:39:55,btc,6.16284439,0.00223252,0.00000002,btc,1.425e-05,0.0,0.52020855,43
1,[],12,[],2019-01-28 11:39:56,6478031.0,0.00000002,0.000000000000686894,6519513,2019-01-28 11:39:56,btc,20007433.359969333,0.0,0.00000002,btc,39909576.74765234,0.0084540300499501,0.06523528,43
0,[],17,[],2019-01-28 11:39:57,0.0,0,0,6519514,2019-01-28 11:39:57,btc,0.0,0.0,0,btc,0.0,0.0,0.0,43
1,[],12,[],2019-01-28 11:39:59,766453.0,0.00000006,0.0000000000020606819999999996,6519515,2019-01-28 11:39:59,btc,11114761.224492885,0.0,0.00000006,btc,980185.36620897,0.0016945583416576,0.02040965,44
1,[],4,[],2019-01-28 11:40:00,262748746.69787613,0.00000002,0.000000000000686894,6519516,2019-01-28 11:40:00,btc,0.20778211653700943,0.0,0.00000002,"btc,ltc",6705780.22757766,0.00765777,0.5565195634061132,49
0.00000000008922700000000001,[],4,[],2019-01-28 11:40:00,3830229258.998852,1.78454e-18,6.1289490938e-23,6519517,2019-01-28 11:40:00,ltc,4.994394634267603,0.0,0.00000002,ltc,2119784630.9696634,0.0,4.069332026871791e-09,52
0,[],22,[],2019-01-28 11:40:05,0.0,0,0,6519518,2019-01-28 11:40:05,,3693.94003704,0.0,0,,271515069.90882355,0.0,0.0,57
0,[],27,[],2019-01-28 11:40:07,0.0,0,0,6519519,2019-01-28 11:40:07,,0.0,0.0,0,"btc,eth",0.0,0.0,0.0,57
0.00000000008922700000000001,[],4,[],2019-01-28 11:40:08,1685864232.2319005,6.24589e-18,2.14513218283e-22,6519520,2019-01-28 11:40:08,ltc,3.336677014132732,0.0,0.00000007,ltc,1141464335.8524475,0.0,8.444523845299262e-09,58
1,[],12,[],2019-01-28 11:40:09,2541308520.282997,0.0000000006,0.000000000000020606819999999998,6519521,2019-01-28 11:40:09,btc,684074821911.2645,0.0,0.0000000006,btc,3179631596.044056,0.01084799203776224,1.033843993064563,58
0,[],17,[],2019-01-28 11:40:10,0.0,0,0,6519522,2019-01-28 11:40:10,btc,1e+24,0.0,0,btc,41616695.95832568,0.0,0.0,58
0.00000000012797930000000002,[],22,[],2019-01-28 11:40:14,137438.0,1.279793e-18,4.3954106647100004e-23,6519523,2019-01-28 11:40:14,XMR,69.8835922,0.0,0.00000001,XMR,9887963.0,0.0,0.00137438,58
1,[],5,[],2019-01-28 11:40:15,4.01e-06,0.00000049,0.000000000016828903,6519524,2019-01-28 11:40:15,btc,0.41863078,0.00187737,0.00000049,btc,9.717e-05,0.0,0.02704969,61
1,[],22,[],2019-01-28 11:40:19,5111.5,0.00000011,0.000000000003777917,6519525,2019-01-28 11:40:19,BTC,1002.29606732,0.0,0.00000011,BTC,15028.700278135757,0.0,0.00051178,61
1,[],26,[],2019-01-28 11:40:19,0.0,0.00000800,0.0000000002747576,6519526,2019-01-28 11:40:19,btc,0.0,0.0,0.00000800,btc,0.0,0.0,0.0,61
0,[],27,[],2019-01-28 11:40:21,0.0,0,0,6519527,2019-01-28 11:40:21,,0.0,0.0,0,"btc,eth",0.0,0.0,0.0,61
1,[],28,[],2019-01-28 11:40:39,1880.304,0.00000022,0.000000000007555834,6519528,2019-01-28 11:40:39,btc,2.064855818926106,674.0,0.00000022,btc,11618.08240005,0.0,0.00016391304,61
1,[],4,[],2019-01-28 11:41:11,1338002.05262698,0.00000181,0.000000000062163907,6519529,2019-01-28 11:41:11,btc,0.475389773910591,0.0,0.00000181,btc,165956.8690265,0.23506786,1.016259919335319,67
0.0,[],25,[],2019-01-28 11:41:12,0.0,0,0,6519530,2019-01-28 11:41:12,,0.0,0.0,0.0,btc,0.0,0.0,0.0,67
1,[],12,[],2019-01-28 10:39:34,2905035.01010101,0.00000011,0.000000000003779204,6519326,2019-01-28 10:39:34,btc,16893709.131980866,0.0,0.00000011,btc,2024580.07572423,0.0088596312494165,0.0804560288888887,71
,[],5,[],2018-11-20 23:02:39,1.5e-07,0.00000005,0.000000000002128045,4862160,2018-11-20 23:02:39,btc,2.84511358,0.0,,btc,0.00036572,0.0,0.07381892,74
1,[],5,[],2019-01-25 15:53:51,3.303e-05,0.00000156,0.000000000055588884,6499610,2019-01-25 15:53:51,btc,1.42844212,0.0,0.00000156,btc,0.00015937,0.0,0.49487621,75
1,[],4,[],2019-01-28 10:40:07,63138964.87177812,0.00000001,0.000000000000343564,6519327,2019-01-28 10:40:07,btc,0.8463411894557377,0.0,0.00000001,btc,15953649.6138779,0.02873102,0.6313896487177812,81
0,[],20,[],2019-01-25 09:30:31,0.0,0,0,6495923,2019-01-25 09:30:31,btc,0.0,0.0,0,btc,0.0,0.0,0.0,81
1,[],4,[],2019-01-28 10:40:17,23720.27338808,0.00007411,0.0000000025461528039999998,6519328,2019-01-28 10:40:17,btc,1.2279409790853422,0.0,0.00007411,btc,10910.94736928,0.01574323,0.0856506455978461,82
1,[],21,[],2019-01-28 10:40:29,85145.92735685,0.00008022000000000000104975056425,0.000000002756070408,6519329,2019-01-28 10:40:29,btc,4.458679510943908,7816.58196372,0.000080220000000000001049750564252605045112431980669498443603515625,btc,47411.27950502,0.63704281,4.5049988506039895,82
0,[],17,[],2019-01-28 07:40:20,0.0,0,0,6518675,2019-01-28 07:40:20,btc,0.0447233088476774,0.0,0,btc,999127.19588126,0.0,0.0,84
0.00000000008936120000000001,[],4,[],2019-01-28 10:40:48,116178285.02763973,1.4297792000000002e-17,4.912206610688e-22,6519330,2019-01-28 10:40:48,ltc,0.19754182515606505,0.0,0.00000016,ltc,78061693.95408225,0.0,1.1110190188531014e-09,85
,[],22,[],2018-11-20 23:09:34,3408.1,0.0000001,0.0000000000041895,4862324,2018-11-20 23:09:34,BTC,0.04624735,0.0,,BTC,4990.0,0.0,0.00033081,86
0,[],22,[],2019-01-28 10:40:59,0.0,0,0,6519331,2019-01-28 10:40:59,,2.07810912,0.0,0,,154826.94736842104,0.0,0.0,87
0,[],27,[],2019-01-28 10:41:32,0.0,0,0,6519332,2019-01-28 10:41:32,,0.0,0.0,0,btc,0.0,0.0,0.0,87
,[],2,[],2018-11-20 23:10:47,0.0,0,0,4862359,2018-11-20 23:10:47,,0.0,0.0,,,0.0,0.0,0.0,88
1,[],11,[],2019-01-28 10:41:34,105571.06613277,0.0001931400000000000108900388706700823604478500783443450927734375,0.000000006635595096,6519333,2019-01-28 10:41:34,btc,235.4533858965698,715.22027247,0.0001931400000000000108900388706700823604478500783443450927734375,btc,184708.79235722,0.0,8.462303364261645,89
0,[],2,[],2019-01-20 23:31:45,0.0,0,0,6477083,2019-01-20 23:31:45,,0.0,0.0,0,,0.0,0.0,0.0,91
1,[],12,[],2019-01-28 10:41:35,529436.85982075,0.000010000000000000000818030539140313095458623138256371021270751953125,0.00000000034356400000000003,6519334,2019-01-28 10:41:35,btc,2.858337119340706,0.0,0.000010000000000000000818030539140313095458623138256371021270751953125,btc,10636.84088174,0.3404041489665389,0.1649736234021067,91
0,[],17,[],2019-01-28 10:41:37,0.0,0,0,6519335,2019-01-28 10:41:37,btc,0.0,0.0,0,btc,0.0,0.0,0.0,91
0.00000000008936120000000001,[],22,[],2019-01-28 10:41:59,33781858.0,5.361672e-18,1.842077479008e-22,6519336,2019-01-28 10:41:59,LTC,8.48502769,0.0,0.00000006,LTC,73800930.38571429,0.0,1.31889787,95
0.00000000008936120000000001,[],4,[],2019-01-28 10:42:00,132491893.93660077,9.025481200000001e-17,3.1008304229968e-21,6519337,2019-01-28 10:42:00,ltc,1.3067113161214081,0.0,0.00000101,ltc,66077425.22453395,0.00980034,6.389985864457707e-10,96
1,[],12,[],2019-01-28 10:42:07,1204060.0,0.00000001,0.000000000000343564,6519338,2019-01-28 10:42:07,btc,255060.86358312686,0.0,0.00000001,btc,7847886.89441532,7.0040059944e-06,0.0120406,96
0,[],17,[],2019-01-28 10:42:09,0.0,0,0,6519339,2019-01-28 10:42:09,btc,0.0,0.0,0,btc,0.0,0.0,0.0,96
1,[],4,[],2019-01-28 01:29:03,1472892.19429314,0.00000039,0.000000000013841295,6517118,2019-01-28 01:29:03,btc,0.30363706505258,0.0,0.00000039,btc,473598.41813208,0.02260545,0.1322524391209234,99
1,[],4,[],2019-01-28 10:42:09,127572.74539466,0.00005001,0.000000001718163564,6519340,2019-01-28 10:42:09,btc,1.4188321863335795,0.0,0.00005001,btc,23935.57675968,2.98767551,2.8877398490533506,100
0,[],2,[],2019-01-20 23:23:55,0.0,0,0,6476914,2019-01-20 23:23:55,,0.0,0.0,0,,0.0,0.0,0.0,100
1,[],22,[],2019-01-28 10:42:13,50000.0,0.00000001,0.000000000000343564,6519341,2019-01-28 10:42:13,BTC,23.49896609,0.0,0.00000001,BTC,10277.22,0.0,0.0005,101
1,[],4,[],2019-01-28 10:42:14,128133.46833563,0.00000087,0.000000000029890068,6519342,2019-01-28 10:42:14,btc,0.3981131928191287,0.0,0.00000087,btc,148041.71225893,0.01962589,0.0645706640503361,103
1,[],12,[],2019-01-28 10:42:17,99977443.77474426,0.000000019,0.0000000000006527716000000001,6519343,2019-01-28 10:42:17,btc,9137278963.45117,0.0,0.000000019,btc,144391130.44168216,0.36003094085100695,0.8801589219453967,105
1,[],27,[],2019-01-28 10:42:18,477255.46811249,0.00000001,0.000000000000343564,6519344,2019-01-28 10:42:18,btc,0.2678591955148419,3.11,0.00000001,btc,635751.62835029,6e-08,0.0047725546811249,105
0,[],22,[],2019-01-28 10:42:31,0.0,0,0,6519345,2019-01-28 10:42:31,,1.07253299,0.0,0,,94300.0,0.0,0.0,107
1,[],26,[],2019-01-28 10:42:31,0.0,0.00000000,0,6519346,2019-01-28 10:42:31,btc,0.0,0.0,0.00000000,btc,0.0,0.0,0.0,107
1,[],5,[],2019-01-28 10:42:33,1e-08,0.00000001,0.000000000000343564,6519347,2019-01-28 10:42:33,btc,3.27230134,0.02665652,0.00000001,btc,1.512e-05,0.0,0.05090978,112
1,[],22,[],2019-01-28 10:42:54,24952.0,0.00000001,0.000000000000343564,6519348,2019-01-28 10:42:54,BTC,2.84243449,0.0,0.00000001,BTC,977103.5833333334,0.0,0.00024952,112
0,[],27,[],2019-01-28 10:43:07,0.0,0,0,6519349,2019-01-28 10:43:07,,1.25356065,0.0,0,"btc,eth",1328.0,0.0,0.0,112
1,[],4,[],2019-01-28 10:43:23,439471.46537436,0.00000441,0.000000000151511724,6519350,2019-01-28 10:43:23,btc,0.6588119662055452,0.0,0.00000441,btc,101965.96013833,0.25773311,0.3914960917362315,113
1,[],5,[],2019-01-28 10:43:25,2.275e-05,0.00000371,0.000000000127462244,6519351,2019-01-28 10:43:25,btc,2.16288869,0.03858046,0.00000371,btc,0.00310056,0.0,0.21410165,113
1,[],17,[],2019-01-28 10:43:31,233369.0,0.00000004,0.000000000001374256,6519352,2019-01-28 10:43:31,btc,1.3376290575643408,0.0,0.00000004,btc,72546.975,0.0,0.00543476,116
0,[],27,[],2019-01-28 10:43:33,0.0,0,0,6519353,2019-01-28 10:43:33,,0.0,0.0,0,btc,0.0,0.0,0.0,116
1,[],4,[],2019-01-28 10:43:34,36654.04195061,0.00002124,0.000000000729729936,6519354,2019-01-28 10:43:34,btc,1.1207493679555458,0.0,0.00002124,btc,37510.95732193,3.53917489,0.4362564103902663,120
1,[],7,[],2019-01-28 10:43:35,2641.9833946100002,0.00002106000000000000165162154786013815055412123911082744598388671875,0.000000000723545784,6519355,2019-01-28 10:43:35,btc,95.01474822700779,55.95922997,0.00002106000000000000165162154786013815055412123911082744598388671875,btc,25572.24461949,0.00128846,0.0266847121092128,120
1,[],20,[],2019-01-28 10:43:37,1198388.9588,0.000000013,0.0000000000004466332,6519356,2019-01-28 10:43:37,btc,33.8615335388083,4049.95,0.000000013,btc,1100249.6297,5.264935e-05,0.0066230460606,125
1,[],22,[],2019-01-28 10:43:41,68433.0,0.00000001,0.000000000000343564,6519357,2019-01-28 10:43:41,BTC,0.01415863,0.0,0.00000001,BTC,293039.4,0.0,0.00068433,126
1,[],4,[],2019-01-28 10:43:42,155126.33185284,0.00001352,0.000000000464498528,6519358,2019-01-28 10:43:42,btc,0.5274741779831432,0.0,0.00001352,btc,28922.11213096,0.10414941,1.3761328677938924,131
0,[],17,[],2019-01-28 10:43:44,0.0,0,0,6519359,2019-01-28 10:43:44,btc,0.0008451375975800001,0.0,0,btc,30.89614684,0.0,0.0,131
0,[],2,[],2019-01-20 23:25:46,0.0,0,0,6476969,2019-01-20 23:25:46,,0.0,0.0,0,,0.0,0.0,0.0,131
1,[],4,[],2019-01-28 10:44:20,6068.49975888,0.00020772,0.000000007136511408,6519360,2019-01-28 10:44:20,btc,0.4425219566491169,0.0,0.00020772,btc,284.34476376,0.0,0.0118934039523319,135
1,[],3,[],2019-01-28 10:44:21,1856875.51685175,0.00000008,0.000000000002748512,6519361,2019-01-28 10:44:21,btc,0.1770947959545481,63653.2435359,0.00000008,btc,332875.24723458,0.0,0.0673725073370348,136
1,[],4,[],2019-01-28 10:44:22,128228.3885802,0.00000178,0.00000000006115439199999999,6519362,2019-01-28 10:44:22,btc,0.6255045592343118,0.0,0.00000178,btc,223593.45132431,0.22352349,0.1704156424538873,137
1,[],12,[],2019-01-28 10:44:31,306203.29206793,0.0000018599999999999999793589590402209665853661135770380496978759765625,0.000000000063902904,6519363,2019-01-28 10:44:31,btc,11798.821483828648,0.0,0.0000018599999999999999793589590402209665853661135770380496978759765625,btc,132526.23097575,0.2132700878800143,0.0443052859999885,137
1,[],5,[],2019-01-28 10:44:33,0.00107732,0.00003556,0.000000001221713584,6519364,2019-01-28 10:44:33,btc,5.86975943,0.46016207,0.00003556,btc,0.00209901,0.0,1.15350328,142
1,[],17,[],2019-01-28 10:44:37,12500.0,0.0000001,0.0000000000034356399999999997,6519365,2019-01-28 10:44:37,btc,0.6809500038519406,0.0,0.0000001,btc,5932.0,0.0,0.00125,142
1,[],20,[],2019-01-28 10:45:10,154199.2891,0.000025313,0.0000000008696635532,6519366,2019-01-28 10:45:10,btc,2.8714512257702,36958.0515,0.000025313,btc,13568.2439,1.4970595145055,0.3290477245256,142
1,[],22,[],2019-01-28 10:45:13,990.0,0.00001880,0.00000000064590032,6519367,2019-01-28 10:45:13,BTC,0.00073414,0.0,0.00001880,BTC,10.000500375281462,0.0,0.00022106,142
0.0,[],25,[],2019-01-28 10:45:26,0.0,0,0,6519368,2019-01-28 10:45:26,,0.0,0.0,0.0,btc,0.0,0.0,0.0,142
1,[],28,[],2019-01-28 10:45:42,79130.001,0.00004500,0.000000001546038,6519369,2019-01-28 10:45:42,btc,0.15950702082,52292.428,0.00004500,btc,3167.8541,0.0,0.044535745,142
0,[],22,[],2019-01-25 15:57:33,0.0,0,0,6499726,2019-01-25 15:57:33,,59.04258297,0.0,0,,718491265.8,0.0,0.0,143
1,[],21,[],2019-01-28 10:45:44,40890424.74229241,0.00000029,0.000000000009963355999999999,6519370,2019-01-28 10:45:44,btc,36.13300209515305,9490392.68733779,0.00000029,btc,69535135.71098065,2.8027818,6.86391903755213,145
0,[],22,[],2019-01-28 10:45:47,0.0,0,0,6519371,2019-01-28 10:45:47,,4.31668284,0.0,0,,1427838.5,0.0,0.0,146
,[],22,[],2018-11-20 23:01:11,0.0,0,0,4862114,2018-11-20 23:01:11,,2.56807021,0.0,,,61828.4988236,0.0,0.0,147
1,[],12,[],2019-01-28 10:45:51,8693898.08137184,0.0000029000000000000001864068795154327773389013600535690784454345703125,0.00000000009963356000000001,6519372,2019-01-28 10:45:51,btc,17.07444730191114,0.0,0.0000029000000000000001864068795154327773389013600535690784454345703125,btc,111625.72407238,0.0006516366543,0.1268573979999968,148
1,[],4,[],2019-01-28 10:45:52,283834.61281233,0.00000031,0.000000000010650484,6519373,2019-01-28 10:45:52,btc,0.6855529088712504,0.0,0.00000031,btc,503489.26650758,0.00648351,0.0609114443781112,152
0,[],22,[],2019-01-28 10:46:22,0.0,0,0,6519374,2019-01-28 10:46:22,,0.0,0.0,0,,0.0,0.0,0.0,152
1,[],5,[],2019-01-28 10:46:23,0.0,0,0,6519375,2019-01-28 10:46:23,btc,4.37024355,0.0,0,btc,0.00161275,0.0,0.0,153
,[],16,[],2019-01-11 15:38:59,0.0,0,0,6366141,2019-01-11 15:38:59,btc,0.0,0.0,,btc,0.0,0.0,0.0,155
0,[],22,[],2019-01-28 10:46:29,0.0,0,0,6519376,2019-01-28 10:46:29,,6.73288821,0.0,0,,4541761.742592593,0.0,0.0,156
0,[],23,[],2019-01-20 23:24:29,0.0,0,0,6476932,2019-01-20 23:24:29,,0.0,0.0,0,,0.0,0.0,0.0,156
1,[],22,[],2019-01-28 10:46:33,7906.0,0.00000801,0.000000000275194764,6519377,2019-01-28 10:46:33,BTC,43.78612537,0.0,0.00000801,BTC,1033.584498154164,0.0,0.00743836,157
0,[],22,[],2019-01-28 10:46:36,0.0,0,0,6519378,2019-01-28 10:46:36,,50175.6753658,0.0,0,,54007107.04179466,0.0,0.0,158
,[],17,[],2018-11-20 22:56:10,0.0,0,0,4861976,2018-11-20 22:56:10,btc,1.1265625,0.0,,btc,1000.0,0.0,0.0,159
,[],20,[],2018-11-20 22:56:12,0.0,0,0,4861977,2018-11-20 22:56:12,btc,11912.7940471,0.0,,btc,34413894.3617,0.0,0.0,159
1,[],12,[],2019-01-28 10:46:37,195600.75780902,0.000010910000000000000575680995928973260333805228583514690399169921875,0.00000000037482832400000003,6519379,2019-01-28 10:46:37,btc,6.653646357528413,0.0,0.000010910000000000000575680995928973260333805228583514690399169921875,btc,14134.04908934,0.0064637547,0.0985790105571012,168
1,[],17,[],2019-01-28 10:46:38,29784.95,0.000001,0.0000000000343564,6519380,2019-01-28 10:46:38,btc,0.0353989844335,0.0,0.000001,btc,196.82520268,0.0,0.00716147,168
1,[],22,[],2019-01-28 10:46:57,1433447.0,0.00000001,0.000000000000343564,6519381,2019-01-28 10:46:57,BTC,1.13380276,0.0,0.00000001,BTC,689102.5537281231,0.0,0.01433447,169
1,[],22,[],2019-01-28 10:47:01,79328.74285714286,0.00000035,0.00000000001202474,6519382,2019-01-28 10:47:01,BTC,2.46359428,0.0,0.00000035,BTC,54070.59491131675,0.00014514,0.01618506,171
1,[],22,[],2019-01-28 10:47:22,183672.8245614035,0.00000025,0.0000000000085891,6519383,2019-01-28 10:47:22,BTC,2.83376111,0.0,0.00000025,BTC,237216.9707307475,9.62e-06,0.01009653,173
1,[],5,[],2019-01-28 10:47:27,6.735e-05,0.00000435,0.00000000014945034,6519384,2019-01-28 10:47:27,btc,0.39519688,0.0031049,0.00000435,btc,0.00035465,0.0,0.83334448,175
1,[],22,[],2019-01-28 10:47:46,42937.0,0.00000134,0.000000000046037576,6519385,2019-01-28 10:47:46,BTC,0.55003854,0.0,0.00000134,BTC,108111.57967878808,0.01953357,0.03260806,176
1,[],7,[],2019-01-28 10:47:47,0.0,0,0,6519386,2019-01-28 10:47:47,btc,10967.435905417888,0.0,0,btc,122071837.87976141,0.0,0.0,178
0,[],22,[],2019-01-28 10:48:06,0.0,0,0,6519387,2019-01-28 10:48:06,,1.00242428,0.0,0,,57512.0,0.0,0.0,178
0,[],2,[],2019-01-20 23:28:34,0.0,0,0,6477001,2019-01-20 23:28:34,,0.0,0.0,0,,0.0,0.0,0.0,178
1,[],5,[],2019-01-28 10:48:23,3e-08,0.00000002,0.000000000000687128,6519388,2019-01-28 10:48:23,btc,15.24770637,0.25300554,0.00000002,btc,2.088e-05,0.0,1.34588726,179
1,[],22,[],2019-01-28 10:48:28,9565525.038095238,0.00000002,0.000000000000687128,6519389,2019-01-28 10:48:28,BTC,5.47317282,0.0,0.00000002,"BTC,LTC",16465769.651989967,0.00146957,1.39791458,179
0,[],23,[],2019-01-20 23:25:08,0.0,0,0,6476952,2019-01-20 23:25:08,,0.0,0.0,0,,0.0,0.0,0.0,179
1,[],17,[],2019-01-28 10:48:30,10504.725,0.0000001,0.0000000000034356399999999997,6519390,2019-01-28 10:48:30,btc,5.206877489877166,0.0,0.0000001,btc,7465.6174587,0.0,0.0010504725,180
1,[],22,[],2019-01-28 10:48:34,444.2,0.00000093,0.000000000031951452,6519391,2019-01-28 10:48:34,BTC,0.09618619,0.0,0.00000093,"BTC,LTC",16669.655781072626,0.00756377,0.00021042,180
1,[],26,[],2019-01-28 10:48:34,0.0,0.00000020,0.00000000000687128,6519392,2019-01-28 10:48:34,btc,0.0,2942.0,0.00000020,btc,0.0,0.0,0.0,180
,[],7,[],2018-11-20 22:58:01,562227.975654,0.00000085,0.000000000036176765,4862015,2018-11-20 22:58:01,btc,21836.6059674,2491.87645172,,btc,749999.041456,0.00211021,0.127565380455,183
,[],5,[],2019-01-10 08:11:41,0.0,0,0,6347036,2019-01-10 08:11:41,btc,82.15055501,0.00261,,btc,1.19002445,0.0,0.0,187
1,[],24,[],2019-01-28 10:48:34,0.0,0.000000000001,3.43564e-17,6519393,2019-01-28 10:48:34,btc,0.0,0.0,0.000000000001,btc,0.0,0.0,0.0,187
,[],17,[],2018-11-16 20:58:10,4062536.27273,0.00000001,0.000000000000550501,4708775,2018-11-16 20:58:10,btc,3.36492563466,0.195460381006,,"btc,eth",110697919.549,0.0,0.0157628953496,187
1,[],22,[],2019-01-28 10:48:38,19030.0,0.00000001,0.000000000000343564,6519394,2019-01-28 10:48:38,BTC,1.19382741,0.0,0.00000001,BTC,13380.036201072173,5.7e-06,0.0001903,191
0,[],22,[],2019-01-28 10:48:46,0.0,0,0,6519395,2019-01-28 10:48:46,,0.0,0.0,0,,0.0,0.0,0.0,197
0,[],23,[],2019-01-20 23:31:41,0.0,0,0,6477079,2019-01-20 23:31:41,,0.0,0.0,0,,0.0,0.0,0.0,199
1,[],26,[],2019-01-28 10:48:46,0.0,0.00000000,0,6519396,2019-01-28 10:48:46,btc,0.0,749539.0,0.00000000,btc,0.0,0.0,0.0,199
0,[],17,[],2019-01-28 10:48:49,0.0,0,0,6519397,2019-01-28 10:48:49,btc,6.802544163761629,0.0,0,btc,105897.55575295,0.0,0.0,200
0,[],2,[],2019-01-20 23:30:49,0.0,0,0,6477059,2019-01-20 23:30:49,,0.0,0.0,0,,0.0,0.0,0.0,201
1,[],4,[],2019-01-25 15:51:35,2084389.58565343,0.00000936,0.000000000333526752,6499557,2019-01-25 15:51:35,btc,2.0092503037378524,0.0,0.00000936,btc,160195.80207885,0.19272417,1.242687955921835,211
1,[],7,[],2019-01-28 10:49:21,13359288.002551079,0.000001219999999999999965968520108938744073157067759893834590911865234375,0.000000000041914808,6519398,2019-01-28 10:49:21,btc,16317814.208636139,580375.409224,0.000001219999999999999965968520108938744073157067759893834590911865234375,btc,11876889.75367388,0.0,4.38356136143957,212
1,[],5,[],2019-01-28 10:49:30,4.84e-06,0.00000034,0.000000000011681175999999999,6519399,2019-01-28 10:49:30,btc,0.97135701,0.03247751,0.00000034,btc,3.216e-05,0.0,0.35441611,213
1,[],24,[],2019-01-28 10:49:30,0.0,0.000000050000,0.00000000000171782,6519400,2019-01-28 10:49:30,btc,0.0,0.0,0.000000050000,btc,0.0,0.0,0.0,213
1,[],26,[],2019-01-28 10:49:30,0.0,0.00000003,0.000000000001030692,6519401,2019-01-28 10:49:30,btc,0.0,0.0,0.00000003,btc,0.0,0.0,0.0,213
1,[],12,[],2019-01-25 02:44:32,207462.42853209,0.000001080000000000000035831255497387193287295303889550268650054931640625,0.000000000038610756000000006,6493050,2019-01-25 02:44:32,btc,85023.03793723314,0.0,0.000001080000000000000035831255497387193287295303889550268650054931640625,btc,43675.73520027,0.000146250909087,0.0348620860622024,213
1,[],22,[],2019-01-28 10:49:40,281400.0,0.00000002,0.000000000000687128,6519402,2019-01-28 10:49:40,BTC,70.22676302,0.0,0.00000002,BTC,271505.63907173084,0.0,0.004814,216
1,[],27,[],2019-01-28 10:51:40,5077925.04,0.00000015,0.00000000000515346,6519403,2019-01-28 10:51:40,btc,619.87865254716,17519.96,0.00000015,"btc,ltc",268396.13411,0.00963598,0.052504506,216
1,[],22,[],2019-01-28 10:51:51,288235.482503991,0.00000234,0.000000000080393976,6519404,2019-01-28 10:51:51,BTC,12677.82432815,0.0,0.00000234,BTC,349637.0779806782,0.01980989,0.40300798,217
1,[],7,[],2019-01-28 10:51:51,0.0,0,0,6519405,2019-01-28 10:51:51,btc,302.63931663911063,0.0,0,btc,140340320.6214003,0.0,0.0,219
0,[],27,[],2019-01-28 10:52:25,0.0,0,0,6519406,2019-01-28 10:52:25,,0.0747309448198,0.0,0,btc,1605140.29226592,0.0,0.0,219
0.0000000000000057,[],28,[],2019-01-28 10:52:42,202446286.198,2.394e-18,8.224922160000001e-23,6519407,2019-01-28 10:52:42,doge,79804.0288717675,14205.0,0.00042000,"btc,doge",4119437.84751,0.0,1.460746812899051e-11,219
1,[],22,[],2019-01-28 10:52:50,217046.0,0.00000085,0.00000000002920294,6519408,2019-01-28 10:52:50,BTC,2.39628683,0.0,0.00000085,BTC,32945.55212317522,0.0,0.03171789,221
1,[],24,[],2019-01-28 10:52:50,0.0,0.000000550000,0.00000000001889602,6519409,2019-01-28 10:52:50,btc,0.0,0.0,0.000000550000,btc,0.0,0.0,0.0,221
1,[],26,[],2019-01-28 10:52:50,0.0,0.00000002,0.000000000000687128,6519410,2019-01-28 10:52:50,btc,0.0,11350.0,0.00000002,btc,0.0,0.0,0.0,231
1,[],26,[],2019-01-28 10:52:51,0.0,0.00000004,0.000000000001374256,6519411,2019-01-28 10:52:51,btc,0.0,0.0,0.00000004,btc,0.0,0.0,0.0,234
0,[],27,[],2019-01-28 10:53:27,0.0,0,0,6519412,2019-01-28 10:53:27,,0.0113483662182,0.0,0,"btc,eth",11462.99618,0.0,0.0,234
0.00000000008934920000000001,[],22,[],2019-01-28 09:46:15,8895864.0,8.934920000000002e-19,3.0683855518000005e-23,6519207,2019-01-28 09:46:15,LTC,3.39473524,0.0,0.00000001,LTC,92427951.31349206,1.7906794829120002e-12,0.08895864,235
1,[],4,[],2019-01-28 10:53:35,2191122.41365812,0.00000076,0.000000000026110864,6519413,2019-01-28 10:53:35,btc,0.0841431775302267,0.0,0.00000076,btc,77198.2263144,0.10639568,0.1717953403153822,236
1,[],24,[],2019-01-28 10:53:36,0.0,0.000000010000,0.000000000000343564,6519414,2019-01-28 10:53:36,btc,0.0,0.0,0.000000010000,btc,0.0,0.0,0.0,236
1,[],20,[],2019-01-28 10:53:37,192579769.923,0.000000069,0.0000000000023705916,6519415,2019-01-28 10:53:37,btc,14.3520220814565,20300846.7398,0.000000069,btc,25026287.7596,1.3886110405458,0.5568108957686,237
1,[],22,[],2019-01-28 10:53:41,10000.0,0.00000001,0.000000000000343564,6519416,2019-01-28 10:53:41,BTC,0.04098605,0.0,0.00000001,BTC,5179.0,0.0,0.0001,237
1,[],4,[],2019-01-28 10:53:42,4783016.03396941,0.00000032,0.000000000010994048,6519417,2019-01-28 10:53:42,btc,0.5103337811638079,0.0,0.00000032,btc,1504699.84901675,0.25163924,1.3327280617103623,238
1,[],5,[],2019-01-28 10:53:43,3.64e-06,0.00000031,0.000000000010650484,6519418,2019-01-28 10:53:43,btc,0.69662363,0.00088702,0.00000031,btc,2.855e-05,0.0,0.29809761,238
1,[],22,[],2019-01-28 10:53:46,264838.05,0.00000005,0.00000000000171782,6519419,2019-01-28 10:53:46,BTC,15.40987298,0.0,0.00000005,BTC,234729.18162280702,0.00078111,0.00869345,249
0.00000000008936120000000001,[],22,[],2019-01-28 10:53:50,2565214.8,4.4680600000000004e-18,1.53506456584e-22,6519420,2019-01-28 10:53:50,LTC,0.59825686,0.0,0.00000005,LTC,14774757.845555555,3.8425316000000005e-16,0.05185782,252
1,[],28,[],2019-01-28 10:54:02,2037349.213,0.00000008,0.000000000002748512,6519421,2019-01-28 10:54:02,btc,164692.83919779497,24649.61,0.00000008,btc,1287808.2807,0.0,0.07476567991,256
0,[],27,[],2019-01-28 10:54:05,0.0,0,0,6519422,2019-01-28 10:54:05,,4.96668,0.0,0,"btc,eth",90.59,0.0,0.0,257
1,[],22,[],2019-01-28 10:54:10,52104.0,0.00000001,0.000000000000343564,6519423,2019-01-28 10:54:10,BTC,35605.63557905,0.0,0.00000001,BTC,598826.6657111706,0.00415164,0.00052104,258
1,[],22,[],2019-01-26 20:58:41,368451.0,0.00000001,0.000000000000356135,6510120,2019-01-26 20:58:41,BTC,2.642917,0.0,0.00000001,"BTC,LTC",1862.0,0.0,0.02488451,259
1,[],22,[],2019-01-28 10:54:31,3516.272,0.00000775,0.0000000002662621,6519424,2019-01-28 10:54:31,BTC,4.68612988,0.0,0.00000775,BTC,6019.390866142444,0.0,0.02433815,262
1,[],5,[],2019-01-28 10:54:32,5.002e-05,0.00000230,0.00000000007901972,6519425,2019-01-28 10:54:32,btc,67781.61184322,0.44683659,0.00000230,btc,11111.1151978,0.0,0.2393608,264
1,[],20,[],2019-01-28 10:54:34,1784890.0208,0.0000016,0.00000000005497024,6519426,2019-01-28 10:54:34,btc,5.2447888375744,14084.7566,0.0000016,btc,103287.9758,0.049301972219,0.0422599991041,264
1,[],22,[],2019-01-28 10:54:38,163085.0,0.00000003,0.000000000001030692,6519427,2019-01-28 10:54:38,BTC,7.51937253,0.0,0.00000003,BTC,233614.89223516703,6.042e-05,0.00389729,271
0,[],22,[],2019-01-28 10:54:42,0.0,0,0,6519428,2019-01-28 10:54:42,,242.59396368,0.0,0,,12792025291.9,0.0,0.0,272
0.0000000000000057,[],28,[],2019-01-28 10:54:59,259236304423.651,5.187e-21,1.782066468e-25,6519429,2019-01-28 10:54:59,doge,51800189.10605425,20151198844.8443,0.00000091,doge,141943751420.21323,0.0,8.184272662340801e-10,272
