pairValue,buyBook,exchangeId,sellBook,updated,buyTotal,satoshiPrice,usdPrice,exchangeLogId,created,bestPair,sellTotalBtc,volume,pairPrice,activePairs,sellTotal,volumeBtc,buyTotalBtc,coinId
1,[],3,[],2019-03-05 11:07:51,30549.856214249787,0.01255000000000000039135361618036768049933016300201416015625,0.00000046987451,6849099,2019-03-05 11:07:51,btc,61.11450781888085,0.232596862745,0.01255000000000000039135361618036768049933016300201416015625,btc,25.530502423469002,0.0,0.42899176138818884,1
1,[],4,[],2019-03-05 11:07:53,207893.49735398,0.01261133,0.000000472170717466,6849100,2019-03-05 11:07:53,btc,9.503678324168765,0.0,0.01261133,btc,281.59180997,0.58658518,2.8625000894946417,1
1,[],5,[],2019-03-05 11:07:56,0.0,0,0,6849101,2019-03-05 11:07:56,btc,0.0,0.02909301,0,btc,0.0,0.0,0.0,1
1,[],10,[],2019-03-05 11:07:59,414595.394043,0.01132295,0.00000042393351259,6849102,2019-03-05 11:07:59,btc,6521.785559930581,1710.72623719,0.01132295,btc,1056.6254432,0.0,5.337790571210078,1
1,[],12,[],2019-03-05 11:08:01,10489.41830909,0.01252999999999999947153384027842548675835132598876953125,0.000000469125706,6849103,2019-03-05 11:08:01,btc,0.5013870009128,0.0,0.01252999999999999947153384027842548675835132598876953125,btc,30.371142980000002,0.3590282829553,0.3584136752198,1
1,[],20,[],2019-03-05 11:08:03,1152.5468,0.010500223,0.0000003931304491646,6849104,2019-03-05 11:08:03,btc,0.0581425246464,0.4422,0.010500223,btc,2.7397,0.0055274938092,0.1055916181694,1
1,[],21,[],2019-03-05 11:08:04,2263.40542519,0.01255552000000000056889604139,0.000000470081179904,6849105,2019-03-05 11:08:04,btc,17.42660919920617,2992.7857540299997,0.01255552000000000056889604138632421381771564483642578125,"btc,eth",2002.89953872,28.92633104844187,21.69430622234492,1
1,[],22,[],2019-03-05 11:08:08,0.006382215384615385,0.01300000,0.0000004867226,6849106,2019-03-05 11:08:08,BTC,0.31439419,0.0,0.01300000,BTC,0.12751438772928525,0.0,7.978e-05,1
1,[],24,[],2019-03-05 11:08:09,0.0,0.000000000000,0,6849107,2019-03-05 11:08:09,btc,0.0,0.0,0.000000000000,btc,0.0,0.0,0.0,1
0.0,[],25,[],2019-03-05 11:08:09,0.0,0,0,6849108,2019-03-05 11:08:09,btc,32.287499998129775,4800.55095575,0.0,btc,2518.28833627,61.4576,0.0,1
1,[],26,[],2019-03-05 11:08:27,0.0,0,0,6849109,2019-03-05 11:08:27,,0.0,0.0,0,,0.0,0.0,0.0,1
1,[],28,[],2019-03-05 11:08:29,993.142,0.01323000,0.000000495333846,6849110,2019-03-05 11:08:29,btc,0.162839806,17941.4,0.01323000,btc,8.9,0.0,0.089302756,1
0,[],2,[],2019-01-20 23:28:45,0.0,0,0,6477011,2019-01-20 23:28:45,,0.0,0.0,0,,0.0,0.0,0.0,1
1,[],5,[],2019-03-05 11:08:31,0.0,0,0,6849111,2019-03-05 11:08:31,btc,0.0,0.0105425,0,btc,0.0,0.0,0.0,2
0,[],22,[],2019-03-05 11:08:34,0.0,0,0,6849112,2019-03-05 11:08:34,,0.0,0.0,0,,0.0,0.0,0.0,2
1,[],5,[],2019-03-05 11:08:36,0.0,0,0,6849113,2019-03-05 11:08:36,btc,0.0,0.90274686,0,btc,0.0,0.0,0.0,3
1,[],12,[],2019-03-05 11:08:39,13540431.11965213,0.00000019,0.000000000007113638,6849114,2019-03-05 11:08:39,btc,924384.4748900954,0.0,0.00000019,btc,7701356.34512414,0.1054952871477761,0.7789478374740547,3
0,[],28,[],2019-03-05 11:08:40,0.0,0,0,6849115,2019-03-05 11:08:40,,0.0,0.0,0,,0.0,0.0,0.0,3
0,[],2,[],2019-01-20 23:31:32,0.0,0,0,6477077,2019-01-20 23:31:32,,0.0,0.0,0,,0.0,0.0,0.0,4
1,[],4,[],2019-03-05 11:08:41,379037.99790861,0.00000032,0.000000000011980864,6849116,2019-03-05 11:08:41,btc,32.10757464866506,0.0,0.00000032,btc,715241.62465316,0.00015424,0.048508659293425,4
1,[],12,[],2019-03-05 11:08:42,1380156.35333333,0.00000003,0.000000000001123206,6849117,2019-03-05 11:08:42,btc,11013925.647185193,0.0,0.00000003,btc,1487826.32371984,6.786e-05,0.0214473703999999,5
0,[],2,[],2019-01-20 23:31:51,0.0,0,0,6477087,2019-01-20 23:31:51,,0.0,0.0,0,,0.0,0.0,0.0,6
1,[],11,[],2019-03-05 11:08:45,5580884.5,0.00000002,0.000000000000748804,6849118,2019-03-05 11:08:45,btc,9568.181960782815,133333.333333,0.00000002,btc,41670298.74119657,0.0,0.079092525,6
1,[],3,[],2019-03-05 11:08:46,1084.044764001546,0.0001520100000000000031903646391384654634748585522174835205078125,0.000000005691284802,6849119,2019-03-05 11:08:46,btc,28.402034233092024,0.0,0.0001520100000000000031903646391384654634748585522174835205078125,btc,243.122414578101,0.0,0.03373032000295967,7
1,[],4,[],2019-03-05 11:08:47,105283.11651553,0.00025300,0.0000000094723706,6849120,2019-03-05 11:08:47,btc,26.990529005470815,0.0,0.00025300,btc,63551.84221554,6.30527303,8.145049390047781,7
1,[],5,[],2019-03-05 11:08:48,0.0,0,0,6849121,2019-03-05 11:08:48,btc,0.0,1.71382493,0,btc,0.0,0.0,0.0,7
1,[],20,[],2019-02-20 02:16:17,39399275.8418,0.000000001,0.0000000000000390183,6728586,2019-02-20 02:16:17,btc,116.9737569154545,525.0,0.000000001,btc,56932965.8895,5.25e-07,0.0393992758418,8
0,[],2,[],2019-01-20 23:22:42,0.0,0,0,6476876,2019-01-20 23:22:42,,0.0,0.0,0,,0.0,0.0,0.0,9
0,[],23,[],2019-01-20 23:22:48,0.0,0,0,6476878,2019-01-20 23:22:48,,0.0,0.0,0,,0.0,0.0,0.0,9
1,[],4,[],2019-03-05 11:08:51,1156170.12073665,0.00000163,0.000000000061027526,6849122,2019-03-05 11:08:51,btc,6.032766652123224,0.0,0.00000163,btc,2772374.43467976,0.99981752,1.026552273218525,9
1,[],28,[],2019-03-05 11:08:53,38763.15,0.00000166,0.000000000062150732,6849123,2019-03-05 11:08:53,btc,2708.761281370583,3641864.34,0.00000166,btc,11954.1497,0.0,0.035616829,9
1,[],1,[],2019-02-17 23:31:42,1822507.21,0.00000181000000000000003456111265232042484285557293333113193511962890625,0.000000000066086901,6701244,2019-02-17 23:31:42,btc,3.6990969245,17153386.5,0.00000181000000000000003456111265232042484285557293333113193511962890625,btc,1997391.71,31.11772986,3.2610482446,9
1,[],4,[],2019-02-17 11:22:43,4341674.27126056,0.00000002,0.0000000000007272960000000001,6696112,2019-02-17 11:22:43,btc,0.1997230937751353,0.0,0.00000002,btc,4109766.79808031,0.00215132,0.0479381022052112,10
0,[],2,[],2019-01-20 23:23:08,0.0,0,0,6476890,2019-01-20 23:23:08,,0.0,0.0,0,,0.0,0.0,0.0,12
1,[],4,[],2019-03-05 11:08:54,6914254.0005326,0.00000123,0.000000000046051446,6849124,2019-03-05 11:08:54,btc,10.617203192948999,0.0,0.00000123,btc,5825307.49282777,4.05044389,4.521196889772479,12
1,[],5,[],2019-03-05 11:08:55,0.0,0,0,6849125,2019-03-05 11:08:55,btc,0.0,0.45436246,0,btc,0.0,0.0,0.0,12
0.0,[],25,[],2019-03-05 11:08:56,0.0,0,0,6849126,2019-03-05 11:08:56,,0.0,0.0,0.0,btc,0.0,0.0,0.0,12
1,[],4,[],2019-03-05 11:08:58,31946301.14754805,0.00000552,0.000000000206669904,6849127,2019-03-05 11:08:58,btc,2.8629075213393067,0.0,0.00000552,btc,404655.20110064,0.36741058,0.7989960804716316,13
1,[],10,[],2019-03-05 11:09:00,418446.27064297,0.0000054,0.00000000020217708000000001,6849128,2019-03-05 11:09:00,btc,666802.4928670231,12235.7266777,0.0000054,btc,729345.303115,0.0,0.2470233596949491,13
1,[],21,[],2019-03-05 11:09:01,923948.5189175,0.000005810000000000000277070033583,0.00000000021752756200000002,6849129,2019-03-05 11:09:01,btc,4.675860507023911,841069.14217782,0.00000581000000000000027707003358301562911947257816791534423828125,btc,732109.37454585,4.79351799,4.846221710456113,13
1,[],4,[],2019-03-05 11:09:03,756409.91475525,0.00000131,0.000000000049046662,6849130,2019-03-05 11:09:03,btc,12.320959651519859,0.0,0.00000131,btc,904869.24615534,0.06271461,0.2178122651245456,14
1,[],12,[],2019-03-05 11:09:04,213668.69615935,0.000001359999999999999896105784720490294859018831630237400531768798828125,0.000000000050918672,6849131,2019-03-05 11:09:04,btc,5.29127308453475,0.0,0.000001359999999999999896105784720490294859018831630237400531768798828125,btc,31237.09625984,0.0,0.022802519999856,14
1,[],26,[],2019-03-05 11:09:15,0.0,0.00000050,0.0000000000187201,6849132,2019-03-05 11:09:15,btc,0.0,0.0,0.00000050,btc,0.0,0.0,0.0,14
0,[],17,[],2019-03-05 11:00:36,0.0,0,0,6848932,2019-03-05 11:00:36,btc,0.0,0.0,0,btc,0.0,0.0,0.0,14
0,[],4,[],2019-03-05 11:09:16,0.0,0,0,6849133,2019-03-05 11:09:16,,0.0,0.0,0,,0.0,0.0,0.0,15
,[],12,[],2018-12-01 15:15:48,204241.84496,0.00000489,0.000000000202473384,5260204,2018-12-01 15:15:48,btc,49.5475654835,0.0,,btc,35763.2193806,0.0163153972027625,0.0203389899998,15
0,[],2,[],2019-01-20 23:23:38,0.0,0,0,6476906,2019-01-20 23:23:38,,0.0,0.0,0,,0.0,0.0,0.0,18
1,[],4,[],2019-03-05 11:09:18,24605.49164893,0.00001761,0.000000000659321922,6849134,2019-03-05 11:09:18,btc,1.3593855323588957,0.0,0.00001761,btc,15857.87955034,0.02138446,0.0593725812677906,18
1,[],10,[],2019-03-05 11:09:20,785907.29028082,0.00001732,0.000000000648464264,6849135,2019-03-05 11:09:20,btc,15.382763190122818,1710.07311544,0.00001732,btc,13084.20887395,0.0,0.1733218870466701,18
1,[],12,[],2019-03-05 11:09:21,192892.41314781,0.0000166099999999999985178002204211367143216193653643131256103515625,0.0000000006218817219999999,6849136,2019-03-05 11:09:21,btc,23.629653267762233,0.0,0.0000166099999999999985178002204211367143216193653643131256103515625,btc,1822.8205357699999,0.021079653856439,0.032129214266647,18
0,[],17,[],2019-03-05 11:09:23,0.0,0,0,6849137,2019-03-05 11:09:23,btc,0.0,0.0,0,btc,0.0,0.0,0.0,18
1,[],3,[],2019-03-05 11:09:24,118693.09686397704,0.000020100000000000000678623823802126935333944857120513916015625,0.00000000075254802,6849138,2019-03-05 11:09:24,btc,0.5483373544727321,2.19435136,0.000020100000000000000678623823802126935333944857120513916015625,btc,9920.83263074671,0.0,0.037051124106659734,19
1,[],4,[],2019-03-05 11:09:25,426143.40914275,0.00001902,0.000000000712112604,6849139,2019-03-05 11:09:25,btc,2.172693742702488,0.0,0.00001902,btc,76849.80163237,0.40849336,2.622558941159732,19
1,[],5,[],2019-03-05 11:09:26,0.0,0,0,6849140,2019-03-05 11:09:26,btc,0.0,0.00548902,0,btc,0.0,0.0,0.0,19
1,[],12,[],2019-03-05 11:09:27,134877.38176094,0.00001836999999999999860756348668555659742196439765393733978271484375,0.0000000006877764739999999,6849141,2019-03-05 11:09:27,btc,0.11187289071027991,0.0,0.00001836999999999999860756348668555659742196439765393733978271484375,btc,417.56200924,0.00131037,0.11341638989835891,19
0,[],27,[],2019-03-05 11:09:29,0.0,0,0,6849142,2019-03-05 11:09:29,,0.0,0.0,0,btc,0.0,0.0,0.0,19
0,[],2,[],2019-01-20 23:24:19,0.0,0,0,6476924,2019-01-20 23:24:19,,0.0,0.0,0,,0.0,0.0,0.0,19
1,[],4,[],2019-03-05 11:09:31,2777623.61518904,0.00000013,0.000000000004867226,6849143,2019-03-05 11:09:31,btc,7.37859059072158,0.0,0.00000013,btc,2855684.97012105,0.0001008,0.0777967122989777,20
1,[],4,[],2019-03-05 11:09:32,104056136.21537024,0.00000002,0.000000000000748804,6849144,2019-03-05 11:09:32,btc,1799.0982216782281,0.0,0.00000002,btc,55494697.40039335,0.0,1.1678631674280453,21
1,[],12,[],2019-03-05 11:09:33,17916951.0,0.00000002,0.000000000000748804,6849145,2019-03-05 11:09:33,btc,670.8733402334847,0.0,0.00000002,btc,8127598.32857329,0.0,0.23057926,21
0,[],17,[],2019-03-05 11:00:59,0.0,0,0,6848946,2019-03-05 11:00:59,btc,0.0,0.0,0,btc,0.0,0.0,0.0,21
1,[],12,[],2019-03-05 11:09:45,3121624882.531895,0.0000000001,0.0000000000000037440200000000004,6849146,2019-03-05 11:09:45,btc,975866455574.2258,0.0,0.0000000001,btc,5019465345.681534,0.04708053407262736,0.31216248825318954,23
0,[],27,[],2019-03-05 11:09:46,0.0,0,0,6849147,2019-03-05 11:09:46,,13.503633221578426,0.0,0,eth,2004616.85364636,0.0,0.0,23
1,[],4,[],2019-03-05 11:09:47,484219.47581859,0.00000039,0.000000000014601678,6849148,2019-03-05 11:09:47,btc,9.055060137863274,0.0,0.00000039,btc,1560113.36781917,0.00120182,0.1459839122348533,24
1,[],22,[],2019-03-05 11:09:51,11.76,0.00000100,0.0000000000374402,6849149,2019-03-05 11:09:51,BTC,7.415e-05,0.0,0.00000100,BTC,23.919354838709676,0.0,1.176e-05,24
0.0,[],25,[],2019-03-05 11:09:52,0.0,0,0,6849150,2019-03-05 11:09:52,,0.0,0.0,0.0,btc,0.0,0.0,0.0,24
1,[],4,[],2019-03-05 11:09:53,26578895.12186078,0.00000599,0.000000000224266798,6849151,2019-03-05 11:09:53,btc,62.34434553153437,0.0,0.00000599,btc,242653.54932521,0.15965483,0.4407373703588002,26
1,[],10,[],2019-03-05 11:09:55,686415.59771024,0.000006,0.0000000002246412,6849152,2019-03-05 11:09:55,btc,26.130566591330116,4419.38508047,0.000006,btc,14719.9937472,0.0,0.226991223045784,26
0,[],2,[],2019-01-20 23:25:56,0.0,0,0,6476976,2019-01-20 23:25:56,,0.0,0.0,0,,0.0,0.0,0.0,26
1,[],3,[],2019-03-05 11:09:55,10350241.88133568,0.00000001,0.000000000000374402,6849153,2019-03-05 11:09:55,btc,2.1370564372749867,25769.5,0.00000001,btc,16393079.64130495,0.0,0.1035024188133568,27
1,[],5,[],2019-03-05 11:09:57,0.0,0,0,6849154,2019-03-05 11:09:57,btc,0.0,2.14e-06,0,btc,0.0,0.0,0.0,27
1,[],11,[],2019-03-05 11:09:58,9462011.01151506,0.00000005,0.00000000000187201,6849155,2019-03-05 11:09:58,btc,67506.37927837588,8043.88,0.00000005,btc,7972323.38084264,0.0,0.4410008448653851,27
1,[],4,[],2019-03-05 11:09:59,1388085717.6053524,0.00000002,0.000000000000748804,6849156,2019-03-05 11:09:59,btc,2.8052634078971637,0.0,0.00000002,"btc,ltc",199659439.05092925,0.21420206,9.688767974222136,29
1,[],7,[],2019-03-05 11:10:00,35696702.6224419,0.00000002,0.000000000000748804,6849157,2019-03-05 11:10:00,btc,44462590.67847827,53329.7023395,0.00000002,btc,46262771.90297369,0.00109439,0.38305359820986395,29
1,[],4,[],2019-03-05 11:10:01,2358532.07644379,0.00000025,0.00000000000936005,6849158,2019-03-05 11:10:01,btc,2.42943183742001,0.0,0.00000025,btc,1671266.32614236,0.00696151,0.1067730403111,30
0,[],17,[],2019-03-05 11:01:32,0.0,0,0,6848960,2019-03-05 11:01:32,btc,0.0,0.0,0,btc,0.0,0.0,0.0,30
1,[],4,[],2019-03-05 11:10:12,214090.06572269,0.00006506,0.000000002435859412,6849159,2019-03-05 11:10:12,btc,10.074824650250804,0.0,0.00006506,btc,94719.04149493,4.39098286,3.77114368998541,31
1,[],21,[],2019-03-05 11:10:13,103534.34386549,0.00007192999999999999741207012960,0.000000002693073586,6849160,2019-03-05 11:10:13,btc,10.435780219727581,1476658.32333371,0.0000719299999999999974120701295987601042725145816802978515625,btc,127386.24649642,113.29004136,5.850881954429982,31
0,[],2,[],2019-01-20 23:28:43,0.0,0,0,6477009,2019-01-20 23:28:43,,0.0,0.0,0,,0.0,0.0,0.0,32
1,[],4,[],2019-03-05 11:10:13,454699047.5871616,0.00000004,0.000000000001497608,6849161,2019-03-05 11:10:13,btc,12.129169483323011,0.0,0.00000004,"btc,ltc",220363540.52072662,0.25611461,11.068179934005283,33
1,[],12,[],2019-03-05 11:10:14,16608574.35,0.00000004,0.000000000001497608,6849162,2019-03-05 11:10:14,btc,35634695.072211884,0.0,0.00000004,btc,96298596.45854135,0.001545240399601,0.3206082805,33
1,[],4,[],2019-03-05 11:10:15,112819500.00525624,0.00000001,0.000000000000374402,6849163,2019-03-05 11:10:15,btc,3.5743428637448686,0.0,0.00000001,btc,101178573.96702377,0.01805855,1.1281950000525622,34
1,[],5,[],2019-03-05 11:10:16,0.0,0,0,6849164,2019-03-05 11:10:16,btc,0.0,0.10445198,0,btc,0.0,0.0,0.0,34
0.0000000001245873,[],4,[],2019-03-05 11:10:17,2172725827.1393332,1.245873e-18,4.66457342946e-23,6849165,2019-03-05 11:10:17,ltc,6.217005991552982e-08,0.0,0.00000001,ltc,7859357790.055083,0.0,2.7069404444355625e-09,36
1,[],5,[],2019-03-05 11:10:18,0.0,0,0,6849166,2019-03-05 11:10:18,btc,0.0,0.0,0,btc,0.0,0.0,0.0,36
0.0000000003427139,[],27,[],2019-03-05 11:10:31,11290000.0,3.427139e-18,1.283127695878e-22,6849167,2019-03-05 11:10:31,eth,222.6013767858684,0.0,0.00000001,"ltc,eth",11165403.32426039,0.0,2.0536349571999998e-11,36
0,[],17,[],2019-03-05 11:01:50,0.0,0,0,6848969,2019-03-05 11:01:50,btc,0.0746458232965017,0.0,0,btc,4103573.70243647,0.0,0.0,36
1,[],4,[],2019-03-05 11:01:53,190987.08659877,0.00000055,0.000000000020584465,6848971,2019-03-05 11:01:53,btc,19772.47956948381,0.0,0.00000055,btc,560347.08486448,0.02448171,0.0760697872951871,37
1,[],12,[],2019-03-05 11:01:54,437527.59658604,0.00000056,0.000000000020958728000000004,6848972,2019-03-05 11:01:54,btc,1345.818562806412,0.0,0.00000056,btc,957139.54256252,0.1122630462590887,0.095637528848705,37
1,[],17,[],2019-03-05 11:01:56,1752.74075282,0.00000025,0.000000000009356575000000001,6848973,2019-03-05 11:01:56,btc,0.05548492398494411,0.0,0.00000025,btc,1387.19918473,0.0,0.00043818518820499993,37
1,[],27,[],2019-03-05 11:01:57,14685.567,0.00000045,0.000000000016841835,6848974,2019-03-05 11:01:57,btc,25.77745805411233,0.0,0.00000045,btc,6527.38138508,0.0,0.00480032515,37
1,[],5,[],2019-03-05 11:10:34,0.0,0,0,6849168,2019-03-05 11:10:34,btc,0.0,0.00159464,0,btc,0.0,0.0,0.0,42
1,[],12,[],2019-03-05 11:10:35,261106.19583781,0.0000010600000000000000155604695795119596368749625980854034423828125,0.000000000039686612,6849169,2019-03-05 11:10:35,btc,94.63822914188991,0.0,0.0000010600000000000000155604695795119596368749625980854034423828125,btc,90623.83078419,0.0448813036638103,0.0676904125732579,42
0.0000000003427139,[],27,[],2019-03-05 11:10:37,2000.0,3.427139e-18,1.283127695878e-22,6849170,2019-03-05 11:10:37,eth,0.00315028,0.0,0.00000001,"btc,eth",11.007,0.0,6.854278e-15,42
1,[],5,[],2019-03-05 11:10:39,0.0,0,0,6849171,2019-03-05 11:10:39,btc,0.0,0.00027471,0,btc,0.0,0.0,0.0,43
1,[],12,[],2019-03-05 11:10:41,1209361.0,0.00000001,0.000000000000374402,6849172,2019-03-05 11:10:41,btc,3569.074552336114,0.0,0.00000001,btc,11768494.65174823,0.0,0.01209361,43
0,[],17,[],2019-03-05 08:59:26,0.0,0,0,6848229,2019-03-05 08:59:26,btc,0.0,0.0,0,btc,0.0,0.0,0.0,43
1,[],12,[],2019-03-05 01:54:08,639326.02,0.00000004,0.000000000001486676,6845775,2019-03-05 01:54:08,btc,11116042.728239931,0.0,0.00000004,btc,1103841.4595604,0.0003330765234764,0.014975410599999999,44
1,[],4,[],2019-03-05 11:10:44,296801631.15342087,0.00000002,0.000000000000748804,6849173,2019-03-05 11:10:44,btc,473.6338012608944,0.0,0.00000002,"btc,ltc",12314276.77478592,0.03372675,0.23860512006755347,49
0,[],4,[],2019-03-05 11:10:45,0.0,0,0,6849174,2019-03-05 11:10:45,,25.80878384885197,0.0,0,,9747750048.293749,0.0,0.0,52
0.0000000001255877,[],22,[],2019-03-05 11:10:48,80845862.0,1.255877e-18,4.70202860554e-23,6849175,2019-03-05 11:10:48,XMR,4366.97466637,0.0,0.00000001,XMR,255820234.67882353,0.0,0.80845862,57
0.0000000003427139,[],27,[],2019-03-05 11:10:51,2000.0,3.427139e-18,1.283127695878e-22,6849176,2019-03-05 11:10:51,eth,0.0,0.0,0.00000001,"btc,eth",0.0,0.0,6.854278e-15,57
0.0000000001245873,[],4,[],2019-03-05 11:10:51,796891471.8568333,3.737619e-18,1.399372028838e-22,6849177,2019-03-05 11:10:51,ltc,18.80718554013943,0.0,0.00000003,ltc,4245320546.602819,0.0,1.7460131976832466e-09,58
1,[],12,[],2019-03-05 11:10:52,1719757162.843957,0.0000000004,0.000000000000014976080000000002,6849178,2019-03-05 11:10:52,btc,224005953988.9346,0.0,0.0000000004,btc,3816107344.5190587,0.026859902697797797,0.5630487493011391,58
0,[],17,[],2019-03-05 11:10:54,0.0,0,0,6849179,2019-03-05 11:10:54,btc,1e+24,0.0,0,btc,49306342.21952568,0.0,0.0,58
0.0000000001255877,[],22,[],2019-03-05 11:10:57,137438.0,1.255877e-18,4.70202860554e-23,6849180,2019-03-05 11:10:57,XMR,69.8835922,0.0,0.00000001,XMR,9887963.0,0.0,0.00137438,58
1,[],5,[],2019-03-05 11:10:58,0.0,0,0,6849181,2019-03-05 11:10:58,btc,0.0,0.00481042,0,btc,0.0,0.0,0.0,61
1,[],22,[],2019-03-05 11:11:10,13759.5,0.00000012,0.000000000004492824,6849182,2019-03-05 11:11:10,BTC,1002.2960049,0.0,0.00000012,BTC,14976.68361146909,0.0,0.00155017,61
1,[],26,[],2019-03-05 11:11:10,0.0,0.00000800,0.0000000002995216,6849183,2019-03-05 11:11:10,btc,0.0,0.0,0.00000800,btc,0.0,0.0,0.0,61
1,[],27,[],2019-03-05 11:11:13,4413.2201,0.00000047,0.000000000017596894,6849184,2019-03-05 11:11:13,btc,7.76072757961638,0.0,0.00000047,"btc,eth",19950.11257617,0.0,0.0012446999688826294,61
1,[],28,[],2019-03-05 11:11:15,13880.304,0.0000005,0.0000000000187201,6849185,2019-03-05 11:11:15,btc,2.056312978300105,805.0,0.0000005,btc,9730.59500005,0.0,0.00566391304,61
1,[],4,[],2019-03-05 11:11:15,1306471.00309659,0.00000272,0.000000000101837344,6849186,2019-03-05 11:11:15,btc,11.163416505092433,0.0,0.00000272,btc,777351.66072906,0.13655094,1.0877149796449659,67
0.0,[],25,[],2019-03-05 11:11:17,0.0,0,0,6849187,2019-03-05 11:11:17,,0.0,0.0,0.0,btc,0.0,0.0,0.0,67
1,[],12,[],2019-03-05 11:11:18,1787296.28917542,0.00000021,0.000000000007862442,6849188,2019-03-05 11:11:18,btc,11115899.277491495,0.0,0.00000021,btc,2223129.2609257,0.000486928901101,0.0816136264411082,71
,[],5,[],2018-11-20 23:02:39,1.5e-07,0.00000005,0.000000000002128045,4862160,2018-11-20 23:02:39,btc,2.84511358,0.0,,btc,0.00036572,0.0,0.07381892,74
1,[],5,[],2019-03-05 11:11:19,0.0,0,0,6849189,2019-03-05 11:11:19,btc,0.0,0.0,0,btc,0.0,0.0,0.0,75
0,[],20,[],2019-01-25 09:30:31,0.0,0,0,6495923,2019-01-25 09:30:31,btc,0.0,0.0,0,btc,0.0,0.0,0.0,81
1,[],4,[],2019-03-05 11:02:48,37601311.417575,0.00000001,0.00000000000037426300000000003,6848997,2019-03-05 11:02:48,btc,11388.971513954408,0.0,0.00000001,btc,39319058.17822428,0.0,0.37601311417575,81
1,[],4,[],2019-03-05 11:11:20,28232.04453013,0.00007823,0.000000002928946846,6849190,2019-03-05 11:11:20,btc,18.10822857294787,0.0,0.00007823,btc,12198.03811852,0.02845128,0.1659119128306447,82
1,[],21,[],2019-03-05 11:11:21,752292.16595442,0.00007210000000000000425475626953,0.0000000026994384200000003,6849191,2019-03-05 11:11:21,btc,2.3319643646112262,3262.76526362,0.000072100000000000004254756269528314760464127175509929656982421875,btc,26870.11756707,0.23581778,1.9449337775642614,82
0,[],17,[],2019-03-05 10:12:20,0.0,0,0,6848814,2019-03-05 10:12:20,btc,0.0447233088476774,0.0,0,btc,999127.19588126,0.0,0.0,84
0.0000000001245873,[],4,[],2019-03-05 11:11:23,121090030.66553254,3.737619e-18,1.399372028838e-22,6849192,2019-03-05 11:11:23,ltc,1.7494931214140044,0.0,0.00000003,ltc,412372660.6607092,0.0,2.3223755742106065e-10,85
,[],22,[],2018-11-20 23:09:34,3408.1,0.0000001,0.0000000000041895,4862324,2018-11-20 23:09:34,BTC,0.04624735,0.0,,BTC,4990.0,0.0,0.00033081,86
0,[],22,[],2019-02-22 12:52:35,0.0,0,0,6758847,2019-02-22 12:52:35,,2.0760781,0.0,0,,140622.94736842104,0.0,0.0,87
0,[],27,[],2019-02-22 12:52:37,0.0,0,0,6758848,2019-02-22 12:52:37,,0.0,0.0,0,btc,0.0,0.0,0.0,87
,[],2,[],2018-11-20 23:10:47,0.0,0,0,4862359,2018-11-20 23:10:47,,0.0,0.0,,,0.0,0.0,0.0,88
1,[],11,[],2019-03-05 11:11:24,102723.19270459,0.00014222999999999999857190624563685332759632728993892669677734375,0.000000005325119646,6849193,2019-03-05 11:11:24,btc,609.939262732061,230.79398662,0.00014222999999999999857190624563685332759632728993892669677734375,btc,105115.43001585,0.0,7.634011593089185,89
0,[],2,[],2019-01-20 23:31:45,0.0,0,0,6477083,2019-01-20 23:31:45,,0.0,0.0,0,,0.0,0.0,0.0,91
1,[],12,[],2019-03-05 11:11:26,467499.1311079,0.0000011400000000000000966436132510128942385563277639448642730712890625,0.000000000042681828000000003,6849194,2019-03-05 11:11:26,btc,39.56280377818584,0.0,0.0000011400000000000000966436132510128942385563277639448642730712890625,btc,71810.88348564,0.0256129656985057,0.0654144480594321,91
0,[],17,[],2019-03-05 11:11:28,0.0,0,0,6849195,2019-03-05 11:11:28,btc,0.0,0.0,0,btc,0.0,0.0,0.0,91
1,[],22,[],2019-03-05 11:11:31,65900.0,0.00000001,0.000000000000374402,6849196,2019-03-05 11:11:31,BTC,3e-06,0.0,0.00000001,BTC,1.0,0.0,0.000659,91
0.0000000001245873,[],22,[],2019-03-05 11:11:41,1580418.0,6.2293649999999995e-18,2.33228671473e-22,6849197,2019-03-05 11:11:41,LTC,8.53121199,0.0,0.00000005,LTC,71989912.1,1.49244372543e-12,0.0790209,95
0.0000000001245873,[],4,[],2019-03-05 11:11:42,646483750.5190946,8.4719364e-17,3.1719099320328e-21,6849198,2019-03-05 11:11:42,ltc,11.893492601094092,0.0,0.00000068,ltc,136021317.94687977,0.00010079,1.9151213152622556e-09,96
1,[],12,[],2019-03-05 11:11:43,75284.47400001,0.00000001,0.000000000000374402,6849199,2019-03-05 11:11:43,btc,378535.71163872763,0.0,0.00000001,btc,8978849.92440533,0.000324111018981,0.0007528447400001001,96
0,[],17,[],2019-03-05 11:03:08,0.0,0,0,6849008,2019-03-05 11:03:08,btc,0.0,0.0,0,btc,0.0,0.0,0.0,96
1,[],4,[],2019-03-05 11:11:55,1756879.1574783,0.00000023,0.000000000008611246,6849200,2019-03-05 11:11:55,btc,2.610187903871849,0.0,0.00000023,btc,2536576.45771507,0.04270988,0.1079232828660152,99
0,[],2,[],2019-01-20 23:23:55,0.0,0,0,6476914,2019-01-20 23:23:55,,0.0,0.0,0,,0.0,0.0,0.0,100
1,[],4,[],2019-03-05 11:11:57,341713.45276265,0.00004061,0.000000001520446522,6849201,2019-03-05 11:11:57,btc,11.067716959390967,0.0,0.00004061,btc,152666.10063065,1.67454162,2.651454194702401,100
1,[],22,[],2019-03-05 11:12:01,50000.0,0.00000001,0.000000000000374402,6849202,2019-03-05 11:12:01,BTC,23.49896609,0.0,0.00000001,BTC,10277.22,0.0,0.0005,101
1,[],4,[],2019-03-05 11:12:01,440254.1185312,0.00000073,0.000000000027331346,6849203,2019-03-05 11:12:01,btc,308.0582624535959,0.0,0.00000073,btc,507112.1653838,0.08828966,0.2086773402831465,103
1,[],12,[],2019-03-05 11:12:04,71726291.74599999,0.000000009,0.0000000000003369618,6849204,2019-03-05 11:12:04,btc,137279915.2457868,0.0,0.000000009,btc,126300042.21582139,0.03503454410489536,0.264582640714,105
1,[],27,[],2019-03-05 11:12:07,115397.89,0.00000001,0.000000000000374402,6849205,2019-03-05 11:12:07,btc,36.59791032491341,1044311.50067673,0.00000001,btc,1051440.73571724,0.02088623,0.0011539789,105
1,[],22,[],2019-03-05 11:03:23,9328.0,0.00000001,0.00000000000037426300000000003,6849015,2019-03-05 11:03:23,BTC,51.10837004,0.0,0.00000001,BTC,470435.0,0.0,9.328e-05,107
1,[],26,[],2019-03-05 11:03:24,0.0,0.00000000,0,6849016,2019-03-05 11:03:24,btc,0.0,0.0,0.00000000,btc,0.0,0.0,0.0,107
1,[],5,[],2019-03-05 11:12:10,0.0,0,0,6849206,2019-03-05 11:12:10,btc,0.0,1.625e-05,0,btc,0.0,0.0,0.0,112
1,[],22,[],2019-03-05 11:12:14,1966.0,0.00000001,0.000000000000374402,6849207,2019-03-05 11:12:14,BTC,2.81243288,0.0,0.00000001,BTC,828524.0833333334,0.0,1.966e-05,112
0.0000000003427139,[],27,[],2019-03-05 11:12:16,22000.0,2.0562834e-17,7.698766175268e-22,6849208,2019-03-05 11:12:16,eth,1.24892491849924,0.0,0.00000006,"btc,eth",1288.641654,0.0,4.18110958e-13,112
1,[],4,[],2019-03-05 11:12:17,1235701.96289608,0.00000193,0.000000000072259586,6849209,2019-03-05 11:12:17,btc,4.849945458743337,0.0,0.00000193,btc,339849.13549674,0.04519794,0.8940922550542916,113
1,[],5,[],2019-03-05 11:12:19,0.0,0,0,6849210,2019-03-05 11:12:19,btc,0.0,0.0,0,btc,0.0,0.0,0.0,113
1,[],17,[],2019-03-05 11:12:21,152738.278,0.00000004,0.000000000001497608,6849211,2019-03-05 11:12:21,btc,1.3368030274736256,0.0,0.00000004,btc,51896.221,0.0,0.0022095311199999998,116
0,[],27,[],2019-03-05 11:12:23,0.0,0,0,6849212,2019-03-05 11:12:23,,0.0,0.0,0,btc,0.0,0.0,0.0,116
1,[],4,[],2019-03-05 11:12:25,77039.41067734,0.00002736,0.000000001024363872,6849213,2019-03-05 11:12:25,btc,29.37025954647865,0.0,0.00002736,btc,87317.88034659,1.94499009,1.0021360872228209,120
1,[],7,[],2019-03-05 11:12:28,21415.79502125,0.0000211099999999999994788370261122878446258255280554294586181640625,0.000000000790362622,6849214,2019-03-05 11:12:28,btc,115647.59020410998,252.03590003,0.0000211099999999999994788370261122878446258255280554294586181640625,btc,56388.02809233,0.00546349,0.0568567724923311,120
1,[],20,[],2019-03-05 11:12:34,1946192.9541,0.000000035,0.000000000001310407,6849215,2019-03-05 11:12:34,btc,32.2957660726996,22235.1986,0.000000035,btc,1009792.2699,0.000806162451,0.0222000481556,125
1,[],22,[],2019-03-05 11:12:38,3053.0,0.00000001,0.000000000000374402,6849216,2019-03-05 11:12:38,BTC,0.01444887,0.0,0.00000001,BTC,296263.5111111111,0.0,3.053e-05,126
0,[],17,[],2019-03-05 11:04:03,0.0,0,0,6849028,2019-03-05 11:04:03,btc,0.0009561751951600001,0.0,0,btc,35.42829368,0.0,0.0,131
0,[],2,[],2019-01-20 23:25:46,0.0,0,0,6476969,2019-01-20 23:25:46,,0.0,0.0,0,,0.0,0.0,0.0,131
1,[],4,[],2019-03-05 11:12:38,159900.33596065,0.00001244,0.000000000465756088,6849217,2019-03-05 11:12:38,btc,3.809155801335238,0.0,0.00001244,btc,115832.25625365,0.18591612,0.8097196463670567,131
1,[],4,[],2019-03-05 11:12:50,4556.88340677,0.00016001,0.000000005990806402,6849218,2019-03-05 11:12:50,btc,1.6204305520806528,0.0,0.00016001,btc,241.25503526,0.00011999,0.008373837196375,135
1,[],3,[],2019-03-05 10:05:21,1063515.28776843,0.00000004,0.000000000001495344,6848652,2019-03-05 10:05:21,btc,0.1210989864032991,22200.2,0.00000004,btc,710371.97486755,0.0,0.0312037341737019,136
1,[],4,[],2019-03-05 11:12:51,278055.08949635,0.00000152,0.000000000056909104,6849219,2019-03-05 11:12:51,btc,38.24372253105987,0.0,0.00000152,btc,522239.8201978,0.02316497,0.0795638482375773,137
1,[],12,[],2019-03-05 11:12:52,293041.71806754,0.00000145000000000000009320343975771638866945068002678453922271728515625,0.00000000005428829,6849220,2019-03-05 11:12:52,btc,11807.600212894235,0.0,0.00000145000000000000009320343975771638866945068002678453922271728515625,btc,125007.44120894,0.0020137891066254,0.0181935300000159,137
1,[],17,[],2019-03-05 11:04:21,22967.386363640002,0.00000088,0.000000000032935144000000006,6849034,2019-03-05 11:04:21,btc,20.0699133484,0.0,0.00000088,btc,405.079105,0.0,0.0104613000000032,142
1,[],4,[],2019-03-05 11:12:53,105878.74827144,0.00004163,0.000000001558635526,6849221,2019-03-05 11:12:53,btc,28.771660730307584,0.0,0.00004163,btc,42518.71892054,0.10740458,0.6706924333104319,142
1,[],5,[],2019-03-05 11:12:55,0.0,0,0,6849222,2019-03-05 11:12:55,btc,0.0,0.03759156,0,btc,0.0,0.0,0.0,142
1,[],20,[],2019-03-05 11:12:58,132680.8078,0.000028072,0.0000000010510212944,6849223,2019-03-05 11:12:58,btc,0.3065169609112,0.01,0.000028072,btc,1594.2832,2.8072e-07,0.2193802637542,142
1,[],22,[],2019-03-05 11:13:01,1685.8988921568628,0.00004000,0.000000001497608,6849224,2019-03-05 11:13:01,BTC,3.00385504,0.0,0.00004000,BTC,891.218,0.0,0.00174536,142
0.0,[],25,[],2019-03-05 11:13:03,0.0,0,0,6849225,2019-03-05 11:13:03,,0.0,0.0,0.0,btc,0.0,0.0,0.0,142
1,[],28,[],2019-03-05 11:13:05,76144.0,0.00000820,0.00000000030700964,6849226,2019-03-05 11:13:05,btc,0.0639742472,1755.0,0.00000820,btc,500.6113,0.0,0.004468,142
0,[],22,[],2019-03-05 11:13:07,0.0,0,0,6849227,2019-03-05 11:13:07,,60.71782865,0.0,0,,695843617.3,0.0,0.0,143
0,[],22,[],2019-02-25 15:42:22,0.0,0,0,6783783,2019-02-25 15:42:22,,4.2131946,0.0,0,,2322156.0,0.0,0.0,146
,[],22,[],2018-11-20 23:01:11,0.0,0,0,4862114,2018-11-20 23:01:11,,2.56807021,0.0,,,61828.4988236,0.0,0.0,147
1,[],12,[],2019-03-05 11:13:09,225291.84584692,0.00000208999999999999989483564187542352641457910067401826381683349609375,0.000000000078250018,6849228,2019-03-05 11:13:09,btc,28.61490382588194,0.0,0.00000208999999999999989483564187542352641457910067401826381683349609375,btc,117338.96938791,2.13459e-05,0.0365673399998714,148
1,[],4,[],2019-03-05 11:13:10,257999.74032187,0.00000029,0.000000000010857658,6849229,2019-03-05 11:13:10,btc,219.9915134622909,0.0,0.00000029,btc,839412.8108385,0.00445332,0.0614852236621106,152
0,[],22,[],2019-03-05 11:13:18,0.0,0,0,6849230,2019-03-05 11:13:18,,0.0,0.0,0,,0.0,0.0,0.0,152
1,[],5,[],2019-03-05 11:13:20,0.0,0,0,6849231,2019-03-05 11:13:20,btc,0.0,0.0,0,btc,0.0,0.0,0.0,153
,[],16,[],2019-01-11 15:38:59,0.0,0,0,6366141,2019-01-11 15:38:59,btc,0.0,0.0,,btc,0.0,0.0,0.0,155
0,[],23,[],2019-01-20 23:24:29,0.0,0,0,6476932,2019-01-20 23:24:29,,0.0,0.0,0,,0.0,0.0,0.0,156
0,[],22,[],2019-03-05 11:13:24,0.0,0,0,6849232,2019-03-05 11:13:24,,6.7463875,0.0,0,,4674391.242592593,0.0,0.0,156
1,[],22,[],2019-03-05 11:13:27,7073.8,0.00005300,0.0000000019843306,6849233,2019-03-05 11:13:27,BTC,1.80343699,0.0,0.00005300,BTC,899.6422341958436,0.0,0.00104336,157
0,[],22,[],2019-03-05 11:13:30,0.0,0,0,6849234,2019-03-05 11:13:30,,50175.67608608,0.0,0,,54079135.04179466,0.0,0.0,158
,[],17,[],2018-11-20 22:56:10,0.0,0,0,4861976,2018-11-20 22:56:10,btc,1.1265625,0.0,,btc,1000.0,0.0,0.0,159
,[],20,[],2018-11-20 22:56:12,0.0,0,0,4861977,2018-11-20 22:56:12,btc,11912.7940471,0.0,,btc,34413894.3617,0.0,0.0,159
1,[],17,[],2019-03-05 11:05:09,29784.95,0.000001,0.000000000037426300000000003,6849048,2019-03-05 11:05:09,btc,0.03026736251542,0.0,0.000001,btc,144.46171372,0.0,0.00716147,168
1,[],12,[],2019-03-05 11:13:32,180363.32551403999,0.000007430000000000000013179561608733791899794596247375011444091796875,0.000000000278180686,6849235,2019-03-05 11:13:32,btc,6.6416509674838755,0.0,0.000007430000000000000013179561608733791899794596247375011444091796875,btc,13563.990998700001,0.0125874774509048,0.0844596972369674,168
0,[],22,[],2019-03-05 11:13:43,0.0,0,0,6849236,2019-03-05 11:13:43,,1.1341504,0.0,0,,539283.174707144,0.0,0.0,169
1,[],22,[],2019-03-05 11:13:46,203600.0,0.00000002,0.000000000000748804,6849237,2019-03-05 11:13:46,BTC,13.25047031,0.0,0.00000002,BTC,146217.2939341018,0.0,0.002072,171
1,[],22,[],2019-03-05 11:13:51,804828.6666666666,0.00000005,0.0000000000018720100000000002,6849238,2019-03-05 11:13:51,BTC,2.19445194,0.0,0.00000005,"BTC,LTC",238068.8745028648,2.36e-06,0.02489686,173
1,[],5,[],2019-03-05 01:59:40,0.0,0,0,6845846,2019-03-05 01:59:40,btc,0.0,0.00384852,0,btc,0.0,0.0,0.0,175
1,[],22,[],2019-03-05 11:13:54,36490.833333333336,0.0000003,0.00000000001123206,6849239,2019-03-05 11:13:54,BTC,0.54826403,0.0,0.0000003,BTC,138776.41384013777,0.0,0.00239125,176
0,[],2,[],2019-01-20 23:28:34,0.0,0,0,6477001,2019-01-20 23:28:34,,0.0,0.0,0,,0.0,0.0,0.0,178
1,[],7,[],2019-03-05 11:13:58,0.0,0,0,6849240,2019-03-05 11:13:58,btc,410918.84255256574,0.0,0,btc,117734633.84370454,0.0,0.0,178
0,[],22,[],2019-03-05 11:14:00,0.0,0,0,6849241,2019-03-05 11:14:00,,1.00242438,0.0,0,,57522.0,0.0,0.0,178
0,[],23,[],2019-01-20 23:25:08,0.0,0,0,6476952,2019-01-20 23:25:08,,0.0,0.0,0,,0.0,0.0,0.0,179
1,[],5,[],2019-03-05 11:14:01,0.0,0,0,6849242,2019-03-05 11:14:01,btc,0.0,0.12721251,0,btc,0.0,0.0,0.0,179
1,[],22,[],2019-03-05 11:14:06,6949180.5,0.00000002,0.000000000000748804,6849243,2019-03-05 11:14:06,BTC,5.66994705,0.0,0.00000002,"BTC,LTC",18378268.089868754,0.0,0.37392433,179
1,[],17,[],2019-03-05 11:14:08,10504.725,0.0000001,0.00000000000374402,6849244,2019-03-05 11:14:08,btc,5.201069583843903,0.0,0.0000001,btc,5033.45945,0.0,0.0010504725,180
1,[],22,[],2019-03-05 11:14:12,148605.4,0.00000100,0.0000000000374402,6849245,2019-03-05 11:14:12,BTC,0.24514499,0.0,0.00000100,"BTC,LTC",83009.48138941739,0.02170155,0.01180544,180
1,[],26,[],2019-03-05 11:14:12,0.0,0.00000125,0.00000000004680025,6849246,2019-03-05 11:14:12,btc,0.0,150.0,0.00000125,btc,0.0,0.0,0.0,180
,[],7,[],2018-11-20 22:58:01,562227.975654,0.00000085,0.000000000036176765,4862015,2018-11-20 22:58:01,btc,21836.6059674,2491.87645172,,btc,749999.041456,0.00211021,0.127565380455,183
,[],5,[],2019-01-10 08:11:41,0.0,0,0,6347036,2019-01-10 08:11:41,btc,82.15055501,0.00261,,btc,1.19002445,0.0,0.0,187
,[],17,[],2018-11-16 20:58:10,4062536.27273,0.00000001,0.000000000000550501,4708775,2018-11-16 20:58:10,btc,3.36492563466,0.195460381006,,"btc,eth",110697919.549,0.0,0.0157628953496,187
1,[],24,[],2019-03-05 11:14:13,0.0,0.000000000001,3.74402e-17,6849247,2019-03-05 11:14:13,btc,0.0,0.0,0.000000000001,btc,0.0,0.0,0.0,187
0,[],22,[],2019-03-04 23:55:24,0.0,0,0,6845261,2019-03-04 23:55:24,,7.42841024,0.0,0,,79361.7243078683,0.0,0.0,191
0,[],22,[],2019-03-05 11:14:25,0.0,0,0,6849248,2019-03-05 11:14:25,,0.0,0.0,0,,0.0,0.0,0.0,197
0,[],23,[],2019-01-20 23:31:41,0.0,0,0,6477079,2019-01-20 23:31:41,,0.0,0.0,0,,0.0,0.0,0.0,199
0,[],22,[],2019-03-05 11:14:28,0.0,0,0,6849249,2019-03-05 11:14:28,,5.19477622,0.0,0,,21058553.0,0.0,0.0,199
1,[],26,[],2019-03-05 11:14:28,0.0,0.00000000,0,6849250,2019-03-05 11:14:28,btc,0.0,152358.0,0.00000000,btc,0.0,0.0,0.0,199
0,[],17,[],2019-01-30 16:32:01,0.0,0,0,6540827,2019-01-30 16:32:01,btc,6.802544163788159,0.0,0,btc,105897.55575295,0.0,0.0,200
0,[],2,[],2019-01-20 23:30:49,0.0,0,0,6477059,2019-01-20 23:30:49,,0.0,0.0,0,,0.0,0.0,0.0,201
1,[],4,[],2019-01-25 15:51:35,2084389.58565343,0.00000936,0.000000000333526752,6499557,2019-01-25 15:51:35,btc,2.0092503037378524,0.0,0.00000936,btc,160195.80207885,0.19272417,1.242687955921835,211
1,[],7,[],2019-03-05 11:14:32,1981164.65728489,0.000001210000000000000061712245556788669631487209699116647243499755859375,0.000000000045302642,6849251,2019-03-05 11:14:32,btc,15476655.892337075,648022.355517,0.000001210000000000000061712245556788669631487209699116647243499755859375,btc,13216630.55522882,0.0,1.4946839851717197,212
1,[],12,[],2019-01-25 02:44:32,207462.42853209,0.000001080000000000000035831255497387193287295303889550268650054931640625,0.000000000038610756000000006,6493050,2019-01-25 02:44:32,btc,85023.03793723314,0.0,0.000001080000000000000035831255497387193287295303889550268650054931640625,btc,43675.73520027,0.000146250909087,0.0348620860622024,213
1,[],5,[],2019-03-05 11:14:34,0.0,0,0,6849252,2019-03-05 11:14:34,btc,0.0,0.17827568,0,btc,0.0,0.0,0.0,213
1,[],24,[],2019-03-05 11:14:34,0.0,0.000000120000,0.000000000004492824,6849253,2019-03-05 11:14:34,btc,0.0,0.0,0.000000120000,btc,0.0,0.0,0.0,213
1,[],26,[],2019-03-05 11:14:34,0.0,0.00000010,0.0000000000037440200000000004,6849254,2019-03-05 11:14:34,btc,0.0,0.0,0.00000010,btc,0.0,0.0,0.0,213
1,[],22,[],2019-03-05 11:14:38,45166.0,0.00000002,0.000000000000748804,6849255,2019-03-05 11:14:38,BTC,2.23272342,0.0,0.00000002,BTC,620045.3963726171,0.00038792,0.00061247,216
1,[],27,[],2019-03-05 11:14:41,1298602.0,0.00000003,0.000000000001123206,6849256,2019-03-05 11:14:41,btc,316.25863360644,0.0,0.00000003,"btc,ltc",238161.907,0.0,0.033772040000224254,216
1,[],22,[],2019-03-05 11:14:44,175317.06081954937,0.00000178,0.000000000066643556,6849257,2019-03-05 11:14:44,BTC,12673.41950199,0.0,0.00000178,BTC,397417.5324499344,0.00145808,0.20048877,217
1,[],7,[],2019-03-05 11:14:46,0.0,0,0,6849258,2019-03-05 11:14:46,btc,77969.65966620563,0.0,0,btc,136168678.88835862,0.0,0.0,219
0,[],27,[],2019-03-05 11:14:48,0.0,0,0,6849259,2019-03-05 11:14:48,,0.03997288,0.0,0,btc,2007233.0,0.0,0.0,219
0.0000000000000053,[],28,[],2019-03-05 11:14:50,168897636.057,5.8300000000000006e-18,2.18276366e-22,6849260,2019-03-05 11:14:50,doge,84213.6327103825,445855.0,0.00110000,"btc,doge",3504260.84751,0.0,1.645713245056949e-11,219
1,[],22,[],2019-03-05 11:15:01,295713.6666666667,0.00000004,0.000000000001497608,6849261,2019-03-05 11:15:01,BTC,2.79636273,0.0,0.00000004,BTC,86564.27041875875,0.000172,0.00922585,221
1,[],24,[],2019-03-05 11:15:01,0.0,0.000000200000,0.000000000007488040000000001,6849262,2019-03-05 11:15:01,btc,0.0,0.0,0.000000200000,btc,0.0,0.0,0.0,221
1,[],20,[],2019-03-05 11:15:03,39105329.5253,0.000000001,0.0000000000000374402,6849263,2019-03-05 11:15:03,btc,48.4414392087255,1001771.7281,0.000000001,btc,15826885.0042,0.0010017717281,0.0391053295253,224
0,[],22,[],2019-03-05 11:15:07,0.0,0,0,6849264,2019-03-05 11:15:07,,0.0,0.0,0,,0.0,0.0,0.0,224
1,[],26,[],2019-03-05 11:15:07,0.0,0.00000035,0.00000000001310407,6849265,2019-03-05 11:15:07,btc,0.0,0.0,0.00000035,btc,0.0,0.0,0.0,231
1,[],26,[],2019-03-05 11:15:07,0.0,0.00000005,0.0000000000018720100000000002,6849266,2019-03-05 11:15:07,btc,0.0,100.0,0.00000005,btc,0.0,0.0,0.0,234
0.0000000003427139,[],27,[],2019-03-05 11:15:10,2000.0,3.427139e-18,1.283127695878e-22,6849267,2019-03-05 11:15:10,eth,0.01134836604,0.0,0.00000001,"btc,eth",11462.996,0.0,6.854278e-15,234
1,[],4,[],2019-03-05 11:15:11,768524.70870736,0.00000071,0.000000000026582542,6849268,2019-03-05 11:15:11,btc,4.7512049079956755,0.0,0.00000071,btc,1231141.91553226,0.07591776,0.1888610423463399,236
1,[],24,[],2019-03-05 11:15:11,0.0,0.000000300000,0.00000000001123206,6849269,2019-03-05 11:15:11,btc,0.0,0.0,0.000000300000,btc,0.0,0.0,0.0,236
1,[],20,[],2019-03-05 11:15:12,166758716.2898,0.000000067,0.0000000000025084934,6849270,2019-03-05 11:15:12,btc,13.154093213836,23500714.5564,0.000000067,btc,41661365.3377,1.5068368692325,0.5306832694152,237
0.0000000001245873,[],22,[],2019-03-05 11:15:16,751594.9,2.1179841e-17,7.929774830082e-22,6849271,2019-03-05 11:15:16,LTC,0.0413973,0.0,0.00000017,LTC,7239.0,0.0,0.12541949,237
1,[],4,[],2019-03-05 11:06:41,8727589.77005843,0.00000033,0.000000000012350679,6849084,2019-03-05 11:06:41,btc,6.518618071973356,0.0,0.00000033,btc,10487964.96856267,0.11547364,2.1612457455589587,238
1,[],5,[],2019-03-05 11:06:42,0.0,0,0,6849085,2019-03-05 11:06:42,btc,0.0,0.00470813,0,btc,0.0,0.0,0.0,238
0,[],22,[],2019-03-05 11:15:19,0.0,0,0,6849272,2019-03-05 11:15:19,,0.41339518,0.0,0,,316626.5639027493,0.0,0.0,249
0.0000000001245873,[],22,[],2019-03-05 11:15:24,87163180.66666667,4.983492e-18,1.865829371784e-22,6849273,2019-03-05 11:15:24,LTC,1.13061926,0.0,0.00000004,LTC,19215189.09,4.559636038416e-12,2.70466333,252
1,[],28,[],2019-03-05 11:15:26,2315341.628,0.00000036,0.000000000013478472,6849274,2019-03-05 11:15:26,btc,164732.81179087178,89489.9,0.00000036,btc,2598509.4844,0.0,0.40497778962,256
1,[],22,[],2019-03-05 11:15:29,1070354.0,0.00000002,0.000000000000748804,6849275,2019-03-05 11:15:29,BTC,31.47329001,0.0,0.00000002,BTC,704687.0957866946,0.0003,0.01087354,258
1,[],22,[],2019-03-05 11:15:33,48751.0,0.00000001,0.000000000000374402,6849276,2019-03-05 11:15:33,BTC,2.4175745,0.0,0.00000001,BTC,1762.0,0.0,0.00048751,259
1,[],5,[],2019-03-05 11:15:35,0.0,0,0,6849277,2019-03-05 11:15:35,btc,0.0,0.41872019,0,btc,0.0,0.0,0.0,264
1,[],20,[],2019-03-05 11:15:36,1255633.5111,0.0000022,0.00000000008236844,6849278,2019-03-05 11:15:36,btc,7.4528595650666,162202.2261,0.0000022,btc,104970.3952,0.4235651378001,0.018302306123,264
0,[],22,[],2019-03-05 11:15:39,0.0,0,0,6849279,2019-03-05 11:15:39,,8.45802393,0.0,0,,433537.34411321935,0.0,0.0,271
0,[],22,[],2019-03-05 11:15:42,0.0,0,0,6849280,2019-03-05 11:15:42,,265.97365014,0.0,0,,13909961377.692,0.0,0.0,272
0.0000000000000053,[],28,[],2019-03-05 11:15:44,210036166937.905,4.876e-21,1.825584152e-25,6849281,2019-03-05 11:15:44,doge,151021602.89534226,21226439572.7943,0.00000092,doge,192944736569.2923,0.0,5.77708150211913e-10,272
1,[],22,[],2019-03-05 11:15:49,210977.74,0.00000200,0.0000000000748804,6849282,2019-03-05 11:15:49,BTC,74.34381249,0.0,0.00000200,"BTC,LTC",9549.48778575859,0.0064456,0.1017012,281
1,[],22,[],2019-03-05 11:15:53,93283.0,0.00000003,0.000000000001123206,6849283,2019-03-05 11:15:53,BTC,1.18417615,0.0,0.00000003,BTC,131084.30634060455,0.00919855,0.00253425,286
0,[],22,[],2019-03-05 11:15:56,0.0,0,0,6849284,2019-03-05 11:15:56,,43641.05520291,0.0,0,,831015134.0,0.0,0.0,294
