pairValue,buyBook,exchangeId,sellBook,updated,buyTotal,satoshiPrice,usdPrice,exchangeLogId,created,bestPair,sellTotalBtc,volume,pairPrice,activePairs,sellTotal,volumeBtc,buyTotalBtc,coinId
1,[],3,[],2019-02-28 01:23:03,30552.781524178783,0.01267395999999999973983921819353781756944954395294189453125,0.000000483782796744,6807105,2019-02-28 01:23:03,btc,61.08196471244251,0.0,0.01267395999999999973983921819353781756944954395294189453125,btc,22.839593093059,0.0,0.46653906123947486,1
1,[],4,[],2019-02-28 01:23:04,303084.12949466,0.01285230,0.00000049059028422,6807106,2019-02-28 01:23:04,btc,9.1685078292513,0.0,0.01285230,btc,259.787076,0.6381392,2.7616977014600823,1
1,[],5,[],2019-02-28 01:23:08,0.0,0,0,6807107,2019-02-28 01:23:08,btc,0.0,0.12654508,0,btc,0.0,0.0,0.0,1
1,[],10,[],2019-02-28 01:23:10,414608.98717781,0.01073705,0.00000040984823037,6807108,2019-02-28 01:23:10,btc,6521.007876545998,1635.53398222,0.01073705,btc,993.10743114,0.0,5.266453108405485,1
1,[],12,[],2019-02-28 01:23:14,10421.35618261,0.01267000000000000070610184366159955970942974090576171875,0.000000483631638,6807109,2019-02-28 01:23:14,btc,0.484863016746,0.0,0.01267000000000000070610184366159955970942974090576171875,btc,29.09148648,0.2442934933788,0.1601369478937,1
1,[],20,[],2019-02-28 01:23:15,1150.0464,0.01051,0.000000401181414,6807110,2019-02-28 01:23:15,btc,0.0662082325693,0.0268,0.01051,btc,3.0133,0.00033768,0.0875490456215,1
1,[],21,[],2019-02-28 01:23:16,566.11482216,0.01265574000000000039201086821,0.000000483087313836,6807111,2019-02-28 01:23:16,btc,4.803189244584547,2275.50360715,0.01265574000000000039201086821094577317126095294952392578125,"btc,eth",606.76482879,25.636153621993877,6.415273410768318,1
1,[],22,[],2019-02-28 01:23:21,0.006382215384615385,0.01300000,0.0000004962282,6807112,2019-02-28 01:23:21,BTC,0.31423927,0.0,0.01300000,BTC,0.11751954901960784,0.00012994,7.978e-05,1
1,[],24,[],2019-02-28 01:23:22,0.0,0.000000000000,0,6807113,2019-02-28 01:23:22,btc,0.0,0.0,0.000000000000,btc,0.0,0.0,0.0,1
0.0,[],25,[],2019-02-28 01:23:22,0.0,0,0,6807114,2019-02-28 01:23:22,btc,29.078699997328574,3684.20500664,0.0,btc,2230.69678618,47.5185,0.0,1
1,[],26,[],2019-02-28 01:23:23,0.0,0,0,6807115,2019-02-28 01:23:23,,0.0,0.0,0,,0.0,0.0,0.0,1
1,[],28,[],2019-02-28 01:23:25,993.142,0.01323000,0.0000005050076219999999,6807116,2019-02-28 01:23:25,btc,0.162839806,5392.25,0.01323000,btc,8.9,0.0,0.089302756,1
0,[],2,[],2019-01-20 23:28:45,0.0,0,0,6477011,2019-01-20 23:28:45,,0.0,0.0,0,,0.0,0.0,0.0,1
1,[],5,[],2019-02-28 01:23:28,0.0,0,0,6807117,2019-02-28 01:23:28,btc,0.0,0.00602163,0,btc,0.0,0.0,0.0,2
0,[],22,[],2019-02-28 01:23:30,0.0,0,0,6807118,2019-02-28 01:23:30,,0.0,0.0,0,,0.0,0.0,0.0,2
1,[],5,[],2019-02-28 01:23:33,0.0,0,0,6807119,2019-02-28 01:23:33,btc,0.0,0.52709377,0,btc,0.0,0.0,0.0,3
1,[],12,[],2019-02-28 01:23:34,13165921.50578,0.000000176,0.000000000006718166399999999,6807120,2019-02-28 01:23:34,btc,924396.2408222497,0.0,0.000000176,btc,8153672.18945583,0.03667331380393848,0.65074845186158,3
0,[],28,[],2019-02-28 01:23:39,0.0,0,0,6807121,2019-02-28 01:23:39,,0.0,0.0,0,,0.0,0.0,0.0,3
0,[],2,[],2019-01-20 23:31:32,0.0,0,0,6477077,2019-01-20 23:31:32,,0.0,0.0,0,,0.0,0.0,0.0,4
1,[],4,[],2019-02-28 01:23:41,411618.65443734,0.00000033,0.000000000012596562,6807122,2019-02-28 01:23:41,btc,32.00332084987005,0.0,0.00000033,btc,713718.98823302,0.00075548,0.0584717308328429,4
1,[],12,[],2019-02-22 14:50:14,1367032.5219999999,0.00000003,0.000000000001190475,6759350,2019-02-22 14:50:14,btc,11013869.583570713,0.0,0.00000003,btc,1211697.32371984,0.00024567976024,0.02065290044,5
0,[],2,[],2019-01-20 23:31:51,0.0,0,0,6477087,2019-01-20 23:31:51,,0.0,0.0,0,,0.0,0.0,0.0,6
1,[],11,[],2019-02-28 01:23:43,7097409.5,0.00000002,0.000000000000763428,6807123,2019-02-28 01:23:43,btc,9432.763145092815,235187.0,0.00000002,btc,41598830.57452957,0.0,0.099222225,6
1,[],3,[],2019-02-28 01:23:44,1085.537475048359,0.0001510600000000000072038208731584063571062870323657989501953125,0.000000005766171684,6807124,2019-02-28 01:23:44,btc,26.3363151709563,0.0,0.0001510600000000000072038208731584063571062870323657989501953125,btc,247.537822229004,0.0,0.03339742781632559,7
1,[],4,[],2019-02-28 01:23:46,102530.47559789,0.00023504,0.000000008971805856,6807125,2019-02-28 01:23:46,btc,10.81259838176212,0.0,0.00023504,btc,35439.97953163,1.79757823,6.247097957853858,7
1,[],5,[],2019-02-28 01:23:47,0.0,0,0,6807126,2019-02-28 01:23:47,btc,0.0,0.72302392,0,btc,0.0,0.0,0.0,7
1,[],20,[],2019-02-20 02:16:17,39399275.8418,0.000000001,0.0000000000000390183,6728586,2019-02-20 02:16:17,btc,116.9737569154545,525.0,0.000000001,btc,56932965.8895,5.25e-07,0.0393992758418,8
0,[],2,[],2019-01-20 23:22:42,0.0,0,0,6476876,2019-01-20 23:22:42,,0.0,0.0,0,,0.0,0.0,0.0,9
0,[],23,[],2019-01-20 23:22:48,0.0,0,0,6476878,2019-01-20 23:22:48,,0.0,0.0,0,,0.0,0.0,0.0,9
1,[],4,[],2019-02-28 01:23:50,1907005.88956405,0.00000177,0.000000000067563378,6807127,2019-02-28 01:23:50,btc,7.0085433457872375,0.0,0.00000177,btc,2796629.02855951,2.75519142,0.6261969591507163,9
1,[],28,[],2019-02-28 01:23:52,58847.853,0.00000181,0.000000000069090234,6807128,2019-02-28 01:23:52,btc,2708.762682539512,1082771.51,0.00000181,btc,12195.0788,0.0,0.07114681393,9
1,[],1,[],2019-02-17 23:31:42,1822507.21,0.00000181000000000000003456111265232042484285557293333113193511962890625,0.000000000066086901,6701244,2019-02-17 23:31:42,btc,3.6990969245,17153386.5,0.00000181000000000000003456111265232042484285557293333113193511962890625,btc,1997391.71,31.11772986,3.2610482446,9
1,[],4,[],2019-02-17 11:22:43,4341674.27126056,0.00000002,0.0000000000007272960000000001,6696112,2019-02-17 11:22:43,btc,0.1997230937751353,0.0,0.00000002,btc,4109766.79808031,0.00215132,0.0479381022052112,10
1,[],4,[],2019-02-28 01:23:53,4078280.41650563,0.00000123,0.000000000046950822,6807129,2019-02-28 01:23:53,btc,9.892569195806406,0.0,0.00000123,btc,5147128.04645242,2.12565267,2.4179340957690236,12
0,[],2,[],2019-01-20 23:23:08,0.0,0,0,6476890,2019-01-20 23:23:08,,0.0,0.0,0,,0.0,0.0,0.0,12
1,[],5,[],2019-02-28 01:23:55,0.0,0,0,6807130,2019-02-28 01:23:55,btc,0.0,0.51913131,0,btc,0.0,0.0,0.0,12
0.0,[],25,[],2019-02-28 01:23:56,0.0,0,0,6807131,2019-02-28 01:23:56,,0.0,0.0,0.0,btc,0.0,0.0,0.0,12
1,[],4,[],2019-02-28 01:23:57,32957936.98726338,0.00000551,0.000000000210324414,6807132,2019-02-28 01:23:57,btc,3.016137210071529,0.0,0.00000551,btc,419477.74804267,0.60486814,0.854028395580757,13
1,[],10,[],2019-02-28 01:23:59,470485.96427923,0.00000529,0.000000000201926706,6807133,2019-02-28 01:23:59,btc,666802.6019578708,8588.54666156,0.00000529,btc,743564.14080127,0.0,0.25602048286646,13
1,[],21,[],2019-02-28 01:24:01,771856.74918131,0.000005630000000000000306391197136,0.00000000021490498200000002,6807134,2019-02-28 01:24:01,btc,6.045869748750647,472661.63350449,0.000005630000000000000306391197135713611032770131714642047882080078125,btc,957337.00884303,2.69875217,4.06397162288104,13
1,[],4,[],2019-02-28 01:24:02,696829.31382935,0.00000127,0.000000000048477678,6807135,2019-02-28 01:24:02,btc,11.016334762127421,0.0,0.00000127,btc,898779.6578986,0.02041029,0.1430869618900166,14
1,[],12,[],2019-02-28 01:24:03,217265.91304348,0.000001120000000000000076372827333137660588135986472479999065399169921875,0.000000000042751968,6807136,2019-02-28 01:24:03,btc,5.294295777879774,0.0,0.000001120000000000000076372827333137660588135986472479999065399169921875,btc,33863.19873547,0.0,0.0232142600000004,14
0,[],17,[],2019-02-28 01:24:15,0.0,0,0,6807137,2019-02-28 01:24:15,btc,0.0,0.0,0,btc,0.0,0.0,0.0,14
1,[],26,[],2019-02-28 01:24:15,0.0,0.00000050,0.0000000000190857,6807138,2019-02-28 01:24:15,btc,0.0,0.0,0.00000050,btc,0.0,0.0,0.0,14
0,[],4,[],2019-02-28 01:24:16,0.0,0,0,6807139,2019-02-28 01:24:16,,0.0,0.0,0,,0.0,0.0,0.0,15
,[],12,[],2018-12-01 15:15:48,204241.84496,0.00000489,0.000000000202473384,5260204,2018-12-01 15:15:48,btc,49.5475654835,0.0,,btc,35763.2193806,0.0163153972027625,0.0203389899998,15
1,[],4,[],2019-02-28 01:24:18,25876.2391504,0.00001784,0.000000000680977776,6807140,2019-02-28 01:24:18,btc,1.2185711699659771,0.0,0.00001784,btc,8711.50529822,0.02869781,0.0816211855439624,18
1,[],10,[],2019-02-28 01:24:21,782789.05974433,0.000018,0.0000000006870852,6807141,2019-02-28 01:24:21,btc,16.631510566425256,6065.78596205,0.000018,btc,14799.1934472,0.0,0.1309821155182657,18
1,[],12,[],2019-02-28 01:24:22,193477.19074331998,0.00001894000000000000162050060870111423128037131391465663909912109375,0.000000000722966316,6807142,2019-02-28 01:24:22,btc,23.630661164879683,0.0,0.00001894000000000000162050060870111423128037131391465663909912109375,btc,1872.30828082,0.0003215350839886,0.0329112715447041,18
0,[],2,[],2019-01-20 23:23:38,0.0,0,0,6476906,2019-01-20 23:23:38,,0.0,0.0,0,,0.0,0.0,0.0,18
0,[],17,[],2019-02-28 01:15:01,0.0,0,0,6806942,2019-02-28 01:15:01,btc,0.0,0.0,0,btc,0.0,0.0,0.0,18
1,[],3,[],2019-02-28 01:24:34,118406.7192931374,0.000020020000000000001444573627384926339800585992634296417236328125,0.000000000764191428,6807143,2019-02-28 01:24:34,btc,0.5452047668341213,0.0,0.000020020000000000001444573627384926339800585992634296417236328125,btc,9078.168872553742,0.0,0.03196826859881744,19
1,[],4,[],2019-02-28 01:24:35,468905.81812518,0.00001995,0.00000000076151943,6807144,2019-02-28 01:24:35,btc,2.117317504115756,0.0,0.00001995,btc,73424.04939284,0.29558087,2.3297886748829253,19
1,[],5,[],2019-02-28 01:24:37,0.0,0,0,6807145,2019-02-28 01:24:37,btc,0.0,0.00419605,0,btc,0.0,0.0,0.0,19
1,[],12,[],2019-02-28 01:24:38,135314.55360073,0.00002082999999999999877152954963488440398577949963510036468505859375,0.000000000795110262,6807146,2019-02-28 01:24:38,btc,6.897479448987418,0.0,0.00002082999999999999877152954963488440398577949963510036468505859375,btc,396.76220934,0.0009196403598136,0.1094993419258599,19
0,[],27,[],2019-02-28 01:24:41,0.0,0,0,6807147,2019-02-28 01:24:41,,0.0,0.0,0,btc,0.0,0.0,0.0,19
0,[],2,[],2019-01-20 23:24:19,0.0,0,0,6476924,2019-01-20 23:24:19,,0.0,0.0,0,,0.0,0.0,0.0,19
1,[],4,[],2019-02-28 01:24:42,2817409.12717412,0.00000013,0.000000000004962282,6807148,2019-02-28 01:24:42,btc,7.374816604530555,0.0,0.00000013,btc,2840199.57892104,0.00049398,0.0813360639981472,20
1,[],4,[],2019-02-28 01:24:43,104036087.13737024,0.00000002,0.000000000000763428,6807149,2019-02-28 01:24:43,btc,1807.0294652933148,0.0,0.00000002,btc,54972280.27639335,0.000105,1.1684621866280451,21
1,[],12,[],2019-02-28 01:24:44,18207001.0,0.00000002,0.000000000000763428,6807150,2019-02-28 01:24:44,btc,670.3733702334847,0.0,0.00000002,btc,8127598.32857329,0.00302662,0.23638026,21
0,[],17,[],2019-02-28 01:24:46,0.0,0,0,6807151,2019-02-28 01:24:46,btc,0.0,0.0,0,btc,0.0,0.0,0.0,21
1,[],12,[],2019-02-28 01:24:47,3052578320.6808996,0.0000000002,0.00000000000000763428,6807152,2019-02-28 01:24:47,btc,875865843192.3788,0.0,0.0000000002,btc,4950681288.020418,0.0267683178,0.3167869433829904,23
0.00000000035848030000000003,[],27,[],2019-02-28 01:24:50,2000.0,3.5848030000000004e-18,1.3683694923420002e-22,6807153,2019-02-28 01:24:50,eth,1.3829826565934114,0.0,0.00000001,eth,2164879.85514486,0.0,7.169606000000001e-15,23
1,[],4,[],2019-02-28 01:24:51,483852.00518525,0.00000057,0.000000000021757698,6807154,2019-02-28 01:24:51,btc,8.859093283361354,0.0,0.00000057,btc,1515253.75573735,0.00340779,0.1571380664984449,24
1,[],22,[],2019-02-28 01:24:55,11.76,0.00000100,0.0000000000381714,6807155,2019-02-28 01:24:55,BTC,7.415e-05,0.0,0.00000100,BTC,23.919354838709676,0.0,1.176e-05,24
0.0,[],25,[],2019-02-28 01:24:56,0.0,0,0,6807156,2019-02-28 01:24:56,,0.0,0.0,0.0,btc,0.0,0.0,0.0,24
1,[],4,[],2019-02-28 01:24:57,28274450.76200074,0.00000645,0.00000000024620553,6807157,2019-02-28 01:24:57,btc,166.52678611457108,0.0,0.00000645,btc,265553.62129547,0.23596598,0.430837407156413,26
1,[],10,[],2019-02-28 01:24:59,694359.08522783,0.0000064,0.00000000024429696,6807158,2019-02-28 01:24:59,btc,26.126940091673404,5046.97375539,0.0000064,btc,14188.3211924,0.0,0.2412429912959464,26
0,[],2,[],2019-01-20 23:25:56,0.0,0,0,6476976,2019-01-20 23:25:56,,0.0,0.0,0,,0.0,0.0,0.0,26
1,[],3,[],2019-02-28 01:25:00,6199961.70213569,0.00000001,0.000000000000381714,6807159,2019-02-28 01:25:00,btc,2.2663380247489533,1605.0,0.00000001,btc,17671163.51502257,0.0,0.061999617021356895,27
1,[],5,[],2019-02-28 01:25:01,0.0,0,0,6807160,2019-02-28 01:25:01,btc,0.0,0.0,0,btc,0.0,0.0,0.0,27
1,[],11,[],2019-02-28 01:25:03,9491944.20350207,0.00000005,0.00000000000190857,6807161,2019-02-28 01:25:03,btc,67506.40605986067,169525.403564,0.00000005,btc,8002256.57282965,0.0,0.44249750446473557,27
1,[],4,[],2019-02-28 01:25:04,1520333265.5337534,0.00000002,0.000000000000763428,6807162,2019-02-28 01:25:04,btc,6.210571198068498,0.0,0.00000002,"btc,ltc",371153574.5336265,0.52936483,12.279144136181788,29
1,[],7,[],2019-02-28 01:25:06,47476687.7215207,0.00000002,0.000000000000763428,6807163,2019-02-28 01:25:06,btc,44462590.771117434,333.66666667,0.00000002,btc,47196622.9549268,1.001e-05,0.6189312873043272,29
1,[],4,[],2019-02-28 01:25:07,1433751.45137482,0.00000027,0.000000000010306278,6807164,2019-02-28 01:25:07,btc,2.3247490794603345,0.0,0.00000027,btc,1546067.47317911,0.01001227,0.0952891833392561,30
0,[],17,[],2019-02-28 01:15:47,0.0,0,0,6806964,2019-02-28 01:15:47,btc,0.0,0.0,0,btc,0.0,0.0,0.0,30
1,[],4,[],2019-02-28 01:25:11,1114464.22069746,0.00005050,0.0000000019276557,6807165,2019-02-28 01:25:11,btc,6.427807074043687,0.0,0.00005050,btc,77445.19113368,0.6596517,0.9595729642065453,31
1,[],21,[],2019-02-28 01:25:12,59205.72448516,0.00005115000000000000324401963625,0.00000000195246711,6807166,2019-02-28 01:25:12,btc,1.5272146822346422,66227.35249472,0.0000511500000000000032440196362504281069050193764269351959228515625,btc,27177.571621979998,3.47408226,1.832795873540073,31
0,[],2,[],2019-01-20 23:28:43,0.0,0,0,6477009,2019-01-20 23:28:43,,0.0,0.0,0,,0.0,0.0,0.0,32
1,[],4,[],2019-02-28 01:25:13,391914647.33712226,0.00000004,0.000000000001526856,6807167,2019-02-28 01:25:13,btc,12.314592073869441,0.0,0.00000004,"btc,ltc",215374651.33317032,0.83266008,8.993813866192685,33
1,[],12,[],2019-02-28 01:25:14,16707587.0,0.00000004,0.000000000001526856,6807168,2019-02-28 01:25:14,btc,35630554.41776367,0.0,0.00000004,btc,90513738.77328537,0.0080433319480515,0.53859691,33
1,[],4,[],2019-02-28 01:25:15,122479834.15862755,0.00000001,0.000000000000381714,6807169,2019-02-28 01:25:15,btc,4.032492861739446,0.0,0.00000001,btc,101103752.8746267,0.01350848,1.2247983415862755,34
1,[],5,[],2019-02-28 01:25:17,0.0,0,0,6807170,2019-02-28 01:25:17,btc,0.0,0.06218173,0,btc,0.0,0.0,0.0,34
0.0000000001195712,[],4,[],2019-02-28 01:25:19,2583498397.923871,2.391424e-18,9.12840020736e-23,6807171,2019-02-28 01:25:19,ltc,3.7507650323873604e-08,0.0,0.00000002,ltc,5490401055.723887,0.0,4.303886563817073e-09,36
1,[],5,[],2019-02-28 01:25:20,0.0,0,0,6807172,2019-02-28 01:25:20,btc,0.0,0.0,0,btc,0.0,0.0,0.0,36
0,[],17,[],2019-02-28 01:25:22,0.0,0,0,6807173,2019-02-28 01:25:22,btc,0.0746458232965017,0.0,0,btc,4103573.70243647,0.0,0.0,36
0.00000000035848030000000003,[],27,[],2019-02-28 01:25:25,1000000.0,3.5848030000000004e-18,1.3683694923420002e-22,6807174,2019-02-28 01:25:25,eth,222.5997971062634,0.0,0.00000001,"ltc,eth",11163566.48751039,0.0,1.200490182e-12,36
1,[],4,[],2019-02-28 01:25:26,209291.16398449,0.00000063,0.000000000024047982,6807175,2019-02-28 01:25:26,btc,19772.49181339816,0.0,0.00000063,btc,559223.25133437,0.1358262,0.0886278124800111,37
1,[],12,[],2019-02-28 01:25:27,669021.63102233,0.00000063,0.000000000024047982,6807176,2019-02-28 01:25:27,btc,1345.8929749400413,0.0,0.00000063,btc,984324.22718213,0.1099623779907787,0.23060192000000168,37
1,[],27,[],2019-02-28 01:25:30,14685.567,0.00000045,0.00000000001717713,6807177,2019-02-28 01:25:30,btc,25.82160393111233,0.0,0.00000045,btc,6804.86438508,0.0,0.00480032515,37
1,[],17,[],2019-02-28 01:16:25,1752.74075282,0.00000025,0.000000000009561975,6806976,2019-02-28 01:16:25,btc,0.055484923777095005,0.0,0.00000025,btc,1319.19918473,0.0,0.00043818518820499993,37
1,[],5,[],2019-02-28 01:25:31,0.0,0,0,6807178,2019-02-28 01:25:31,btc,0.0,0.03402212,0,btc,0.0,0.0,0.0,42
1,[],12,[],2019-02-28 01:25:33,254463.79936153,0.00000093,0.000000000035499402,6807179,2019-02-28 01:25:33,btc,94.68697082368293,0.0,0.00000093,btc,100574.43562287,0.0095076133233645,0.0599652500000007,42
0.00000000035848030000000003,[],27,[],2019-02-28 01:25:36,2000.0,3.5848030000000004e-18,1.3683694923420002e-22,6807180,2019-02-28 01:25:36,eth,0.00315028,0.0,0.00000001,"btc,eth",11.007,0.0,7.169606000000001e-15,42
1,[],5,[],2019-02-28 01:25:38,0.0,0,0,6807181,2019-02-28 01:25:38,btc,0.0,0.06480184,0,btc,0.0,0.0,0.0,43
1,[],12,[],2019-02-28 01:25:39,1793298.0,0.00000001,0.000000000000381714,6807182,2019-02-28 01:25:39,btc,3569.7554861545354,0.0,0.00000001,btc,12101070.57282716,3.3e-07,0.01793298,43
0,[],17,[],2019-02-28 01:16:49,0.0,0,0,6806983,2019-02-28 01:16:49,btc,0.0,0.0,0,btc,0.0,0.0,0.0,43
1,[],12,[],2019-02-28 01:16:51,643581.0,0.00000005,0.0000000000019123949999999997,6806984,2019-02-28 01:16:51,btc,11116042.727795307,0.0,0.00000005,btc,1102349.40161834,0.0005420445254745,0.01572551,44
1,[],4,[],2019-02-28 01:25:51,290707803.15448976,0.00000002,0.000000000000763428,6807183,2019-02-28 01:25:51,btc,473.6069541117926,0.0,0.00000002,"btc,ltc",12227319.40365541,0.00433559,0.19762581467763898,49
0.0000000001195712,[],4,[],2019-02-28 01:25:52,53966795.76553344,1.195712e-18,4.56420010368e-23,6807184,2019-02-28 01:25:52,ltc,25.475336667679052,0.0,0.00000001,ltc,10233699170.368313,0.0,6.452874529839752e-11,52
0.00000000012741,[],22,[],2019-02-28 01:25:56,80845862.0,1.2741e-18,4.8634180740000004e-23,6807185,2019-02-28 01:25:56,XMR,4366.96996713,0.0,0.00000001,XMR,255350310.67882353,0.0,0.80845862,57
0.00000000035848030000000003,[],27,[],2019-02-28 01:25:59,2000.0,3.5848030000000004e-18,1.3683694923420002e-22,6807186,2019-02-28 01:25:59,eth,0.0,0.0,0.00000001,"btc,eth",0.0,0.0,7.169606000000001e-15,57
0.0000000001195712,[],4,[],2019-02-28 01:26:00,1050929505.1428936,3.587136e-18,1.369260031104e-22,6807187,2019-02-28 01:26:00,ltc,18.807451432112845,0.0,0.00000003,ltc,4070211222.6891255,0.0001,2.5850833366574487e-09,58
1,[],12,[],2019-02-28 01:26:02,1620348857.843957,0.0000000004,0.00000000000001526856,6807188,2019-02-28 01:26:02,btc,224005479720.37305,0.0,0.0000000004,btc,3752940039.971504,0.12975167634345658,0.5232974276011392,58
0.00000000012741,[],22,[],2019-02-28 01:26:16,137438.0,1.2741e-18,4.8634180740000004e-23,6807189,2019-02-28 01:26:16,XMR,69.8835922,0.0,0.00000001,XMR,9887963.0,0.0,0.00137438,58
0,[],17,[],2019-02-28 01:17:06,0.0,0,0,6806991,2019-02-28 01:17:06,btc,1e+24,0.0,0,btc,49226522.0897055,0.0,0.0,58
1,[],5,[],2019-02-28 01:26:18,0.0,0,0,6807190,2019-02-28 01:26:18,btc,0.0,0.82223676,0,btc,0.0,0.0,0.0,61
1,[],22,[],2019-02-28 01:26:22,5149.5,0.00000011,0.000000000004198854,6807191,2019-02-28 01:26:22,BTC,1002.29597012,0.0,0.00000011,BTC,14947.700278135757,0.0,0.00051596,61
1,[],26,[],2019-02-28 01:26:22,0.0,0.00000800,0.0000000003053712,6807192,2019-02-28 01:26:22,btc,0.0,0.0,0.00000800,btc,0.0,0.0,0.0,61
1,[],27,[],2019-02-28 01:26:25,4176.686,0.00000045,0.00000000001717713,6807193,2019-02-28 01:26:25,btc,7.78549260961638,283.432,0.00000045,"btc,eth",20547.11257617,4.978646102460001e-13,0.00019959750681017099,61
1,[],28,[],2019-02-28 01:26:31,13880.304,0.0000005,0.0000000000190857,6807194,2019-02-28 01:26:31,btc,2.056291378300105,271.0,0.0000005,btc,9710.59500005,0.0,0.00566391304,61
1,[],4,[],2019-02-28 01:17:20,1411201.51506526,0.00000283,0.000000000108241557,6806998,2019-02-28 01:17:20,btc,11.199813671500397,0.0,0.00000283,btc,788050.78502565,0.16414513,1.2962807343976033,67
0.0,[],25,[],2019-02-28 01:17:21,0.0,0,0,6806999,2019-02-28 01:17:21,,0.0,0.0,0.0,btc,0.0,0.0,0.0,67
1,[],12,[],2019-02-28 01:26:32,1644446.62925642,0.00000018,0.0000000000068708519999999995,6807195,2019-02-28 01:26:32,btc,11115999.001774965,0.0,0.00000018,btc,2184658.22812793,0.0064769897655,0.0587808464411128,71
,[],5,[],2018-11-20 23:02:39,1.5e-07,0.00000005,0.000000000002128045,4862160,2018-11-20 23:02:39,btc,2.84511358,0.0,,btc,0.00036572,0.0,0.07381892,74
1,[],5,[],2019-02-28 01:26:34,0.0,0,0,6807196,2019-02-28 01:26:34,btc,0.0,0.0,0,btc,0.0,0.0,0.0,75
1,[],4,[],2019-02-27 23:19:51,16180270.251575,0.00000001,0.000000000000380883,6806419,2019-02-27 23:19:51,btc,11388.6318068588,0.0,0.00000001,btc,34456445.8995017,0.0,0.16180270251575,81
0,[],20,[],2019-01-25 09:30:31,0.0,0,0,6495923,2019-01-25 09:30:31,btc,0.0,0.0,0,btc,0.0,0.0,0.0,81
1,[],4,[],2019-02-28 01:26:35,28689.07580824,0.00007572,0.000000002890338408,6807197,2019-02-28 01:26:35,btc,17.74283265543487,0.0,0.00007572,btc,12609.10626039,0.02324844,0.1392542299252961,82
1,[],21,[],2019-02-28 01:26:36,27167.34261204,0.00007401999999999999942448813961,0.000000002825447028,6807198,2019-02-28 01:26:36,btc,2.289401400495833,9672.86194728,0.0000740199999999999994244881396099344783578999340534210205078125,btc,24982.0601677,0.72663515,1.114698914225458,82
0,[],17,[],2019-02-28 01:17:28,0.0,0,0,6807004,2019-02-28 01:17:28,btc,0.0447233088476774,0.0,0,btc,999127.19588126,0.0,0.0,84
0.0000000001195712,[],4,[],2019-02-28 01:26:49,124320938.89519013,3.587136e-18,1.369260031104e-22,6807199,2019-02-28 01:26:49,ltc,1.7828321632288784,0.0,0.00000003,ltc,399012139.7017532,0.0,2.3765633612726876e-10,85
,[],22,[],2018-11-20 23:09:34,3408.1,0.0000001,0.0000000000041895,4862324,2018-11-20 23:09:34,BTC,0.04624735,0.0,,BTC,4990.0,0.0,0.00033081,86
0,[],22,[],2019-02-22 12:52:35,0.0,0,0,6758847,2019-02-22 12:52:35,,2.0760781,0.0,0,,140622.94736842104,0.0,0.0,87
0,[],27,[],2019-02-22 12:52:37,0.0,0,0,6758848,2019-02-22 12:52:37,,0.0,0.0,0,btc,0.0,0.0,0.0,87
,[],2,[],2018-11-20 23:10:47,0.0,0,0,4862359,2018-11-20 23:10:47,,0.0,0.0,,,0.0,0.0,0.0,88
1,[],11,[],2019-02-28 01:26:52,90105.11744108,0.00013751000000000000310536318881560191584867425262928009033203125,0.000000005248949214,6807200,2019-02-28 01:26:52,btc,609.4613525554016,1954.33840007,0.00013751000000000000310536318881560191584867425262928009033203125,btc,97589.78206309,0.0,5.834113942831652,89
0,[],2,[],2019-01-20 23:31:45,0.0,0,0,6477083,2019-01-20 23:31:45,,0.0,0.0,0,,0.0,0.0,0.0,91
1,[],12,[],2019-02-28 01:26:53,465629.46466624,0.0000016800000000000000086801225929189484986636671237647533416748046875,0.000000000064127952,6807201,2019-02-28 01:26:53,btc,4.357333303110871,0.0,0.0000016800000000000000086801225929189484986636671237647533416748046875,btc,58490.08192172,0.0250441608458027,0.0783629519938118,91
0,[],17,[],2019-02-28 01:27:05,0.0,0,0,6807202,2019-02-28 01:27:05,btc,0.0,0.0,0,btc,0.0,0.0,0.0,91
0,[],22,[],2019-02-28 01:27:08,0.0,0,0,6807203,2019-02-28 01:27:08,,3e-06,0.0,0,,1.0,0.0,0.0,91
0.0000000001195712,[],22,[],2019-02-28 01:27:12,1830000.0,5.97856e-18,2.28210005184e-22,6807204,2019-02-28 01:27:12,LTC,8.53161599,0.0,0.00000005,LTC,71994962.1,0.0,0.0915,95
0.0000000001195712,[],4,[],2019-02-28 01:27:13,646276991.0126505,7.413414400000001e-17,2.8298040642816e-21,6807205,2019-02-28 01:27:13,ltc,11.885841616091506,0.0,0.00000062,ltc,136576642.02965617,0.0,1.8418305435107919e-09,96
0,[],12,[],2019-02-28 01:27:15,0.0,0,0,6807206,2019-02-28 01:27:15,btc,255078.11232262466,0.0,0,btc,8739617.62268705,6.99300699e-08,0.0,96
0,[],17,[],2019-02-28 01:27:16,0.0,0,0,6807207,2019-02-28 01:27:16,btc,0.0,0.0,0,btc,0.0,0.0,0.0,96
1,[],4,[],2019-02-28 01:27:17,1378698.45519065,0.00000031,0.000000000011833133999999999,6807208,2019-02-28 01:27:17,btc,3.0319833597876387,0.0,0.00000031,btc,2424057.64989218,0.00475168,0.1070621973061235,99
0,[],2,[],2019-01-20 23:23:55,0.0,0,0,6476914,2019-01-20 23:23:55,,0.0,0.0,0,,0.0,0.0,0.0,100
1,[],4,[],2019-02-28 01:27:18,134712.47569231,0.00004755,0.00000000181505007,6807209,2019-02-28 01:27:18,btc,12.070641938788645,0.0,0.00004755,btc,163327.70098391,3.97234199,2.4974907380214937,100
1,[],22,[],2019-02-28 01:27:22,50000.0,0.00000001,0.000000000000381714,6807210,2019-02-28 01:27:22,BTC,23.49896609,0.0,0.00000001,BTC,10277.22,0.0,0.0005,101
1,[],4,[],2019-02-28 01:27:24,487656.65019115,0.00000094,0.000000000035881116,6807211,2019-02-28 01:27:24,btc,256.2995478326882,0.0,0.00000094,btc,487493.2706824,0.01166135,0.2536260661350689,103
1,[],12,[],2019-02-28 01:27:27,62097151.44545455,0.00000001,0.000000000000381714,6807212,2019-02-28 01:27:27,btc,137278920.6846877,0.0,0.00000001,btc,121767929.25384644,0.10848241843986496,0.2092705304545455,105
1,[],27,[],2019-02-28 01:27:29,81803.89,0.00000001,0.000000000000381714,6807213,2019-02-28 01:27:29,btc,36.58422120075966,44007.0,0.00000001,btc,531915.56793212,0.00044007,0.0008180389,105
1,[],22,[],2019-02-28 01:27:39,9328.0,0.00000001,0.000000000000381714,6807214,2019-02-28 01:27:39,BTC,51.10837004,0.0,0.00000001,BTC,470435.0,0.0,9.328e-05,107
1,[],26,[],2019-02-28 01:27:39,0.0,0.00000000,0,6807215,2019-02-28 01:27:39,btc,0.0,0.0,0.00000000,btc,0.0,0.0,0.0,107
1,[],5,[],2019-02-28 01:27:42,0.0,0,0,6807216,2019-02-28 01:27:42,btc,0.0,0.00114553,0,btc,0.0,0.0,0.0,112
1,[],22,[],2019-02-28 01:27:45,1966.0,0.00000001,0.000000000000381714,6807217,2019-02-28 01:27:45,BTC,2.81183288,0.0,0.00000001,BTC,808524.0833333334,0.0,1.966e-05,112
0.00000000035848030000000003,[],27,[],2019-02-28 01:27:48,2000.0,3.5848030000000004e-18,1.3683694923420002e-22,6807218,2019-02-28 01:27:48,eth,1.35132491849924,0.0,0.00000001,"btc,eth",1328.641654,0.0,7.169606000000001e-15,112
1,[],4,[],2019-02-28 01:27:50,359137.30866469,0.00000286,0.000000000109170204,6807219,2019-02-28 01:27:50,btc,84.97883178109691,0.0,0.00000286,btc,324518.81545531,0.16347461,0.1277948117882848,113
1,[],5,[],2019-02-28 01:27:52,0.0,0,0,6807220,2019-02-28 01:27:52,btc,0.0,0.08939271,0,btc,0.0,0.0,0.0,113
1,[],17,[],2019-02-28 00:25:44,152738.278,0.00000004,0.000000000001524796,6806831,2019-02-28 00:25:44,btc,1.336803027494322,0.0,0.00000004,btc,51896.221,0.0,0.0022095311199999998,116
0,[],27,[],2019-02-28 01:27:55,0.0,0,0,6807221,2019-02-28 01:27:55,,0.0,0.0,0,btc,0.0,0.0,0.0,116
1,[],4,[],2019-02-28 01:27:56,293911.33364113,0.00002553,0.000000000974515842,6807222,2019-02-28 01:27:56,btc,30.209946455899715,0.0,0.00002553,btc,96742.41221082,2.8146818,2.088365689305348,120
1,[],7,[],2019-02-28 01:27:58,15276.40177384,0.00001720000000000000133924989154099449706336599774658679962158203125,0.00000000065654808,6807223,2019-02-28 01:27:58,btc,115647.69917338471,443.62910268,0.00001720000000000000133924989154099449706336599774658679962158203125,btc,56419.49445992,0.01024837,0.0488384373872713,120
1,[],20,[],2019-02-28 01:28:01,1494281.3309,0.000000043,0.0000000000016413702,6807224,2019-02-28 01:28:01,btc,32.291781330822,6421.1655,0.000000043,btc,945722.0393,0.000447049085,0.0100113441862,125
1,[],22,[],2019-02-28 01:28:05,3053.0,0.00000001,0.000000000000381714,6807225,2019-02-28 01:28:05,BTC,0.01444887,0.0,0.00000001,BTC,296263.5111111111,0.0,3.053e-05,126
0,[],2,[],2019-01-20 23:25:46,0.0,0,0,6476969,2019-01-20 23:25:46,,0.0,0.0,0,,0.0,0.0,0.0,131
1,[],4,[],2019-02-28 01:28:07,2646200.74596735,0.00001376,0.000000000525238464,6807226,2019-02-28 01:28:07,btc,7.7948538463304615,0.0,0.00001376,btc,127321.64778082,0.10207249,0.5919313902121932,131
0,[],17,[],2019-02-28 01:28:18,0.0,0,0,6807227,2019-02-28 01:28:18,btc,0.0009561751951600001,0.0,0,btc,35.42829368,0.0,0.0,131
1,[],4,[],2019-02-28 01:28:20,4555.78952083,0.00016001,0.000000006107805714,6807228,2019-02-28 01:28:20,btc,1.620132434201053,0.0,0.00016001,btc,238.12730989,0.00152457,0.0082138372213647,135
1,[],3,[],2019-02-28 01:19:02,1051183.88776843,0.00000004,0.0000000000015299160000000001,6807033,2019-02-28 01:19:02,btc,0.6347130129087458,6859.27908333,0.00000004,btc,2354905.75112032,0.0,0.0335850781737019,136
1,[],4,[],2019-02-28 01:28:21,266127.1806848,0.00000168,0.000000000064127952,6807229,2019-02-28 01:28:21,btc,38.985716551059184,0.0,0.00000168,btc,580443.79939116,0.04766923,0.08029642083665,137
1,[],12,[],2019-02-28 01:28:22,325270.37713457,0.000001749999999999999973748754898694723891594549058936536312103271484375,0.00000000006679995,6807230,2019-02-28 01:28:22,btc,11807.598313481607,0.0,0.000001749999999999999973748754898694723891594549058936536312103271484375,btc,123583.78364659,0.0377273810441968,0.0729945389558096,137
1,[],4,[],2019-02-28 01:28:23,112566.48817183,0.00003113,0.000000001188275682,6807231,2019-02-28 01:28:23,btc,28.981883826323322,0.0,0.00003113,btc,43198.4369123,0.11540004,0.4384538817384975,142
1,[],5,[],2019-02-28 01:28:25,0.0,0,0,6807232,2019-02-28 01:28:25,btc,0.0,0.66496663,0,btc,0.0,0.0,0.0,142
1,[],20,[],2019-02-28 01:28:37,132983.4368,0.00002512,0.000000000958865568,6807233,2019-02-28 01:28:37,btc,0.2960116415556,85.3112,0.00002512,btc,1211.4375,0.0028431616712,0.2264655211907,142
1,[],22,[],2019-02-28 01:28:41,1685.8988921568628,0.00004000,0.000000001526856,6807234,2019-02-28 01:28:41,BTC,3.00385504,0.0,0.00004000,BTC,891.218,0.0,0.00174536,142
0.0,[],25,[],2019-02-28 01:28:42,0.0,0,0,6807235,2019-02-28 01:28:42,,0.0,0.0,0.0,btc,0.0,0.0,0.0,142
0,[],28,[],2019-02-28 01:28:48,0.0,0,0,6807236,2019-02-28 01:28:48,,0.0,0.0,0,,0.0,0.0,0.0,142
1,[],17,[],2019-02-28 01:19:20,22967.386363640002,0.00000088,0.000000000033658152,6807038,2019-02-28 01:19:20,btc,20.0699133484,0.0,0.00000088,btc,405.079105,0.0,0.0104613000000032,142
0,[],22,[],2019-02-28 01:28:51,0.0,0,0,6807237,2019-02-28 01:28:51,,60.80280694,0.0,0,,704341446.3,0.0,0.0,143
0,[],22,[],2019-02-25 15:42:22,0.0,0,0,6783783,2019-02-25 15:42:22,,4.2131946,0.0,0,,2322156.0,0.0,0.0,146
,[],22,[],2018-11-20 23:01:11,0.0,0,0,4862114,2018-11-20 23:01:11,,2.56807021,0.0,,,61828.4988236,0.0,0.0,147
1,[],12,[],2019-02-28 01:28:52,219982.92404723,0.00000250000000000000020450763478507827386465578456409275531768798828125,0.0000000000954285,6807238,2019-02-28 01:28:52,btc,16.61354302605142,0.0,0.00000250000000000000020450763478507827386465578456409275531768798828125,btc,116969.24335616,0.0072386131968238,0.0278041199999909,148
1,[],4,[],2019-02-28 01:28:53,245619.74504268,0.00000032,0.000000000012214848,6807239,2019-02-28 01:28:53,btc,219.96749410271795,0.0,0.00000032,btc,800822.7951546,0.0,0.0582338765710576,152
0,[],22,[],2019-02-28 01:28:56,0.0,0,0,6807240,2019-02-28 01:28:56,,0.0,0.0,0,,0.0,0.0,0.0,152
1,[],5,[],2019-02-28 01:28:58,0.0,0,0,6807241,2019-02-28 01:28:58,btc,0.0,0.0,0,btc,0.0,0.0,0.0,153
,[],16,[],2019-01-11 15:38:59,0.0,0,0,6366141,2019-01-11 15:38:59,btc,0.0,0.0,,btc,0.0,0.0,0.0,155
0,[],23,[],2019-01-20 23:24:29,0.0,0,0,6476932,2019-01-20 23:24:29,,0.0,0.0,0,,0.0,0.0,0.0,156
0,[],22,[],2019-02-28 01:29:02,0.0,0,0,6807242,2019-02-28 01:29:02,,6.74829967,0.0,0,,4646626.747643097,0.0,0.0,156
1,[],22,[],2019-02-28 01:29:05,7073.8,0.00005300,0.0000000020230842,6807243,2019-02-28 01:29:05,BTC,1.80343699,0.0,0.00005300,BTC,899.6422341958436,0.0,0.00104336,157
0,[],22,[],2019-02-28 01:29:08,0.0,0,0,6807244,2019-02-28 01:29:08,,50175.68008609,0.0,0,,54479136.04179466,0.0,0.0,158
,[],17,[],2018-11-20 22:56:10,0.0,0,0,4861976,2018-11-20 22:56:10,btc,1.1265625,0.0,,btc,1000.0,0.0,0.0,159
,[],20,[],2018-11-20 22:56:12,0.0,0,0,4861977,2018-11-20 22:56:12,btc,11912.7940471,0.0,,btc,34413894.3617,0.0,0.0,159
1,[],12,[],2019-02-28 01:29:09,181275.36721262,0.00000802999999999999935075371826354029280992108397185802459716796875,0.00000000030651634199999996,6807245,2019-02-28 01:29:09,btc,6.642930941973116,0.0,0.00000802999999999999935075371826354029280992108397185802459716796875,btc,13694.27413222,0.0012781134,0.0903804860185606,168
1,[],17,[],2019-02-28 01:29:21,29784.95,0.000001,0.000000000038171399999999996,6807246,2019-02-28 01:29:21,btc,0.03026736251542,0.0,0.000001,btc,144.46171372,0.0,0.00716147,168
0,[],22,[],2019-02-28 01:29:24,0.0,0,0,6807247,2019-02-28 01:29:24,,1.1339604,0.0,0,,520283.17470714403,0.0,0.0,169
1,[],22,[],2019-02-28 01:29:28,203600.0,0.00000002,0.000000000000763428,6807248,2019-02-28 01:29:28,BTC,13.2501524,0.0,0.00000002,BTC,144336.2939341018,0.0,0.002072,171
1,[],22,[],2019-02-28 01:29:31,1206014.0,0.00000006,0.000000000002290284,6807249,2019-02-28 01:29:31,BTC,2.19732001,0.0,0.00000006,BTC,241503.87773641286,2.4e-06,0.01966189,173
1,[],5,[],2019-02-28 01:29:33,0.0,0,0,6807250,2019-02-28 01:29:33,btc,0.0,0.16660249,0,btc,0.0,0.0,0.0,175
1,[],22,[],2019-02-28 01:29:37,45904.0,0.0000003,0.00000000001145142,6807251,2019-02-28 01:29:37,BTC,0.52955903,0.0,0.0000003,BTC,143368.41384013777,0.0,0.0052148,176
0,[],2,[],2019-01-20 23:28:34,0.0,0,0,6477001,2019-01-20 23:28:34,,0.0,0.0,0,,0.0,0.0,0.0,178
1,[],7,[],2019-02-28 01:29:39,0.0,0,0,6807252,2019-02-28 01:29:39,btc,410932.5273358376,0.0,0,btc,117801559.31901672,0.0,0.0,178
0,[],22,[],2019-02-28 01:29:42,0.0,0,0,6807253,2019-02-28 01:29:42,,1.00242428,0.0,0,,57512.0,0.0,0.0,178
0,[],23,[],2019-01-20 23:25:08,0.0,0,0,6476952,2019-01-20 23:25:08,,0.0,0.0,0,,0.0,0.0,0.0,179
1,[],5,[],2019-02-28 01:29:44,0.0,0,0,6807254,2019-02-28 01:29:44,btc,0.0,0.03583732,0,btc,0.0,0.0,0.0,179
1,[],22,[],2019-02-28 01:29:54,6961684.0,0.00000002,0.000000000000763428,6807255,2019-02-28 01:29:54,BTC,5.6311133,0.0,0.00000002,"BTC,LTC",17083809.756535422,0.00255564,0.3741744,179
1,[],17,[],2019-02-28 01:29:56,10504.725,0.0000001,0.00000000000381714,6807256,2019-02-28 01:29:56,btc,5.2010695838170005,0.0,0.0000001,btc,4994.45945,0.0,0.0010504725,180
1,[],22,[],2019-02-28 01:30:15,134055.4,0.00000155,0.00000000005916567,6807257,2019-02-28 01:30:15,BTC,0.22074727,0.0,0.00000155,"BTC,LTC",70950.16940664877,0.00122356,0.00274294,180
1,[],26,[],2019-02-28 01:30:15,0.0,0.00000160,0.00000000006107424,6807258,2019-02-28 01:30:15,btc,0.0,0.0,0.00000160,btc,0.0,0.0,0.0,180
,[],7,[],2018-11-20 22:58:01,562227.975654,0.00000085,0.000000000036176765,4862015,2018-11-20 22:58:01,btc,21836.6059674,2491.87645172,,btc,749999.041456,0.00211021,0.127565380455,183
,[],5,[],2019-01-10 08:11:41,0.0,0,0,6347036,2019-01-10 08:11:41,btc,82.15055501,0.00261,,btc,1.19002445,0.0,0.0,187
,[],17,[],2018-11-16 20:58:10,4062536.27273,0.00000001,0.000000000000550501,4708775,2018-11-16 20:58:10,btc,3.36492563466,0.195460381006,,"btc,eth",110697919.549,0.0,0.0157628953496,187
1,[],24,[],2019-02-28 01:30:16,0.0,0.000000000001,3.81714e-17,6807259,2019-02-28 01:30:16,btc,0.0,0.0,0.000000000001,btc,0.0,0.0,0.0,187
0,[],22,[],2019-02-27 04:05:17,0.0,0,0,6799309,2019-02-27 04:05:17,,1.19374396,0.0,0,,16308.869534405507,0.0,0.0,191
0,[],22,[],2019-02-28 01:30:21,0.0,0,0,6807260,2019-02-28 01:30:21,,0.0,0.0,0,,0.0,0.0,0.0,197
0,[],23,[],2019-01-20 23:31:41,0.0,0,0,6477079,2019-01-20 23:31:41,,0.0,0.0,0,,0.0,0.0,0.0,199
0,[],22,[],2019-02-28 01:30:24,0.0,0,0,6807261,2019-02-28 01:30:24,,5.19477622,0.0,0,,21058553.0,0.0,0.0,199
1,[],26,[],2019-02-28 01:30:25,0.0,0.00000000,0,6807262,2019-02-28 01:30:25,btc,0.0,0.0,0.00000000,btc,0.0,0.0,0.0,199
0,[],17,[],2019-01-30 16:32:01,0.0,0,0,6540827,2019-01-30 16:32:01,btc,6.802544163788159,0.0,0,btc,105897.55575295,0.0,0.0,200
0,[],2,[],2019-01-20 23:30:49,0.0,0,0,6477059,2019-01-20 23:30:49,,0.0,0.0,0,,0.0,0.0,0.0,201
1,[],4,[],2019-01-25 15:51:35,2084389.58565343,0.00000936,0.000000000333526752,6499557,2019-01-25 15:51:35,btc,2.0092503037378524,0.0,0.00000936,btc,160195.80207885,0.19272417,1.242687955921835,211
1,[],7,[],2019-02-28 01:30:28,2984931.46461969,0.00000137999999999999991637657063836552850943917292170226573944091796875,0.000000000052676531999999994,6807263,2019-02-28 01:30:28,btc,15476655.130142942,735989.4597,0.00000137999999999999991637657063836552850943917292170226573944091796875,btc,12752151.31678933,0.0,3.164658641031954,212
1,[],12,[],2019-01-25 02:44:32,207462.42853209,0.000001080000000000000035831255497387193287295303889550268650054931640625,0.000000000038610756000000006,6493050,2019-01-25 02:44:32,btc,85023.03793723314,0.0,0.000001080000000000000035831255497387193287295303889550268650054931640625,btc,43675.73520027,0.000146250909087,0.0348620860622024,213
1,[],5,[],2019-02-28 01:30:29,0.0,0,0,6807264,2019-02-28 01:30:29,btc,0.0,0.16315957,0,btc,0.0,0.0,0.0,213
1,[],24,[],2019-02-28 01:30:30,0.0,0.000000110000,0.000000000004198854,6807265,2019-02-28 01:30:30,btc,0.0,0.0,0.000000110000,btc,0.0,0.0,0.0,213
1,[],26,[],2019-02-28 01:30:30,0.0,0.00000010,0.00000000000381714,6807266,2019-02-28 01:30:30,btc,0.0,0.0,0.00000010,btc,0.0,0.0,0.0,213
1,[],22,[],2019-02-28 01:30:33,29544.0,0.00000002,0.000000000000763428,6807267,2019-02-28 01:30:33,BTC,2.22899412,0.0,0.00000002,BTC,531026.3963726171,0.000868,0.00030003,216
1,[],27,[],2019-02-28 01:30:36,6248602.0,0.00000003,0.000000000001145142,6807268,2019-02-28 01:30:36,btc,316.32805111644,2699.005988,0.00000003,"btc,ltc",235048.901,0.00032388,0.03377204001205278,216
1,[],22,[],2019-02-28 01:30:40,242622.002186885,0.00000225,0.00000000008588565,6807269,2019-02-28 01:30:40,BTC,12673.560865,0.0,0.00000225,BTC,386939.86950989376,0.02498666,0.34210727,217
1,[],7,[],2019-02-28 01:30:42,0.0,0,0,6807270,2019-02-28 01:30:42,btc,77969.77488735563,0.0,0,btc,137043486.5550253,0.0,0.0,219
0,[],27,[],2019-02-28 01:30:44,0.0,0,0,6807271,2019-02-28 01:30:44,,0.0740438339680921,0.0,0,btc,1536429.20709513,0.0,0.0,219
0.0000000000000052,[],28,[],2019-02-28 01:30:50,167609414.732,2.3404680000000002e-18,8.93389402152e-23,6807272,2019-02-28 01:30:50,doge,83883.3352434475,11217.768,0.00045009,"btc,doge",4823713.77951,0.0,9.277680338775264e-12,219
1,[],22,[],2019-02-28 01:30:53,340665.0,0.00000003,0.000000000001145142,6807273,2019-02-28 01:30:53,BTC,2.94533216,0.0,0.00000003,BTC,114179.27041875875,0.0,0.00940665,221
1,[],24,[],2019-02-28 01:30:53,0.0,0.000000200000,0.00000000000763428,6807274,2019-02-28 01:30:53,btc,0.0,0.0,0.000000200000,btc,0.0,0.0,0.0,221
1,[],20,[],2019-02-28 01:30:56,40748456.2707,0.000000001,0.0000000000000381714,6807275,2019-02-28 01:30:56,btc,48.2375264230632,50000.0,0.000000001,btc,13394908.9689,0.0001,0.0407484562707,224
0,[],22,[],2019-02-28 01:30:58,0.0,0,0,6807276,2019-02-28 01:30:58,,0.0,0.0,0,,0.0,0.0,0.0,224
1,[],26,[],2019-02-28 01:30:59,0.0,0.00000035,0.00000000001335999,6807277,2019-02-28 01:30:59,btc,0.0,0.0,0.00000035,btc,0.0,0.0,0.0,231
1,[],26,[],2019-02-28 01:21:44,0.0,0.00000006,0.000000000002294874,6807084,2019-02-28 01:21:44,btc,0.0,100.0,0.00000006,btc,0.0,0.0,0.0,234
0.00000000035812560000000003,[],27,[],2019-02-28 01:21:47,2000.0,3.581256e-18,1.369755213624e-22,6807085,2019-02-28 01:21:47,eth,0.0113483662182,0.0,0.00000001,"btc,eth",11462.99618,0.0,7.162512e-15,234
1,[],4,[],2019-02-28 01:21:48,940070.50140782,0.00000072,0.000000000027538488,6807086,2019-02-28 01:21:48,btc,4.358385822327003,0.0,0.00000072,btc,1088228.17271253,0.03487451,0.2425442673126073,236
1,[],24,[],2019-02-28 01:21:49,0.0,0.000000300000,0.000000000011474370000000001,6807087,2019-02-28 01:21:49,btc,0.0,0.0,0.000000300000,btc,0.0,0.0,0.0,236
1,[],20,[],2019-02-28 01:31:00,151540841.3234,0.000000056,0.0000000000021375984,6807278,2019-02-28 01:31:00,btc,10.8005885017545,45828330.5495,0.000000056,btc,43888800.926,2.9709023502967,0.5250528310092,237
0.0000000001195712,[],22,[],2019-02-28 01:31:04,14400.0,1.195712e-17,4.56420010368e-22,6807279,2019-02-28 01:31:04,LTC,0.0413973,0.0,0.0000001,LTC,7239.0,0.0,0.00144,237
1,[],4,[],2019-02-28 01:31:06,7235461.54301519,0.00000034,0.000000000012978276,6807280,2019-02-28 01:31:06,btc,6.248223025609836,0.0,0.00000034,btc,9755805.39395997,0.17549271,1.5915172891560998,238
1,[],5,[],2019-02-28 01:31:07,0.0,0,0,6807281,2019-02-28 01:31:07,btc,0.0,0.02037488,0,btc,0.0,0.0,0.0,238
0,[],22,[],2019-02-28 01:31:11,0.0,0,0,6807282,2019-02-28 01:31:11,,0.41356282,0.0,0,,316008.5639027493,0.0,0.0,249
0.0000000001195712,[],22,[],2019-02-28 01:31:14,7121097.666666667,3.587136e-18,1.369260031104e-22,6807283,2019-02-28 01:31:14,LTC,0.52329319,0.0,0.00000003,LTC,18903494.09,3.601824126208e-12,0.21263595,252
1,[],28,[],2019-02-28 01:31:20,4567665.434,0.00000022,0.000000000008397708,6807284,2019-02-28 01:31:20,btc,164706.69072751133,13389.99,0.00000022,btc,2053675.0669,0.0,0.38159691954,256
1,[],22,[],2019-02-28 01:31:24,1145354.0,0.00000002,0.000000000000763428,6807285,2019-02-28 01:31:24,BTC,31.47160001,0.0,0.00000002,BTC,670687.0957866946,2.8e-05,0.01233444,258
1,[],22,[],2019-02-28 01:31:27,48751.0,0.00000001,0.000000000000381714,6807286,2019-02-28 01:31:27,BTC,2.4175745,0.0,0.00000001,BTC,1762.0,0.0,0.00048751,259
1,[],5,[],2019-02-28 01:31:30,0.0,0,0,6807287,2019-02-28 01:31:30,btc,0.0,0.05405568,0,btc,0.0,0.0,0.0,264
1,[],20,[],2019-02-28 01:31:31,1225012.4379,0.000002222,0.0000000000848168508,6807288,2019-02-28 01:31:31,btc,7.210552943923,102242.8779,0.000002222,btc,84171.0432,0.3229568268952,0.0290500497585,264
0,[],22,[],2019-02-28 01:31:34,0.0,0,0,6807289,2019-02-28 01:31:34,,8.33272543,0.0,0,,413548.34411321935,0.0,0.0,271
0,[],22,[],2019-02-28 01:31:37,0.0,0,0,6807290,2019-02-28 01:31:37,,259.44095859,0.0,0,,14406783063.9,0.0,0.0,272
0.0000000000000052,[],28,[],2019-02-28 01:31:42,233252947588.701,4.472e-21,1.707025008e-25,6807291,2019-02-28 01:31:42,doge,21988806.506650273,10500000000.0,0.00000086,doge,240100718135.9798,0.0,6.600472104192652e-10,272
1,[],22,[],2019-02-28 01:31:47,116889.74,0.00000360,0.00000000013741704,6807292,2019-02-28 01:31:47,BTC,74.32244185,0.0,0.00000360,"BTC,LTC",8380.527743939856,0.0,0.04953697,281
1,[],22,[],2019-02-28 01:31:51,863814.5,0.00000002,0.000000000000763428,6807293,2019-02-28 01:31:51,BTC,1.33224124,0.0,0.00000002,BTC,134474.99887885063,0.00040847,0.01714417,286
0,[],22,[],2019-02-28 01:32:07,0.0,0,0,6807294,2019-02-28 01:32:07,,43634.55501853,0.0,0,,422566696.0,0.0,0.0,294
