pairValue,buyBook,exchangeId,sellBook,updated,buyTotal,satoshiPrice,usdPrice,exchangeLogId,created,bestPair,sellTotalBtc,volume,pairPrice,activePairs,sellTotal,volumeBtc,buyTotalBtc,coinId
1,[],3,[],2019-02-15 15:03:22,138.075708349721,0.0129516600000000002557154488158630556426942348480224609375,0.00000046504359912600003,6677573,2019-02-15 15:03:22,btc,107.09241492165386,1.15313498,0.0129516600000000002557154488158630556426942348480224609375,btc,23.398564715251002,0.0,0.3795946684571368,1
1,[],4,[],2019-02-15 15:03:23,95.50349831,0.01321001,0.00000047431994006100005,6677574,2019-02-15 15:03:23,btc,0.9417904485256147,0.0,0.01321001,btc,67.13667144,1.96208444,1.1624794009493318,1
1,[],5,[],2019-02-15 15:03:25,0.27205971,0.01291998,0.00000046390609387800004,6677575,2019-02-15 15:03:25,btc,14578.73354086,0.32071808,0.01291998,btc,35555556.2057322,0.0,2.29048747,1
1,[],10,[],2019-02-15 15:03:30,414455.87864994,0.0113803,0.00000040862218983,6677576,2019-02-15 15:03:30,btc,6525.821568898552,1080.27757741,0.0113803,btc,1098.54636639,0.0,5.6673904369549994,1
1,[],12,[],2019-02-15 15:03:33,10428.13213541,0.01322000000000000084765527930130701861344277858734130859375,0.00000047467864200000006,6677577,2019-02-15 15:03:33,btc,0.1687444576826,0.0,0.01322000000000000084765527930130701861344277858734130859375,btc,6.0698231,2.086276436616,0.10148371948030001,1
1,[],20,[],2019-02-15 15:03:35,1151.2812,0.010500212,0.0000003770216620932,6677578,2019-02-15 15:03:35,btc,0.0573537536243,0.0,0.010500212,btc,2.5253,0.0,0.0913765358335,1
1,[],21,[],2019-02-15 15:03:36,2431.4744716,0.01308752000000000005608402631,0.000000469921801872,6677579,2019-02-15 15:03:36,btc,26.737905601275283,4608.5030021,0.01308752000000000005608402631196440779604017734527587890625,"btc,eth",2538.55375967,49.96901104792361,21.931375268859558,1
1,[],22,[],2019-02-15 15:03:44,0.0280576,0.01350000,0.00000048473235,6677580,2019-02-15 15:03:44,BTC,0.3139634,0.0,0.01350000,BTC,0.10070366666666666,0.0,0.00036518,1
1,[],24,[],2019-02-15 15:03:46,0.0,0.000000000000,0,6677581,2019-02-15 15:03:46,btc,0.0,0.0,0.000000000000,btc,0.0,0.0,0.0,1
0.0,[],25,[],2019-02-15 15:03:46,0.0,0,0,6677582,2019-02-15 15:03:46,btc,25.581199997351305,852.05218779,0.0,btc,1911.85445829,11.23,0.0,1
1,[],26,[],2019-02-15 15:03:56,0.0,0,0,6677583,2019-02-15 15:03:56,,0.0,0.0,0,,0.0,0.0,0.0,1
1,[],28,[],2019-02-15 15:03:58,992.968,0.01231000,0.00000044200409100000003,6677584,2019-02-15 15:03:58,btc,0.162839806,17499.2,0.01231000,btc,8.9,0.0,0.086870176,1
0,[],2,[],2019-01-20 23:28:45,0.0,0,0,6477011,2019-01-20 23:28:45,,0.0,0.0,0,,0.0,0.0,0.0,1
1,[],5,[],2019-02-15 15:04:00,1.472e-05,0.00000066,0.000000000023698026,6677585,2019-02-15 15:04:00,btc,0.12687184,0.03091334,0.00000066,btc,6.166e-05,0.0,0.252574,2
0,[],22,[],2019-02-15 15:04:04,0.0,0,0,6677586,2019-02-15 15:04:04,,0.0,0.0,0,,0.0,0.0,0.0,2
1,[],5,[],2019-02-15 15:04:06,1.29e-06,0.00000017,0.000000000006104037,6677587,2019-02-15 15:04:06,btc,4.35233186,0.03182271,0.00000017,btc,2.278e-05,0.0,3.56436418,3
1,[],12,[],2019-02-15 15:04:07,11771471.70067032,0.000000168,0.0000000000060322248,6677588,2019-02-15 15:04:07,btc,923741.0145713448,0.0,0.000000168,btc,7993741.97604742,0.07534501253315631,0.4363386913364808,3
0,[],28,[],2019-02-15 15:04:09,0.0,0,0,6677589,2019-02-15 15:04:09,,0.0,0.0,0,,0.0,0.0,0.0,3
0,[],2,[],2019-01-20 23:31:32,0.0,0,0,6477077,2019-01-20 23:31:32,,0.0,0.0,0,,0.0,0.0,0.0,4
1,[],4,[],2019-02-15 15:04:10,370831.19389449,0.00000034,0.000000000012208074,6677590,2019-02-15 15:04:10,btc,0.3812511429893935,0.0,0.00000034,btc,338651.23757444,0.0,0.0452380199911089,4
1,[],12,[],2019-02-14 17:26:54,1405077.5219999999,0.00000004,0.000000000001441592,6666503,2019-02-14 17:26:54,btc,11113878.38315974,0.0,0.00000004,btc,1084186.13790569,0.0004039437362635,0.02355927044,5
0,[],2,[],2019-01-20 23:31:51,0.0,0,0,6477087,2019-01-20 23:31:51,,0.0,0.0,0,,0.0,0.0,0.0,6
1,[],11,[],2019-02-15 15:04:12,1742309.499998,0.00000002,0.000000000000718122,6677591,2019-02-15 15:04:12,btc,9433.282080624413,1233776.0,0.00000002,btc,39784964.28062851,0.0,0.02635588499996,6
1,[],3,[],2019-02-15 15:04:14,1077.713733273154,0.00014526999999999999657086802162808680805028416216373443603515625,0.000000005216079147,6677592,2019-02-15 15:04:14,btc,27.605824309446497,0.0,0.00014526999999999999657086802162808680805028416216373443603515625,btc,249.145665820227,0.0,0.03203197781662376,7
1,[],4,[],2019-02-15 15:04:16,18437.28365849,0.00023040,0.00000000827276544,6677593,2019-02-15 15:04:16,btc,3.118216646964782,0.0,0.00023040,btc,12311.28715671,12.33884698,3.6808374018132772,7
1,[],5,[],2019-02-15 15:04:17,0.00693622,0.00021465,0.000000007707244365,6677594,2019-02-15 15:04:17,btc,1.96415327,0.64199203,0.00021465,btc,0.01363747,0.0,1.70829267,7
1,[],20,[],2019-02-15 14:19:19,43513291.8418,0.000000001,0.0000000000000362097,6677208,2019-02-15 14:19:19,btc,116.5827776391263,3203.0,0.000000001,btc,29035064.8892,3.203e-06,0.0435132918418,8
0,[],2,[],2019-01-20 23:22:42,0.0,0,0,6476876,2019-01-20 23:22:42,,0.0,0.0,0,,0.0,0.0,0.0,9
0,[],23,[],2019-01-20 23:22:48,0.0,0,0,6476878,2019-01-20 23:22:48,,0.0,0.0,0,,0.0,0.0,0.0,9
1,[],1,[],2019-02-15 15:04:19,3573154.85,0.00000181999999999999993881738720447049928452543099410831928253173828125,0.000000000065349102,6677595,2019-02-15 15:04:19,btc,2.3961541968,21718499.15,0.00000181999999999999993881738720447049928452543099410831928253173828125,btc,1289656.94,39.5464485,6.447076264,9
1,[],4,[],2019-02-15 15:04:20,186978.79518105,0.00000181,0.000000000064990041,6677596,2019-02-15 15:04:20,btc,0.8361681523931876,0.0,0.00000181,btc,439576.83235154,1.60411237,0.3031255923407047,9
1,[],28,[],2019-02-15 15:04:22,43335.0,0.00000167,0.000000000059963187,6677597,2019-02-15 15:04:22,btc,2708.76119522,3559053.0,0.00000167,btc,11732.68,0.0,0.04320645,9
1,[],4,[],2019-02-10 09:54:02,5828483.02026053,0.00000002,0.000000000000726692,6623074,2019-02-10 09:54:02,btc,0.2014004865591215,0.0,0.00000002,btc,4198675.28035349,0.00021932,0.0653957035452106,10
0,[],2,[],2019-01-20 23:23:08,0.0,0,0,6476890,2019-01-20 23:23:08,,0.0,0.0,0,,0.0,0.0,0.0,12
1,[],4,[],2019-02-15 14:30:38,1704013.3148034,0.00000157,0.000000000056677628,6677406,2019-02-15 14:30:38,btc,4.35650007127728,0.0,0.00000157,btc,2093973.9144216,15.2700104,2.3877207722198914,12
1,[],5,[],2019-02-15 14:30:40,4.921e-05,0.00000171,0.000000000061731684,6677407,2019-02-15 14:30:40,btc,0.39988089,1.76545741,0.00000171,btc,0.00013438,0.0,0.66164422,12
0.0,[],25,[],2019-02-15 14:30:41,0.0,0,0,6677408,2019-02-15 14:30:41,,0.0,0.0,0.0,btc,0.0,0.0,0.0,12
1,[],4,[],2019-02-15 15:04:23,1304257.87885686,0.00000663,0.000000000238057443,6677598,2019-02-15 15:04:23,btc,1.2745879588105649,0.0,0.00000663,btc,176714.61987925,1.46550972,1.3199818259505547,13
1,[],21,[],2019-02-15 15:04:28,841432.74292462,0.000006720000000000000034720490372,0.00000000024128899200000004,6677599,2019-02-15 15:04:28,btc,8.532735630486842,2738697.66408,0.00000672000000000000003472049037167579399465466849505901336669921875,btc,1080973.75223446,18.98089988,5.173884644193451,13
1,[],10,[],2019-02-15 14:19:35,453091.29517642,0.00000662,0.000000000239708214,6677216,2019-02-15 14:19:35,btc,666805.4481480973,9109.61372602,0.00000662,btc,724402.75511944,0.0,0.4176147472665725,13
0,[],17,[],2019-02-15 14:03:41,0.0,0,0,6677017,2019-02-15 14:03:41,btc,0.0,0.0,0,btc,0.0,0.0,0.0,14
1,[],4,[],2019-02-15 14:30:46,994949.94120521,0.00000144,0.000000000051984576,6677411,2019-02-15 14:30:46,btc,0.1500807644924789,0.0,0.00000144,btc,77217.79581253,0.03187075,0.4237194502252629,14
1,[],12,[],2019-02-15 14:30:47,85369.2231405,0.000001260000000000000006510091944689211373997750342823565006256103515625,0.000000000045486504,6677412,2019-02-15 14:30:47,btc,2.776267031681351,0.0,0.000001260000000000000006510091944689211373997750342823565006256103515625,btc,30207.37033352,0.00023058,0.009125080000005,14
1,[],26,[],2019-02-15 14:30:58,0.0,0.00000050,0.0000000000180502,6677413,2019-02-15 14:30:58,btc,0.0,0.0,0.00000050,btc,0.0,0.0,0.0,14
0,[],4,[],2019-02-15 15:04:29,0.0,0,0,6677600,2019-02-15 15:04:29,,0.0,0.0,0,,0.0,0.0,0.0,15
,[],12,[],2018-12-01 15:15:48,204241.84496,0.00000489,0.000000000202473384,5260204,2018-12-01 15:15:48,btc,49.5475654835,0.0,,btc,35763.2193806,0.0163153972027625,0.0203389899998,15
0,[],2,[],2019-01-20 23:23:38,0.0,0,0,6476906,2019-01-20 23:23:38,,0.0,0.0,0,,0.0,0.0,0.0,18
1,[],4,[],2019-02-15 14:31:01,27482.05682596,0.00001820,0.00000000065702728,6677415,2019-02-15 14:31:01,btc,2.2215250373053226,0.0,0.00001820,btc,7827.48671501,0.00204434,0.1106819048441903,18
1,[],10,[],2019-02-15 14:31:05,795932.17986767,0.000018,0.0000000006498072,6677416,2019-02-15 14:31:05,btc,15.534651342856288,160.5001,0.000018,btc,10380.70076343,0.0,0.4157303428303478,18
1,[],12,[],2019-02-15 14:31:05,204418.53299453,0.00001800000000000000045601543374740316494353464804589748382568359375,0.0000000006498072,6677417,2019-02-15 14:31:05,btc,22.611989847993556,0.0,0.00001800000000000000045601543374740316494353464804589748382568359375,btc,1864.60747713,0.0024281541083913,0.0356614619420949,18
0,[],17,[],2019-02-15 14:31:07,0.0,0,0,6677418,2019-02-15 14:31:07,btc,0.0,0.0,0,btc,0.0,0.0,0.0,18
1,[],3,[],2019-02-15 15:04:30,132625.4159990868,0.00002599999999999999839993443384589255629180115647614002227783203125,0.0000000009335586,6677601,2019-02-15 15:04:30,btc,0.5006362300275478,63.5493074734,0.00002599999999999999839993443384589255629180115647614002227783203125,btc,5692.694388264549,0.0,0.17716768622238885,19
1,[],4,[],2019-02-15 15:04:31,235048.96597074,0.00002762,0.000000000991726482,6677602,2019-02-15 15:04:31,btc,0.2447343016222275,0.0,0.00002762,btc,8230.6973467,0.38978845,2.098380089367547,19
1,[],5,[],2019-02-15 15:04:32,0.00017404,0.00002404,0.0000000008631826440000001,6677603,2019-02-15 15:04:32,btc,0.25322988,0.0,0.00002404,btc,0.00302507,0.0,0.06435636,19
1,[],12,[],2019-02-15 15:04:35,134759.0,0.00002400999999999999881821095837342028289640438742935657501220703125,0.000000000862105461,6677604,2019-02-15 15:04:35,btc,0.0289625267813548,0.0,0.00002400999999999999881821095837342028289640438742935657501220703125,btc,292.66393647,0.0,0.031490989999999996,19
0,[],27,[],2019-02-15 15:04:38,0.0,0,0,6677605,2019-02-15 15:04:38,,0.0,0.0,0,btc,0.0,0.0,0.0,19
0,[],2,[],2019-01-20 23:24:19,0.0,0,0,6476924,2019-01-20 23:24:19,,0.0,0.0,0,,0.0,0.0,0.0,19
1,[],4,[],2019-02-15 15:04:39,8105964.88270166,0.00000014,0.000000000005026854,6677606,2019-02-15 15:04:39,btc,0.755727028439737,0.0,0.00000014,btc,1584963.29804812,0.00160309,0.2633208437753649,20
1,[],4,[],2019-02-15 15:04:40,112204141.0629021,0.00000002,0.000000000000718122,6677607,2019-02-15 15:04:40,btc,0.5035117707206992,0.0,0.00000002,btc,14484494.42271071,0.01825778,1.2819232651386825,21
1,[],12,[],2019-02-15 15:04:42,17376826.0,0.00000002,0.000000000000718122,6677608,2019-02-15 15:04:42,btc,669.7041376091021,0.0,0.00000002,btc,8561386.84915352,0.0001676,0.2197768,21
0,[],17,[],2019-02-15 15:04:44,0.0,0,0,6677609,2019-02-15 15:04:44,btc,0.0,0.0,0,btc,0.0,0.0,0.0,21
0,[],27,[],2019-02-15 15:06:46,0.0,0,0,6677610,2019-02-15 15:06:46,,0.7240921565934114,0.0,0,eth,727098.85514486,0.0,0.0,23
1,[],12,[],2019-02-15 14:31:26,2891718785.043896,0.0000000002,0.00000000000000722008,6677427,2019-02-15 14:31:26,btc,830864729392.6289,0.0,0.0000000002,btc,4240818591.7194815,0.015587051717482913,0.32832406525558977,23
1,[],4,[],2019-02-15 15:06:47,375120.90535611,0.00000073,0.000000000026211453,6677611,2019-02-15 15:06:47,btc,0.168706257613358,0.0,0.00000073,btc,166561.91159366,0.02298406,0.1884230234062258,24
1,[],22,[],2019-02-15 15:06:52,11.76,0.00000100,0.0000000000359061,6677612,2019-02-15 15:06:52,BTC,7.415e-05,0.0,0.00000100,BTC,23.919354838709676,0.0,1.176e-05,24
0.0,[],25,[],2019-02-15 15:06:53,0.0,0,0,6677613,2019-02-15 15:06:53,,0.0,0.0,0.0,btc,0.0,0.0,0.0,24
1,[],4,[],2019-02-15 15:06:54,27020215.35409442,0.00000575,0.000000000206460075,6677614,2019-02-15 15:06:54,btc,0.5737824988345247,0.0,0.00000575,btc,49095.78721371,0.1802638,0.4348952375135991,26
1,[],10,[],2019-02-15 15:06:56,733314.39724698,0.0000054,0.00000000019389294,6677615,2019-02-15 15:06:56,btc,25.927310624614755,1472.76013581,0.0000054,btc,14351.41452713,0.0,0.2154503992385128,26
0,[],2,[],2019-01-20 23:25:56,0.0,0,0,6476976,2019-01-20 23:25:56,,0.0,0.0,0,,0.0,0.0,0.0,26
1,[],3,[],2019-02-15 15:06:59,5689817.95913569,0.00000001,0.000000000000359061,6677616,2019-02-15 15:06:59,btc,2.6998142562093017,692695.266376,0.00000001,btc,17268102.61059958,0.0,0.0568981795913569,27
1,[],5,[],2019-02-15 15:07:00,1e-08,0.00000001,0.000000000000359061,6677617,2019-02-15 15:07:00,btc,1.5981049,0.00026007,0.00000001,btc,4.345e-05,0.0,0.09881515,27
1,[],11,[],2019-02-15 15:07:02,10063976.7912115,0.00000005,0.000000000001795305,6677618,2019-02-15 15:07:02,btc,370.6338278222541,8080.0,0.00000005,btc,8170874.5693934,0.0,0.4660996184459823,27
1,[],4,[],2019-02-15 15:07:03,604077532.8473666,0.00000002,0.000000000000718122,6677619,2019-02-15 15:07:03,btc,0.3034038832947969,0.0,0.00000002,"btc,ltc",19999155.08186734,0.11229778,8.62090132009036,29
1,[],7,[],2019-02-15 15:07:05,28334686.833719518,0.00000002,0.000000000000718122,6677620,2019-02-15 15:07:05,btc,44465228.21241281,635060.703972,0.00000002,btc,55538651.690747544,0.0,0.4118688002381527,29
1,[],4,[],2019-02-15 15:07:06,1404049.97160566,0.00000024,0.000000000008617464,6677621,2019-02-15 15:07:06,btc,0.1505282373367734,0.0,0.00000024,btc,352936.05857253,0.04306897,0.0870702654288628,30
0,[],17,[],2019-02-15 14:31:50,0.0,0,0,6677440,2019-02-15 14:31:50,btc,0.0,0.0,0,btc,0.0,0.0,0.0,30
1,[],4,[],2019-02-15 15:07:17,87047.98710795,0.00006788,0.0000000024373060680000003,6677622,2019-02-15 15:07:17,btc,0.6330067466579108,0.0,0.00006788,btc,7509.79236002,3.41000028,3.3419677671861625,31
1,[],21,[],2019-02-15 15:07:19,88340.07584984999,0.00006766999999999999415318391316,0.000000002429765787,6677623,2019-02-15 15:07:19,btc,2.860596879605917,221408.28654001,0.000067669999999999994153183913159210760568385012447834014892578125,btc,38373.61388577,16.03773757,5.447943308823121,31
0,[],2,[],2019-01-20 23:28:43,0.0,0,0,6477009,2019-01-20 23:28:43,,0.0,0.0,0,,0.0,0.0,0.0,32
1,[],4,[],2019-02-15 15:07:21,153833105.8485781,0.00000005,0.000000000001795305,6677624,2019-02-15 15:07:21,btc,2.273749132080585,0.0,0.00000005,"btc,ltc",47557394.71866562,0.49255106,3.041672353690838,33
1,[],12,[],2019-02-15 15:07:22,14528236.0,0.00000004,0.000000000001436244,6677625,2019-02-15 15:07:22,btc,34509932.11391278,0.0,0.00000004,btc,89011810.23476504,0.0093653880619388,0.46642719,33
1,[],4,[],2019-02-15 15:07:23,135141657.04913935,0.00000001,0.000000000000359061,6677626,2019-02-15 15:07:23,btc,1.0361283331003033,0.0,0.00000001,btc,41427767.75632942,0.00697078,1.3514165704913936,34
1,[],5,[],2019-02-15 15:07:24,1e-08,0.00000001,0.000000000000359061,6677627,2019-02-15 15:07:24,btc,5.07867714,0.00128794,0.00000001,btc,1.343e-05,0.0,0.85475682,34
0.0000000001161709,[],4,[],2019-02-15 15:07:25,1018292613.4867,2.323418e-18,8.342487904980001e-23,6677628,2019-02-15 15:07:25,ltc,1.130254236496826e-08,0.0,0.00000002,ltc,2332657106.6383977,0.0,1.7360673159663876e-09,36
1,[],5,[],2019-02-15 15:07:28,0.0,0,0,6677629,2019-02-15 15:07:28,btc,197.5385643,0.0,0,btc,1.325e-05,0.0,0.0,36
0,[],17,[],2019-02-15 15:07:41,0.0,0,0,6677630,2019-02-15 15:07:41,btc,0.14155809404650171,0.0,0,btc,10794800.77743647,0.0,0.0,36
0.00000000033745720000000003,[],27,[],2019-02-15 15:07:43,7.0,3.374572e-18,1.211677196892e-22,6677631,2019-02-15 15:07:43,eth,230.00791353271,48.0,0.00000001,"ltc,eth",3710919.3029,8.1157014096e-14,2.3622004e-17,36
1,[],17,[],2019-02-15 14:05:07,1752.74075282,0.00000025,0.00000000000904685,6677058,2019-02-15 14:05:07,btc,0.05548492398263968,0.0,0.00000025,btc,1387.19918473,0.0,0.00043818518820499993,37
1,[],4,[],2019-02-15 15:07:44,292004.99116721,0.00000109,0.000000000039137649,6677632,2019-02-15 15:07:44,btc,0.4934084286454568,0.0,0.00000109,btc,317502.25711471,0.04470214,0.1640672798574358,37
1,[],12,[],2019-02-15 15:07:45,416096.40476191,0.000001120000000000000076372827333137660588135986472479999065399169921875,0.000000000040214832000000007,6677633,2019-02-15 15:07:45,btc,1363.9999746819558,0.0,0.000001120000000000000076372827333137660588135986472479999065399169921875,btc,667205.79210115,0.1325259309474956,0.1844487400000053,37
1,[],27,[],2019-02-15 15:07:57,15952.0,0.00000052,0.000000000018671172,6677634,2019-02-15 15:07:57,btc,26.66003703686233,0.0,0.00000052,btc,6579.81438508,0.0,0.00545422,37
1,[],5,[],2019-02-15 15:07:59,1.474e-05,0.00000096,0.000000000034469856,6677635,2019-02-15 15:07:59,btc,0.09554793,0.0489786,0.00000096,btc,9.569e-05,0.0,0.04355551,42
1,[],12,[],2019-02-15 15:08:00,126773.40229885001,0.00000089,0.000000000031956429,6677636,2019-02-15 15:08:00,btc,92.91687649629844,0.0,0.00000089,btc,93623.75753696,0.00450727909157,0.044414636436781396,42
0,[],27,[],2019-02-15 15:08:02,0.0,0,0,6677637,2019-02-15 15:08:02,,0.00315028,0.0,0,"btc,eth",11.007,0.0,0.0,42
0,[],17,[],2019-02-15 12:22:20,0.0,0,0,6676270,2019-02-15 12:22:20,btc,0.0,0.0,0,btc,0.0,0.0,0.0,43
1,[],5,[],2019-02-15 15:08:03,3e-08,0.00000002,0.000000000000718122,6677638,2019-02-15 15:08:03,btc,6.16328141,0.0,0.00000002,btc,1.375e-05,0.0,0.5744076,43
1,[],12,[],2019-02-15 15:08:04,4101745.0,0.00000001,0.000000000000359061,6677639,2019-02-15 15:08:04,btc,20007457.492715012,0.0,0.00000001,btc,38975751.47292703,2.597402598e-07,0.041017450000000004,43
1,[],12,[],2019-02-15 15:08:06,703993.0,0.00000005,0.000000000001795305,6677640,2019-02-15 15:08:06,btc,11115166.707510741,0.0,0.00000005,btc,1052583.30871125,0.0037302356531477,0.0184542,44
1,[],4,[],2019-02-15 15:08:07,225236705.47806406,0.00000002,0.000000000000718122,6677641,2019-02-15 15:08:07,btc,0.18830952906910495,0.0,0.00000002,"btc,ltc",4552379.59245401,0.00023499,0.43061015100845207,49
0.0000000001161709,[],4,[],2019-02-15 15:08:08,1287626376.8610878,1.161709e-18,4.1712439524900006e-23,6677642,2019-02-15 15:08:08,ltc,4.64517350922295,0.0,0.00000001,ltc,4111165476.11067,0.0,1.4958471506369176e-09,52
0,[],22,[],2019-02-15 15:08:12,0.0,0,0,6677643,2019-02-15 15:08:12,,8108.82536305,0.0,0,,262751443.67882353,0.0,0.0,57
0,[],27,[],2019-02-15 15:08:15,0.0,0,0,6677644,2019-02-15 15:08:15,,0.0,0.0,0,"btc,eth",0.0,0.0,0.0,57
0.0000000001161709,[],4,[],2019-02-15 15:08:17,1033728054.4453303,4.646836e-18,1.6684975809960002e-22,6677645,2019-02-15 15:08:17,ltc,3.272209002398242,0.0,0.00000004,ltc,898162839.2883902,0.0,2.8036232906495136e-09,58
1,[],12,[],2019-02-15 15:08:18,1767253923.843957,0.0000000005,0.000000000000017953050000000002,6677646,2019-02-15 15:08:18,btc,724045492029.2427,0.0,0.0000000005,btc,3708625148.0369787,0.06064848782944416,0.5986863482011392,58
0,[],17,[],2019-02-15 15:08:20,0.0,0,0,6677647,2019-02-15 15:08:20,btc,1e+24,0.0,0,btc,41481695.95832568,0.0,0.0,58
0.0000000001302312,[],22,[],2019-02-15 15:08:24,137438.0,1.302312e-18,4.67609449032e-23,6677648,2019-02-15 15:08:24,XMR,69.8835922,0.0,0.00000001,XMR,9887963.0,0.0,0.00137438,58
1,[],5,[],2019-02-15 15:08:26,1.327e-05,0.00000068,0.000000000024416148,6677649,2019-02-15 15:08:26,btc,0.20762631,0.12720762,0.00000068,btc,8.737e-05,0.0,0.09783733,61
1,[],22,[],2019-02-15 15:08:29,5149.5,0.00000011,0.000000000003949671,6677650,2019-02-15 15:08:29,BTC,1002.29598212,0.0,0.00000011,BTC,14957.700278135757,0.0,0.00051596,61
1,[],26,[],2019-02-15 15:08:29,0.0,0.00000800,0.0000000002872488,6677651,2019-02-15 15:08:29,btc,0.0,0.0,0.00000800,btc,0.0,0.0,0.0,61
1,[],27,[],2019-02-15 15:08:32,18884.8823,0.00000035,0.000000000012567135,6677652,2019-02-15 15:08:32,btc,9.941007956931694,0.0,0.00000035,"btc,eth",15777.09679279,0.0,0.000642239983687286,61
1,[],28,[],2019-02-15 15:08:33,19894.304,0.00000091,0.000000000032674551,6677653,2019-02-15 15:08:33,btc,2.056365493700105,796.89,0.00000091,btc,9767.52450005,0.0,0.00993521304,61
1,[],4,[],2019-02-15 15:08:34,451992.08093792,0.00000286,0.000000000102691446,6677654,2019-02-15 15:08:34,btc,1.1566386642328335,0.0,0.00000286,btc,270251.20196506,0.39089623,0.9283688928969772,67
0.0,[],25,[],2019-02-15 15:08:35,0.0,0,0,6677655,2019-02-15 15:08:35,,0.0,0.0,0.0,btc,0.0,0.0,0.0,67
1,[],12,[],2019-02-15 15:08:37,3422369.92012894,0.00000018,0.000000000006463098,6677656,2019-02-15 15:08:37,btc,11115996.408082088,0.0,0.00000018,btc,1931660.60325737,0.0063891930370682,0.129326146441112,71
,[],5,[],2018-11-20 23:02:39,1.5e-07,0.00000005,0.000000000002128045,4862160,2018-11-20 23:02:39,btc,2.84511358,0.0,,btc,0.00036572,0.0,0.07381892,74
1,[],5,[],2019-02-15 15:08:39,3.049e-05,0.00000156,0.000000000056013516,6677657,2019-02-15 15:08:39,btc,1.5424315,0.0,0.00000156,btc,0.00016981,0.0,0.30484564,75
1,[],4,[],2019-02-15 15:08:41,29738604.75692337,0.00000001,0.000000000000359061,6677658,2019-02-15 15:08:41,btc,0.7668881456247842,0.0,0.00000001,btc,14615939.68425178,0.0,0.2973860475692337,81
0,[],20,[],2019-01-25 09:30:31,0.0,0,0,6495923,2019-01-25 09:30:31,btc,0.0,0.0,0,btc,0.0,0.0,0.0,81
1,[],4,[],2019-02-15 15:08:42,24116.37228772,0.00007777,0.000000002792417397,6677659,2019-02-15 15:08:42,btc,1.3244197225476921,0.0,0.00007777,btc,11173.18124756,0.04413984,0.1143847211966026,82
1,[],21,[],2019-02-15 15:08:43,136016.971704,0.00007849000000000000236682201615,0.0000000028182697890000004,6677660,2019-02-15 15:08:43,btc,2.9966204502437623,13152.61707857,0.000078490000000000002366822016153236063473741523921489715576171875,btc,33233.3246005,1.00359474,2.312619902249862,82
0,[],17,[],2019-02-15 14:32:59,0.0,0,0,6677477,2019-02-15 14:32:59,btc,0.0447233088476774,0.0,0,btc,999127.19588126,0.0,0.0,84
0.0000000001161709,[],4,[],2019-02-15 15:08:58,154918856.1511435,8.131963e-18,2.919870766743e-22,6677661,2019-02-15 15:08:58,ltc,0.19569063266295578,0.0,0.00000007,ltc,103102669.18021569,0.0,7.169301141364942e-10,85
,[],22,[],2018-11-20 23:09:34,3408.1,0.0000001,0.0000000000041895,4862324,2018-11-20 23:09:34,BTC,0.04624735,0.0,,BTC,4990.0,0.0,0.00033081,86
0,[],22,[],2019-02-15 15:09:03,0.0,0,0,6677662,2019-02-15 15:09:03,,2.0760781,0.0,0,,140622.94736842104,0.0,0.0,87
0,[],27,[],2019-02-15 15:09:04,0.0,0,0,6677663,2019-02-15 15:09:04,,0.0,0.0,0,btc,0.0,0.0,0.0,87
,[],2,[],2018-11-20 23:10:47,0.0,0,0,4862359,2018-11-20 23:10:47,,0.0,0.0,,,0.0,0.0,0.0,88
1,[],11,[],2019-02-15 15:09:07,96398.19855974,0.00014710999999999999250654969529250593041069805622100830078125,0.000000005282146371,6677664,2019-02-15 15:09:07,btc,609.4388897774509,697.22406007,0.00014710999999999999250654969529250593041069805622100830078125,btc,91199.22904807,0.0,6.4912746171123565,89
0,[],2,[],2019-01-20 23:31:45,0.0,0,0,6477083,2019-01-20 23:31:45,,0.0,0.0,0,,0.0,0.0,0.0,91
1,[],12,[],2019-02-15 15:09:08,437373.77273799997,0.00000206000000000000018206681821897330308956952649168670177459716796875,0.00000000007396656600000001,6677665,2019-02-15 15:09:08,btc,4.193120704285815,0.0,0.00000206000000000000018206681821897330308956952649168670177459716796875,btc,46375.93221439,0.0008516225478656,0.0611238892000167,91
0,[],17,[],2019-02-15 13:17:21,0.0,0,0,6676695,2019-02-15 13:17:21,btc,0.0,0.0,0,btc,0.0,0.0,0.0,91
0.0000000001161709,[],22,[],2019-02-15 15:09:23,4525000.0,4.646836e-18,1.6684975809960002e-22,6677666,2019-02-15 15:09:23,LTC,8.12129807,0.0,0.00000004,LTC,66745238.1,0.0,0.14575,95
0.0000000001161709,[],4,[],2019-02-15 15:09:25,135936026.93951774,9.293672e-17,3.336995161992e-21,6677667,2019-02-15 15:09:25,ltc,0.5961747171758358,0.0,0.0000008,ltc,35441219.85698472,0.0001,1.1311825935003783e-09,96
1,[],12,[],2019-02-15 15:09:26,518127.0,0.00000001,0.000000000000359061,6677668,2019-02-15 15:09:26,btc,255052.4973764399,0.0,0.00000001,btc,8743236.54676297,9.9e-07,0.00518127,96
0,[],17,[],2019-02-15 14:33:15,0.0,0,0,6677485,2019-02-15 14:33:15,btc,0.0,0.0,0,btc,0.0,0.0,0.0,96
1,[],4,[],2019-02-15 15:09:38,1726628.76465779,0.00000032,0.000000000011489952,6677669,2019-02-15 15:09:38,btc,0.2366366879375803,0.0,0.00000032,btc,493497.76554143,0.04329831,0.197830450521688,99
0,[],2,[],2019-01-20 23:23:55,0.0,0,0,6476914,2019-01-20 23:23:55,,0.0,0.0,0,,0.0,0.0,0.0,100
1,[],4,[],2019-02-15 15:09:39,212047.79636463,0.00004015,0.000000001441629915,6677670,2019-02-15 15:09:39,btc,1.135629467742536,0.0,0.00004015,btc,24802.21325037,0.75215941,1.8515144892779818,100
1,[],22,[],2019-02-15 15:09:45,50000.0,0.00000001,0.000000000000359061,6677671,2019-02-15 15:09:45,BTC,23.49896609,0.0,0.00000001,BTC,10277.22,0.0,0.0005,101
1,[],4,[],2019-02-15 15:09:46,309490.51585097,0.00000096,0.000000000034469856,6677672,2019-02-15 15:09:46,btc,0.4279920586990258,0.0,0.00000096,btc,169126.12019177,0.02607037,0.1516589723376181,103
1,[],12,[],2019-02-15 15:09:50,49769695.4663887,0.000000017,0.0000000000006104037,6677673,2019-02-15 15:09:50,btc,137278882.07937053,0.0,0.000000017,btc,119843872.61234882,0.11206246674994708,0.2641180624622192,105
1,[],27,[],2019-02-15 15:09:52,4011356.89,0.00000001,0.000000000000359061,6677674,2019-02-15 15:09:52,btc,0.3614577513692299,0.0,0.00000001,btc,323444.42860553,0.0,0.0401135689,105
0,[],22,[],2019-02-15 15:09:56,0.0,0,0,6677675,2019-02-15 15:09:56,,51.10825004,0.0,0,,468935.0,0.0,0.0,107
1,[],26,[],2019-02-15 15:09:56,0.0,0.00000000,0,6677676,2019-02-15 15:09:56,btc,0.0,0.0,0.00000000,btc,0.0,0.0,0.0,107
1,[],5,[],2019-02-15 15:09:58,1e-08,0.00000001,0.000000000000359061,6677677,2019-02-15 15:09:58,btc,2.8972171,1.088e-05,0.00000001,btc,1.571e-05,0.0,0.0857957,112
1,[],22,[],2019-02-15 15:10:06,167093.0,0.00000001,0.000000000000359061,6677678,2019-02-15 15:10:06,BTC,2.81183288,0.0,0.00000001,BTC,808524.0833333334,0.0,0.00167093,112
0,[],27,[],2019-02-15 15:10:09,0.0,0,0,6677679,2019-02-15 15:10:09,,1.35132491849924,0.0,0,"btc,eth",1328.641654,0.0,0.0,112
1,[],4,[],2019-02-15 15:10:10,459627.85457275,0.00000255,0.00000000009156055500000001,6677680,2019-02-15 15:10:10,btc,0.340167373164129,0.0,0.00000255,btc,75194.45443093,0.38445741,0.1895170864631368,113
1,[],5,[],2019-02-15 15:10:11,1.231e-05,0.00000319,0.00000000011454045900000001,6677681,2019-02-15 15:10:11,btc,0.88426317,0.00090743,0.00000319,btc,0.00151049,0.0,0.20051436,113
1,[],17,[],2019-02-15 15:10:15,152738.278,0.00000004,0.000000000001436244,6677682,2019-02-15 15:10:15,btc,1.3368030274629863,0.0,0.00000004,btc,51896.221,0.0,0.0022095311199999998,116
0,[],27,[],2019-02-15 15:10:16,0.0,0,0,6677683,2019-02-15 15:10:16,,0.0,0.0,0,btc,0.0,0.0,0.0,116
1,[],4,[],2019-02-15 15:10:19,26274.02774575,0.00003101,0.0000000011134481610000001,6677684,2019-02-15 15:10:19,btc,0.5784784756289661,0.0,0.00003101,btc,17005.8054098,3.98159021,0.6625777055559817,120
1,[],7,[],2019-02-15 15:10:20,18660.00395698,0.00003019999999999999884515121395534009707262157462537288665771484375,0.00000000108436422,6677685,2019-02-15 15:10:20,btc,115647.18213354592,8.96587285,0.00003019999999999999884515121395534009707262157462537288665771484375,btc,29257.44006923,0.00028067,0.0803661350446864,120
1,[],20,[],2019-02-15 15:10:22,1092927.6666,0.000000014,0.0000000000005026854,6677686,2019-02-15 15:10:22,btc,33.8691165036599,518.15,0.000000014,btc,1150552.4764,7.2541e-06,0.0052581502171,125
1,[],22,[],2019-02-15 15:10:28,3053.0,0.00000001,0.000000000000359061,6677687,2019-02-15 15:10:28,BTC,0.01444889,0.0,0.00000001,BTC,296264.5111111111,0.0,3.053e-05,126
0,[],17,[],2019-02-15 14:24:41,0.0,0,0,6677308,2019-02-15 14:24:41,btc,0.0009561751951600001,0.0,0,btc,35.42829368,0.0,0.0,131
0,[],2,[],2019-01-20 23:25:46,0.0,0,0,6476969,2019-01-20 23:25:46,,0.0,0.0,0,,0.0,0.0,0.0,131
1,[],4,[],2019-02-15 15:10:29,127526.00590112,0.00001853,0.0000000006653400330000001,6677688,2019-02-15 15:10:29,btc,0.8229725953552931,0.0,0.00001853,btc,32915.260043,1.19007981,1.0668220398636306,131
1,[],4,[],2019-02-15 15:10:32,4554.67583027,0.00016278,0.000000005844794958000001,6677689,2019-02-15 15:10:32,btc,1.6421815711089056,0.0,0.00016278,btc,308.40189166,0.0,0.0085782337323716,135
1,[],3,[],2019-02-15 15:10:33,1767573.20571841,0.00000005,0.000000000001795305,6677690,2019-02-15 15:10:33,btc,0.124836446126892,17500.0,0.00000005,btc,500394.16668737,0.0,0.064724815113701,136
1,[],4,[],2019-02-15 15:10:35,40450.24289254,0.00000159,0.000000000057090699,6677691,2019-02-15 15:10:35,btc,0.0522909693573083,0.0,0.00000159,btc,26182.45842414,0.08592982,0.037558451851537,137
1,[],12,[],2019-02-15 15:10:36,295403.63676425,0.000001610000000000000043611490287143173105732785188592970371246337890625,0.000000000057808821,6677692,2019-02-15 15:10:36,btc,11982.94829262313,0.0,0.000001610000000000000043611490287143173105732785188592970371246337890625,btc,159223.07304899,0.0279018439118689,0.0250356943350763,137
1,[],5,[],2019-02-15 14:37:12,0.00143864,0.00004572,0.000000001650510288,6677509,2019-02-15 14:37:12,btc,1.02182157,1.58122311,0.00004572,btc,0.0030306,0.0,1.04702236,142
1,[],20,[],2019-02-15 14:37:16,134358.4884,0.00003683,0.000000001329577732,6677510,2019-02-15 14:37:16,btc,0.3230527150822,4103.6455,0.00003683,btc,2805.5901,0.3147300715486,0.2681529220351,142
1,[],22,[],2019-02-15 14:37:21,1610.354305200341,0.00003220,0.00000000116243288,6677511,2019-02-15 14:37:21,BTC,3.00917232,0.0,0.00003220,BTC,917.9383601288407,0.0,0.0019657,142
0.0,[],25,[],2019-02-15 14:37:22,0.0,0,0,6677512,2019-02-15 14:37:22,,0.0,0.0,0.0,btc,0.0,0.0,0.0,142
1,[],28,[],2019-02-15 14:37:30,77743.0,0.00004500,0.000000001624518,6677513,2019-02-15 14:37:30,btc,0.057261322,650.0,0.00004500,btc,356.4989,0.0,0.0519372,142
1,[],17,[],2019-02-15 14:24:49,22967.386363640002,0.00000088,0.000000000031864536,6677315,2019-02-15 14:24:49,btc,20.06991335263172,0.0,0.00000088,btc,2746.079105,0.0,0.0104613000000032,142
1,[],4,[],2019-02-15 15:10:37,1226889.57850358,0.00004711,0.000000001691536371,6677693,2019-02-15 15:10:37,btc,0.8419971907306139,0.0,0.00004711,btc,13214.8237233,1.50776851,0.6463844237324337,142
0,[],22,[],2019-02-15 14:37:33,0.0,0,0,6677514,2019-02-15 14:37:33,,67.4285069,0.0,0,,834770972.3,0.0,0.0,143
1,[],21,[],2019-02-15 14:37:35,36993699.2756116,0.00000028,0.000000000010108112,6677515,2019-02-15 14:37:35,btc,39.60406626178861,1787339.73843921,0.00000028,btc,77702028.28720264,0.5017363,5.950358671677465,145
0,[],22,[],2019-02-15 14:37:49,0.0,0,0,6677516,2019-02-15 14:37:49,,4.24982284,0.0,0,,1814156.0,0.0,0.0,146
,[],22,[],2018-11-20 23:01:11,0.0,0,0,4862114,2018-11-20 23:01:11,,2.56807021,0.0,,,61828.4988236,0.0,0.0,147
1,[],12,[],2019-02-15 14:37:50,8678939.90637121,0.00000305000000000000002080041867913440256643298198468983173370361328125,0.00000000011010622,6677517,2019-02-15 14:37:50,btc,16.584195749684884,0.0,0.00000305000000000000002080041867913440256643298198468983173370361328125,btc,122519.66449333,0.0005537931,0.1084335269000222,148
1,[],4,[],2019-02-15 14:37:51,269499.97342764,0.00000031,0.000000000011191124,6677518,2019-02-15 14:37:51,btc,0.7785159823072849,0.0,0.00000031,btc,591310.33703653,0.0,0.0635157790914257,152
0,[],22,[],2019-02-15 14:38:09,0.0,0,0,6677519,2019-02-15 14:38:09,,0.0,0.0,0,,0.0,0.0,0.0,152
1,[],5,[],2019-02-15 14:38:10,0.0,0,0,6677520,2019-02-15 14:38:10,btc,10.61570492,0.0,0,btc,0.00092785,0.0,0.0,153
,[],16,[],2019-01-11 15:38:59,0.0,0,0,6366141,2019-01-11 15:38:59,btc,0.0,0.0,,btc,0.0,0.0,0.0,155
0,[],22,[],2019-02-15 14:38:14,0.0,0,0,6677521,2019-02-15 14:38:14,,6.74608761,0.0,0,,4644402.242592593,0.0,0.0,156
0,[],23,[],2019-01-20 23:24:29,0.0,0,0,6476932,2019-01-20 23:24:29,,0.0,0.0,0,,0.0,0.0,0.0,156
1,[],22,[],2019-02-15 14:38:19,7063.8,0.00005300,0.0000000019133212,6677522,2019-02-15 14:38:19,BTC,43.78801181,0.0,0.00005300,BTC,1067.5805334758436,0.0,0.00104326,157
0,[],22,[],2019-02-15 14:38:22,0.0,0,0,6677523,2019-02-15 14:38:22,,50175.68008609,0.0,0,,54479136.04179466,0.0,0.0,158
,[],17,[],2018-11-20 22:56:10,0.0,0,0,4861976,2018-11-20 22:56:10,btc,1.1265625,0.0,,btc,1000.0,0.0,0.0,159
,[],20,[],2018-11-20 22:56:12,0.0,0,0,4861977,2018-11-20 22:56:12,btc,11912.7940471,0.0,,btc,34413894.3617,0.0,0.0,159
1,[],12,[],2019-02-15 14:38:24,179488.42289761,0.0000073100000000000003150713197286325595314337988384068012237548828125,0.000000000263893924,6677524,2019-02-15 14:38:24,btc,6.662123511678063,0.0,0.0000073100000000000003150713197286325595314337988384068012237548828125,btc,14870.37937471,0.0053962711999884,0.079127592899965,168
1,[],17,[],2019-02-15 14:38:36,29784.95,0.000001,0.0000000000361004,6677525,2019-02-15 14:38:36,btc,0.03026736251542,0.0,0.000001,btc,144.46171372,0.0,0.00716147,168
0,[],22,[],2019-02-15 14:38:40,0.0,0,0,6677526,2019-02-15 14:38:40,,1.14776715,0.0,0,,721548.0900917595,0.0,0.0,169
1,[],22,[],2019-02-15 14:38:45,236276.0,0.00000011,0.000000000003971044,6677527,2019-02-15 14:38:45,BTC,11.32785449,0.0,0.00000011,BTC,130417.33368472014,0.0,0.02144036,171
1,[],22,[],2019-02-15 14:38:49,218924.0,0.00000017,0.000000000006137068,6677528,2019-02-15 14:38:49,BTC,2.65369856,0.0,0.00000017,BTC,252937.7523197326,0.0,0.01635024,173
1,[],5,[],2019-02-15 14:38:50,2.415e-05,0.00000183,0.000000000066063732,6677529,2019-02-15 14:38:50,btc,0.20642028,0.00646359,0.00000183,btc,0.00022877,0.0,0.2276779,175
1,[],22,[],2019-02-15 14:38:55,45130.0,0.0000005,0.0000000000180502,6677530,2019-02-15 14:38:55,BTC,0.57315657,0.0,0.0000005,BTC,173473.47031396697,0.01565225,0.013396,176
1,[],7,[],2019-02-15 14:38:57,0.0,0,0,6677531,2019-02-15 14:38:57,btc,410973.9177089935,0.0,0,btc,115545110.28145695,0.0,0.0,178
0,[],22,[],2019-02-15 14:39:01,0.0,0,0,6677532,2019-02-15 14:39:01,,1.00242428,0.0,0,,57512.0,0.0,0.0,178
0,[],2,[],2019-01-20 23:28:34,0.0,0,0,6477001,2019-01-20 23:28:34,,0.0,0.0,0,,0.0,0.0,0.0,178
1,[],5,[],2019-02-15 14:39:02,3e-08,0.00000002,0.000000000000722008,6677533,2019-02-15 14:39:02,btc,30.24088957,0.20356864,0.00000002,btc,2.088e-05,0.0,0.79350733,179
1,[],22,[],2019-02-15 14:39:09,8079285.0,0.00000002,0.000000000000722008,6677534,2019-02-15 14:39:09,BTC,5.48629708,0.0,0.00000002,"BTC,LTC",17843614.676989965,0.0,0.38884554,179
0,[],23,[],2019-01-20 23:25:08,0.0,0,0,6476952,2019-01-20 23:25:08,,0.0,0.0,0,,0.0,0.0,0.0,179
1,[],22,[],2019-02-15 14:39:25,129205.4,0.0000005,0.0000000000180502,6677535,2019-02-15 14:39:25,BTC,0.1148946,0.0,0.0000005,"BTC,LTC",18039.086946767708,1.13e-06,0.00160544,180
1,[],26,[],2019-02-15 14:39:25,0.0,0.00000300,0.0000000001083012,6677536,2019-02-15 14:39:25,btc,0.0,943.80449996,0.00000300,btc,0.0,0.0,0.0,180
1,[],17,[],2019-02-15 13:07:08,10504.725,0.0000001,0.0000000000036124299999999998,6676548,2019-02-15 13:07:08,btc,5.201913593534512,0.0,0.0000001,btc,5466.1328087,0.0,0.0010504725,180
,[],7,[],2018-11-20 22:58:01,562227.975654,0.00000085,0.000000000036176765,4862015,2018-11-20 22:58:01,btc,21836.6059674,2491.87645172,,btc,749999.041456,0.00211021,0.127565380455,183
,[],5,[],2019-01-10 08:11:41,0.0,0,0,6347036,2019-01-10 08:11:41,btc,82.15055501,0.00261,,btc,1.19002445,0.0,0.0,187
1,[],24,[],2019-02-15 14:39:25,0.0,0.000000000001,3.61004e-17,6677537,2019-02-15 14:39:25,btc,0.0,0.0,0.000000000001,btc,0.0,0.0,0.0,187
,[],17,[],2018-11-16 20:58:10,4062536.27273,0.00000001,0.000000000000550501,4708775,2018-11-16 20:58:10,btc,3.36492563466,0.195460381006,,"btc,eth",110697919.549,0.0,0.0157628953496,187
0,[],22,[],2019-02-15 14:39:27,0.0,0,0,6677538,2019-02-15 14:39:27,,1.19377283,0.0,0,,16434.10286773884,0.0,0.0,191
0,[],22,[],2019-02-15 14:39:33,0.0,0,0,6677539,2019-02-15 14:39:33,,0.0,0.0,0,,0.0,0.0,0.0,197
0,[],23,[],2019-01-20 23:31:41,0.0,0,0,6477079,2019-01-20 23:31:41,,0.0,0.0,0,,0.0,0.0,0.0,199
0,[],22,[],2019-02-15 14:39:37,0.0,0,0,6677540,2019-02-15 14:39:37,,5.15195517,0.0,0,,19804684.0,0.0,0.0,199
1,[],26,[],2019-02-15 14:39:37,0.0,0.00000000,0,6677541,2019-02-15 14:39:37,btc,0.0,783498.0,0.00000000,btc,0.0,0.0,0.0,199
0,[],17,[],2019-01-30 16:32:01,0.0,0,0,6540827,2019-01-30 16:32:01,btc,6.802544163788159,0.0,0,btc,105897.55575295,0.0,0.0,200
0,[],2,[],2019-01-20 23:30:49,0.0,0,0,6477059,2019-01-20 23:30:49,,0.0,0.0,0,,0.0,0.0,0.0,201
1,[],4,[],2019-01-25 15:51:35,2084389.58565343,0.00000936,0.000000000333526752,6499557,2019-01-25 15:51:35,btc,2.0092503037378524,0.0,0.00000936,btc,160195.80207885,0.19272417,1.242687955921835,211
1,[],7,[],2019-02-15 14:39:42,5433608.11577952,0.000001349999999999999991849510168340220417348973569460213184356689453125,0.00000000004873554,6677542,2019-02-15 14:39:42,btc,15450816.258163393,245663.47467,0.000001349999999999999991849510168340220417348973569460213184356689453125,btc,11048611.91152058,0.0,3.784484886636513,212
1,[],5,[],2019-02-15 14:39:43,3.31e-06,0.00000029,0.000000000010469116,6677543,2019-02-15 14:39:43,btc,0.96225822,0.14357034,0.00000029,btc,2.844e-05,0.0,0.15463835,213
1,[],24,[],2019-02-15 14:39:44,0.0,0.000000050000,0.0000000000018050200000000001,6677544,2019-02-15 14:39:44,btc,0.0,0.0,0.000000050000,btc,0.0,0.0,0.0,213
1,[],26,[],2019-02-15 14:39:44,0.0,0.00000009,0.000000000003249036,6677545,2019-02-15 14:39:44,btc,0.0,0.0,0.00000009,btc,0.0,0.0,0.0,213
1,[],12,[],2019-01-25 02:44:32,207462.42853209,0.000001080000000000000035831255497387193287295303889550268650054931640625,0.000000000038610756000000006,6493050,2019-01-25 02:44:32,btc,85023.03793723314,0.0,0.000001080000000000000035831255497387193287295303889550268650054931640625,btc,43675.73520027,0.000146250909087,0.0348620860622024,213
1,[],22,[],2019-02-15 14:39:52,84099.0,0.00000002,0.000000000000722008,6677546,2019-02-15 14:39:52,BTC,2.19180044,0.0,0.00000002,BTC,147809.63137942314,0.0,0.00086798,216
1,[],27,[],2019-02-15 14:39:55,5201657.5615,0.00000004,0.000000000001444016,6677547,2019-02-15 14:39:55,btc,257.4737088006,1499.994,0.00000004,"btc,ltc",272841.575,6e-05,0.05463726246,216
1,[],22,[],2019-02-15 14:40:01,258787.91166871952,0.00000191,0.000000000068951764,6677548,2019-02-15 14:40:01,BTC,12677.07980424,0.0,0.00000191,BTC,434921.1283442996,0.02901572,0.27946435,217
1,[],7,[],2019-02-15 14:40:03,0.0,0,0,6677549,2019-02-15 14:40:03,btc,77970.0510741391,0.0,0,btc,137040561.1214003,0.0,0.0,219
0,[],27,[],2019-02-15 14:40:06,0.0,0,0,6677550,2019-02-15 14:40:06,,5.341893788316972,0.0,0,btc,1605140.99226595,0.0,0.0,219
0.0000000000000052,[],28,[],2019-02-15 14:40:20,169952566.853,6.78522e-18,2.44949156088e-22,6677551,2019-02-15 14:40:20,doge,88712.3748390675,14882.0,0.00130485,"btc,doge",4987338.69631,0.0,1.584091780248952e-11,219
1,[],22,[],2019-02-15 14:40:26,251679.6,0.00000015,0.00000000000541506,6677552,2019-02-15 14:40:26,BTC,3.02462228,0.0,0.00000015,BTC,104675.97041875875,0.02266587,0.02850212,221
1,[],24,[],2019-02-15 14:40:27,0.0,0.000000210000,0.000000000007581084,6677553,2019-02-15 14:40:27,btc,0.0,0.0,0.000000210000,btc,0.0,0.0,0.0,221
1,[],20,[],2019-02-15 14:40:29,52014780.388,0.000000004,0.0000000000001444016,6677554,2019-02-15 14:40:29,btc,49.8561890273503,150057.9,0.000000004,btc,10131219.2359,0.0006002316,0.0543415264806,224
0,[],22,[],2019-02-15 14:40:34,0.0,0,0,6677555,2019-02-15 14:40:34,,0.0,0.0,0,,0.0,0.0,0.0,224
1,[],26,[],2019-02-15 14:40:37,0.0,0.00000033,0.000000000011913132000000001,6677556,2019-02-15 14:40:37,btc,0.0,0.0,0.00000033,btc,0.0,0.0,0.0,231
1,[],26,[],2019-02-15 14:40:37,0.0,0.00000006,0.000000000002166024,6677557,2019-02-15 14:40:37,btc,0.0,5310.0,0.00000006,btc,0.0,0.0,0.0,234
0,[],27,[],2019-02-15 14:40:39,0.0,0,0,6677558,2019-02-15 14:40:39,,0.0113483662182,0.0,0,"btc,eth",11462.99618,0.0,0.0,234
0,[],22,[],2019-02-15 14:40:43,0.0,0,0,6677559,2019-02-15 14:40:43,,2.86211091,0.0,0,,99455782.06349206,0.0,0.0,235
1,[],4,[],2019-02-15 14:40:44,1179824.71869897,0.00000114,0.000000000041154456,6677560,2019-02-15 14:40:44,btc,0.4995372689588418,0.0,0.00000114,btc,282992.62324249,0.30286686,0.4481735055901606,236
1,[],24,[],2019-02-15 14:40:45,0.0,0.000000020010,0.000000000000722369004,6677561,2019-02-15 14:40:45,btc,0.0,0.0,0.000000020010,btc,0.0,0.0,0.0,236
1,[],20,[],2019-02-15 14:40:47,70609232.0714,0.000000072,0.0000000000025992288,6677562,2019-02-15 14:40:47,btc,14.2002866158912,32675272.0659,0.000000072,btc,26085212.7716,2.4751187784622,0.6395426534324,237
1,[],22,[],2019-02-15 14:40:51,136267.0,0.00000004,0.000000000001444016,6677563,2019-02-15 14:40:51,BTC,0.0405823,0.0,0.00000004,"BTC,LTC",3164.0,0.00151375,0.00541601,237
1,[],4,[],2019-02-15 14:28:28,4131171.19000883,0.00000033,0.000000000011949200999999999,6677368,2019-02-15 14:28:28,btc,0.6513945500018822,0.0,0.00000033,btc,1763838.02414662,0.38746316,1.2325554980249676,238
1,[],5,[],2019-02-15 14:28:31,4.25e-06,0.00000033,0.000000000011949200999999999,6677369,2019-02-15 14:28:31,btc,0.75323366,0.00359672,0.00000033,btc,2.957e-05,0.0,0.26077582,238
0,[],22,[],2019-02-15 14:40:54,0.0,0,0,6677564,2019-02-15 14:40:54,,6404.65978688,0.0,0,,370860.0639027493,0.0,0.0,249
0.0000000001186197,[],22,[],2019-02-15 14:40:58,7025765.666666667,3.558591e-18,1.2846655853639999e-22,6677565,2019-02-15 14:40:58,LTC,0.53185688,0.0,0.00000003,LTC,14450581.09,0.0,0.20977599,252
1,[],28,[],2019-02-15 14:41:00,3649212.286,0.00000009,0.000000000003249036,6677566,2019-02-15 14:41:00,btc,164693.68465852007,18982.3,0.00000009,btc,982884.2751,0.0,0.1990666963,256
1,[],22,[],2019-02-15 14:41:04,1171833.6666666667,0.00000003,0.000000000001083012,6677567,2019-02-15 14:41:04,BTC,30.16021781,0.0,0.00000003,BTC,430669.92423192423,0.00198357,0.03286297,258
1,[],22,[],2019-01-26 20:58:41,368451.0,0.00000001,0.000000000000356135,6510120,2019-01-26 20:58:41,BTC,2.642917,0.0,0.00000001,"BTC,LTC",1862.0,0.0,0.02488451,259
1,[],22,[],2019-02-15 14:41:11,10110.88193548387,0.00001550,0.0000000005595562,6677568,2019-02-15 14:41:11,BTC,1293.00192725,0.0,0.00001550,"BTC,LTC",5062.941155033582,0.03454571,0.01165332,262
1,[],5,[],2019-02-15 14:28:53,1.041e-05,0.00000128,0.000000000046348416,6677375,2019-02-15 14:28:53,btc,0.7204987,0.09669933,0.00000128,btc,0.00033464,0.0,0.19577459,264
1,[],20,[],2019-02-15 14:28:56,1172685.1974,0.00000182,0.000000000065901654,6677376,2019-02-15 14:28:56,btc,4.955988319193,101061.8152,0.00000182,btc,96816.1742,0.30819718402,0.0273990496403,264
1,[],22,[],2019-02-15 14:41:15,82606.5,0.00000002,0.000000000000722008,6677569,2019-02-15 14:41:15,BTC,8.41108046,0.0,0.00000002,BTC,382316.05885485065,0.000255,0.0011545,271
0,[],22,[],2019-02-15 14:41:18,0.0,0,0,6677570,2019-02-15 14:41:18,,388.44178703,0.0,0,,15473097515.9,0.0,0.0,272
0.0000000000000052,[],28,[],2019-02-15 14:41:21,184494600106.473,3.692e-21,1.332826768e-25,6677571,2019-02-15 14:41:21,doge,441348021.01844347,66060384842.048,0.00000071,doge,208511740758.9015,0.0,4.4695415031240985e-10,272
1,[],22,[],2019-02-15 14:41:26,13126.0,0.00004100,0.0000000014801164,6677572,2019-02-15 14:41:26,BTC,74.20540689,0.0,0.00004100,"BTC,LTC",3395.7875453233178,0.06495341,0.04610408,281
