pairValue,buyBook,exchangeId,sellBook,updated,buyTotal,satoshiPrice,usdPrice,exchangeLogId,created,bestPair,sellTotalBtc,volume,pairPrice,activePairs,sellTotal,volumeBtc,buyTotalBtc,coinId
1,[],3,[],2019-02-03 11:26:45,118.407018978753,0.012345609999999999917275061989130335859954357147216796875,0.000000427859336648,6571579,2019-02-03 11:26:45,btc,106.9622545520586,19.6217624066,0.012345609999999999917275061989130335859954357147216796875,btc,13.756554687064002,0.0,0.05964861652138146,1
1,[],4,[],2019-02-03 11:26:46,25070.39593093,0.01231694,0.000000426865726192,6571580,2019-02-03 11:26:46,btc,0.8528709569638773,0.0,0.01231694,btc,65.14778352,0.48125493,1.047017149318751,1
1,[],5,[],2019-02-03 11:26:48,0.18508595,0.01230002,0.00000042627933313599997,6571581,2019-02-03 11:26:48,btc,14578.47083424,0.46584865,0.01230002,btc,35555556.30306435,0.0,1.09654597,1
1,[],10,[],2019-02-03 11:26:50,272777.89868162,0.01223011,0.00000042385647624800004,6571582,2019-02-03 11:26:50,btc,6536.929746089789,1135.7013521,0.01223011,btc,970.03947093,0.0,4.917683543491258,1
1,[],12,[],2019-02-03 11:26:52,10427.51008952,0.0123599999999999994593213870075487648136913776397705078125,0.00000042835804799999997,6571583,2019-02-03 11:26:52,btc,0.5827732469172,0.0,0.0123599999999999994593213870075487648136913776397705078125,btc,40.14848721,0.0566192095914,0.24228839257020002,1
1,[],20,[],2019-02-03 11:26:54,1155.1059,0.010520014,0.0000003645900211952,6571584,2019-02-03 11:26:54,btc,0.0571053524203,0.06,0.010520014,btc,2.5234,0.00075174,0.1463140836295,1
1,[],21,[],2019-02-03 11:26:55,2247.3001483,0.01241055999999999930050176289,0.00000043011029580799996,6571585,2019-02-03 11:26:55,btc,15.948868204255785,11607.2988234,0.01241055999999999930050176288887087139301002025604248046875,"btc,eth",1829.92245908,132.75885211184578,20.04809155760747,1
1,[],22,[],2019-02-03 11:27:00,0.0263776,0.01350000,0.0000004678668,6571586,2019-02-03 11:27:00,BTC,0.31397231,0.0,0.01350000,BTC,0.10124366666666666,0.0,0.00034472,1
1,[],24,[],2019-02-03 11:27:00,0.0,0.000000000000,0,6571587,2019-02-03 11:27:00,btc,0.0,0.0,0.000000000000,btc,0.0,0.0,0.0,1
0.0,[],25,[],2019-02-03 11:27:01,0.0,0,0,6571588,2019-02-03 11:27:01,btc,13.958199998422767,1191.41102242,0.0,btc,1097.60929112,14.6795,0.0,1
1,[],26,[],2019-02-03 11:27:11,0.0,0,0,6571589,2019-02-03 11:27:11,,0.0,0.0,0,,0.0,0.0,0.0,1
1,[],28,[],2019-02-03 11:27:16,987.9,0.01131000,0.000000391968408,6571590,2019-02-03 11:27:16,btc,0.162839806,17835.85,0.01131000,btc,8.9,0.0,0.024551096,1
0,[],2,[],2019-01-20 23:28:45,0.0,0,0,6477011,2019-01-20 23:28:45,,0.0,0.0,0,,0.0,0.0,0.0,1
1,[],5,[],2019-02-03 11:27:18,1.99e-05,0.00000069,0.000000000023913192,6571591,2019-02-03 11:27:18,btc,0.1460576,0.00130154,0.00000069,btc,7.015e-05,0.0,0.49396836,2
0,[],22,[],2019-02-03 11:27:20,0.0,0,0,6571592,2019-02-03 11:27:20,,0.0,0.0,0,,0.0,0.0,0.0,2
1,[],5,[],2019-02-03 11:27:23,1.25e-06,0.00000016,0.000000000005545088,6571593,2019-02-03 11:27:23,btc,3.85345152,0.01729222,0.00000016,btc,2.204e-05,0.0,2.94657583,3
1,[],12,[],2019-02-03 11:27:24,12541554.80882546,0.000000167,0.0000000000057876856,6571594,2019-02-03 11:27:24,btc,921349.4197617193,0.0,0.000000167,btc,8315015.43346466,0.04678400610428056,0.5549630779728408,3
0,[],28,[],2019-02-03 11:27:28,0.0,0,0,6571595,2019-02-03 11:27:28,,0.0,0.0,0,,0.0,0.0,0.0,3
0,[],2,[],2019-01-20 23:31:32,0.0,0,0,6477077,2019-01-20 23:31:32,,0.0,0.0,0,,0.0,0.0,0.0,4
1,[],4,[],2019-02-03 11:27:30,571543.26251381,0.00000034,0.000000000011783312,6571596,2019-02-03 11:27:30,btc,0.36461191233612,0.0,0.00000034,btc,350376.5095686,0.01724415,0.0843962295998951,4
1,[],12,[],2019-02-03 11:27:31,1525749.8553333299,0.00000006,0.0000000000020794079999999996,6571597,2019-02-03 11:27:31,btc,11014980.033362938,0.0,0.00000006,btc,847927.05698658,0.0054476545219319,0.0319958004399998,5
0,[],2,[],2019-01-20 23:31:51,0.0,0,0,6477087,2019-01-20 23:31:51,,0.0,0.0,0,,0.0,0.0,0.0,6
1,[],11,[],2019-02-03 11:27:34,7570029.5,0.00000002,0.000000000000693136,6571598,2019-02-03 11:27:34,btc,9433.369416073296,169255.333333,0.00000002,btc,41235382.49164567,0.0,0.114961075,6
1,[],3,[],2019-02-03 11:27:35,1069.652384675756,0.000150559999999999995050348200464895853656344115734100341796875,0.000000005217927808,6571599,2019-02-03 11:27:35,btc,28.510202753279106,0.0,0.000150559999999999995050348200464895853656344115734100341796875,btc,234.145665820227,0.0,0.030997767816609203,7
1,[],4,[],2019-02-03 11:27:36,24384.34940175,0.00019000,0.000000006584792,6571600,2019-02-03 11:27:36,btc,2.585335338623754,0.0,0.00019000,btc,12161.80833802,2.94325739,3.9322023199117386,7
1,[],5,[],2019-02-03 11:27:37,0.0058221,0.00018022,0.000000006245848496,6571601,2019-02-03 11:27:37,btc,1.16718896,0.47517064,0.00018022,btc,0.01182497,0.0,1.65133874,7
1,[],20,[],2019-02-03 11:27:40,65771509.91,0.000000001,0.000000000000034656799999999996,6571602,2019-02-03 11:27:40,btc,116.1335270767722,0.0,0.000000001,btc,29825029.7669,0.0,0.06577150991,8
0,[],2,[],2019-01-20 23:22:42,0.0,0,0,6476876,2019-01-20 23:22:42,,0.0,0.0,0,,0.0,0.0,0.0,9
0,[],23,[],2019-01-20 23:22:48,0.0,0,0,6476878,2019-01-20 23:22:48,,0.0,0.0,0,,0.0,0.0,0.0,9
1,[],1,[],2019-02-03 11:27:41,3863527.05,0.00000198000000000000010098367454747236848788816132582724094390869140625,0.000000000068620464,6571603,2019-02-03 11:27:41,btc,6.6563573932,16643649.04,0.00000198000000000000010098367454747236848788816132582724094390869140625,btc,3287688.22,33.46054795,7.551548488000001,9
1,[],4,[],2019-02-03 11:27:41,357213.88594035,0.00000196,0.000000000067927328,6571604,2019-02-03 11:27:41,btc,0.7637876767736691,0.0,0.00000196,btc,369318.29937291,0.8908992,0.6548123326952437,9
1,[],28,[],2019-02-03 11:27:47,34500.0,0.00000165,0.00000000005718372,6571605,2019-02-03 11:27:47,btc,2708.771989488,3548979.31,0.00000165,btc,14954.28,0.0,0.02854,9
1,[],4,[],2019-02-03 11:27:48,7404102.37826053,0.00000002,0.000000000000693136,6571606,2019-02-03 11:27:48,btc,0.2046613552280866,0.0,0.00000002,btc,4138582.13835349,0.00085406,0.0799114518652106,10
1,[],4,[],2019-02-03 11:27:50,3674217.83635423,0.00000137,0.000000000047479816,6571607,2019-02-03 11:27:50,btc,1.4016282193370286,0.0,0.00000137,btc,988171.72545208,2.05547208,3.0267163107281663,12
1,[],5,[],2019-02-03 11:27:51,1.433e-05,0.00000133,0.000000000046093543999999997,6571608,2019-02-03 11:27:51,btc,0.71515933,0.64380402,0.00000133,btc,0.00011277,0.0,0.2721071,12
0.0,[],25,[],2019-02-03 11:27:52,0.0,0,0,6571609,2019-02-03 11:27:52,,0.0,0.0,0.0,btc,0.0,0.0,0.0,12
0,[],2,[],2019-01-20 23:23:08,0.0,0,0,6476890,2019-01-20 23:23:08,,0.0,0.0,0,,0.0,0.0,0.0,12
1,[],10,[],2019-02-03 09:24:22,610116.20652041,0.00000607,0.000000000209884818,6570842,2019-02-03 09:24:22,btc,666809.6470623455,4430.81440571,0.00000607,btc,737716.84883471,0.0,0.7923256457621066,13
1,[],4,[],2019-02-03 11:27:54,314273.36619026,0.00000614,0.00000000021279275199999998,6571610,2019-02-03 11:27:54,btc,0.5625109750155814,0.0,0.00000614,btc,82511.87643225,0.67333524,1.370960265499352,13
1,[],21,[],2019-02-03 11:27:57,1503604.74911152,0.000006399999999999999710387915686,0.00000000022180352,6571611,2019-02-03 11:27:57,btc,5.244941818616461,500720.13622451,0.0000063999999999999997103879156856720555879292078316211700439453125,btc,749480.85865218,3.10830775,8.064376235477381,13
1,[],4,[],2019-02-03 11:27:58,1134035.30241355,0.00000168,0.00000000005822342399999999,6571612,2019-02-03 11:27:58,btc,0.1214050715246137,0.0,0.00000168,btc,56231.92841209,0.00341729,0.4338293488842661,14
1,[],12,[],2019-02-03 11:27:59,87448.62082362,0.000001489999999999999921986774779891771203210737439803779125213623046875,0.000000000051638631999999994,6571613,2019-02-03 11:27:59,btc,1.785117927719179,0.0,0.000001489999999999999921986774779891771203210737439803779125213623046875,btc,37457.01291797,1.8283544823e-06,0.0115336999999988,14
0,[],17,[],2019-02-03 11:28:00,0.0,0,0,6571614,2019-02-03 11:28:00,btc,0.0,0.0,0,btc,0.0,0.0,0.0,14
1,[],26,[],2019-02-03 11:28:01,0.0,0.00000049,0.000000000016981832,6571615,2019-02-03 11:28:01,btc,0.0,0.0,0.00000049,btc,0.0,0.0,0.0,14
0,[],4,[],2019-02-03 11:28:01,0.0,0,0,6571616,2019-02-03 11:28:01,,0.0,0.0,0,,0.0,0.0,0.0,15
,[],12,[],2018-12-01 15:15:48,204241.84496,0.00000489,0.000000000202473384,5260204,2018-12-01 15:15:48,btc,49.5475654835,0.0,,btc,35763.2193806,0.0163153972027625,0.0203389899998,15
0,[],2,[],2019-01-20 23:23:38,0.0,0,0,6476906,2019-01-20 23:23:38,,0.0,0.0,0,,0.0,0.0,0.0,18
1,[],4,[],2019-02-03 11:20:57,23497.36149127,0.00001750,0.0000000006069349999999999,6571413,2019-02-03 11:20:57,btc,1.233898643088149,0.0,0.00001750,btc,7678.84151795,0.03041194,0.0539036553241138,18
1,[],10,[],2019-02-03 11:20:59,407557.66549556,0.000018,0.000000000624276,6571414,2019-02-03 11:20:59,btc,15.555157821567377,16530.2791317,0.000018,btc,10840.61089351,0.0,0.4724139954250353,18
1,[],12,[],2019-02-03 11:21:00,200880.79304134,0.00001771000000000000153851757722645032799846376292407512664794921875,0.00000000061421822,6571415,2019-02-03 11:21:00,btc,0.1838624595200905,0.0,0.00001771000000000000153851757722645032799846376292407512664794921875,btc,1613.99705824,0.0,0.019154671322041,18
0,[],17,[],2019-02-03 11:21:02,0.0,0,0,6571416,2019-02-03 11:21:02,btc,0.0,0.0,0,btc,0.0,0.0,0.0,18
1,[],3,[],2019-02-03 11:28:03,109420.70792677693,0.0000400000000000000032721221565612523818344925530254840850830078125,0.000000001386272,6571617,2019-02-03 11:28:03,btc,0.4507543360262778,2436.39567507,0.0000400000000000000032721221565612523818344925530254840850830078125,btc,5170.719121372528,0.0,0.13397406792889827,19
1,[],4,[],2019-02-03 11:28:04,61122.48190696,0.00003023,0.000000001047675064,6571618,2019-02-03 11:28:04,btc,0.5177211041812163,0.0,0.00003023,btc,14904.28496316,1.12767974,1.0745285281554704,19
1,[],5,[],2019-02-03 11:28:05,0.00027293,0.00003051,0.000000001057378968,6571619,2019-02-03 11:28:05,btc,0.28833176,0.00813245,0.00003051,btc,0.00311696,0.0,0.19324322,19
1,[],12,[],2019-02-03 11:28:06,133619.35123558,0.0000303499999999999991030612267461918918343144468963146209716796875,0.00000000105183388,6571620,2019-02-03 11:28:06,btc,1.9942516649550068,0.0,0.0000303499999999999991030612267461918918343144468963146209716796875,btc,483.27357977,0.0005136163635273,0.032644469999853,19
0,[],27,[],2019-02-03 11:28:08,0.0,0,0,6571621,2019-02-03 11:28:08,,0.0,0.0,0,btc,0.0,0.0,0.0,19
0,[],2,[],2019-01-20 23:24:19,0.0,0,0,6476924,2019-01-20 23:24:19,,0.0,0.0,0,,0.0,0.0,0.0,19
1,[],4,[],2019-02-03 11:28:09,9033548.33782042,0.00000014,0.000000000004851952,6571622,2019-02-03 11:28:09,btc,0.8116717874116198,0.0,0.00000014,btc,1595552.31051721,0.00029465,0.34762807277157,20
1,[],4,[],2019-02-03 11:28:10,122799226.81322224,0.00000002,0.000000000000693136,6571623,2019-02-03 11:28:10,btc,0.7389523632312767,0.0,0.00000002,btc,16331500.68138166,0.11749264,1.4657641204742853,21
1,[],12,[],2019-02-03 11:28:10,19028564.0,0.00000002,0.000000000000693136,6571624,2019-02-03 11:28:10,btc,668.545188303258,0.0,0.00000002,btc,8550016.65434831,0.0002188096703297,0.25351136,21
0,[],17,[],2019-02-03 11:28:12,0.0,0,0,6571625,2019-02-03 11:28:12,btc,0.0,0.0,0,btc,0.0,0.0,0.0,21
1,[],12,[],2019-02-03 11:28:13,2263207444.531895,0.0000000001,0.00000000000000346568,6571626,2019-02-03 11:28:13,btc,1729404717463.8223,0.0,0.0000000001,btc,5076776819.478749,0.004543697361439044,0.22632074445318953,23
0,[],27,[],2019-02-03 11:28:15,0.0,0,0,6571627,2019-02-03 11:28:15,,0.424699,0.0,0,eth,424699.0,0.0,0.0,23
1,[],4,[],2019-02-03 11:28:16,3578822.89886302,0.00000082,0.000000000028418576,6571628,2019-02-03 11:28:16,btc,0.0797169323138433,0.0,0.00000082,btc,71608.61647836,0.01433755,0.4266185774900961,24
1,[],22,[],2019-02-03 11:28:19,11.76,0.00000100,0.0000000000346568,6571629,2019-02-03 11:28:19,BTC,7.415e-05,0.0,0.00000100,BTC,23.919354838709676,0.0,1.176e-05,24
0.0,[],25,[],2019-02-03 11:28:20,0.0,0,0,6571630,2019-02-03 11:28:20,,0.0,0.0,0.0,btc,0.0,0.0,0.0,24
1,[],4,[],2019-02-03 11:28:21,27065395.7905499,0.00000666,0.000000000230814288,6571631,2019-02-03 11:28:21,btc,0.2810323137117923,0.0,0.00000666,btc,27209.342509,0.11963695,0.4200332478798503,26
1,[],10,[],2019-02-03 11:28:23,725860.70874179,0.00000588,0.00000000020378198399999998,6571632,2019-02-03 11:28:23,btc,25.975773677598465,199.6880688,0.00000588,btc,13118.16646401,0.0,0.2069550833237116,26
0,[],2,[],2019-01-20 23:25:56,0.0,0,0,6476976,2019-01-20 23:25:56,,0.0,0.0,0,,0.0,0.0,0.0,26
1,[],3,[],2019-02-03 11:28:24,9442582.93283504,0.00000002,0.000000000000693136,6571633,2019-02-03 11:28:24,btc,2.2810501047412934,58333.6512021,0.00000002,btc,15511824.97287421,0.0,0.1133830782681865,27
1,[],5,[],2019-02-03 11:28:26,3e-08,0.00000002,0.000000000000693136,6571634,2019-02-03 11:28:26,btc,1.52458241,0.00317848,0.00000002,btc,4.69e-05,0.0,0.09822213,27
1,[],11,[],2019-02-03 11:28:27,10615374.41182718,0.00000005,0.00000000000173284,6571635,2019-02-03 11:28:27,btc,370.6426334117441,1000.0,0.00000005,btc,8221035.4403934,0.0,0.4936394994767663,27
1,[],4,[],2019-02-03 11:28:28,327731570.3437804,0.00000003,0.000000000001039704,6571636,2019-02-03 11:28:28,btc,4.048961782862046,0.0,0.00000003,"btc,ltc",119230896.4146568,1.23554198,4.395732811680662,29
1,[],7,[],2019-02-03 11:28:29,39735034.44057263,0.00000003,0.0000000000010397039999999998,6571637,2019-02-03 11:28:29,btc,44465206.117165886,1376307.51239,0.00000003,btc,38695198.18229003,0.04130123,0.7245504447692794,29
1,[],4,[],2019-02-03 11:28:30,1362207.82692023,0.00000030,0.00000000001039704,6571638,2019-02-03 11:28:30,btc,0.2719866301263703,0.0,0.00000030,btc,558811.95653063,0.00779355,0.0784445108522459,30
0,[],17,[],2019-02-03 11:28:32,0.0,0,0,6571639,2019-02-03 11:28:32,btc,0.0,0.0,0,btc,0.0,0.0,0.0,30
1,[],4,[],2019-02-03 11:28:33,1134944.11278009,0.00007227,0.000000002504646936,6571640,2019-02-03 11:28:33,btc,1.768349888826811,0.0,0.00007227,btc,21172.76888733,1.63570648,1.841884703109808,31
1,[],21,[],2019-02-03 11:28:34,55730.55758967,0.00007250000000000000042500725161,0.000000002512618,6571641,2019-02-03 11:28:34,btc,1.388396033612528,114616.3650198,0.00007250000000000000042500725161431773813092149794101715087890625,btc,17979.74919399,8.35564525,3.7149412114384317,31
0,[],2,[],2019-01-20 23:28:43,0.0,0,0,6477009,2019-01-20 23:28:43,,0.0,0.0,0,,0.0,0.0,0.0,32
1,[],4,[],2019-02-03 11:21:46,146157328.30205062,0.00000005,0.0000000000017340999999999999,6571442,2019-02-03 11:21:46,btc,3.569541380907559,0.0,0.00000005,"btc,ltc",58067815.86671399,0.19602957,2.5476247965519945,33
1,[],12,[],2019-02-03 11:21:47,19065614.278,0.00000006,0.0000000000020809199999999996,6571443,2019-02-03 11:21:47,btc,17261782.277592633,0.0,0.00000006,btc,89637027.52447535,0.0070832291508493,0.71633731668,33
1,[],4,[],2019-02-03 11:28:34,111179547.47515793,0.00000001,0.000000000000346568,6571642,2019-02-03 11:28:34,btc,0.7694500441024844,0.0,0.00000001,btc,25658044.73674948,0.00538402,1.1117954747515792,34
1,[],5,[],2019-02-03 11:28:37,1e-08,0.00000001,0.000000000000346568,6571643,2019-02-03 11:28:37,btc,3.91224338,0.02565023,0.00000001,btc,1.343e-05,0.0,0.72900966,34
0.00000000009782930000000001,[],4,[],2019-02-03 11:28:38,1433263051.8357065,3.913172e-18,1.356180193696e-22,6571644,2019-02-03 11:28:38,ltc,8.259593400038835e-09,0.0,0.00000004,ltc,1628125309.0914733,0.0,2.7864023570674706e-09,36
1,[],5,[],2019-02-03 11:28:39,0.0,0,0,6571645,2019-02-03 11:28:39,btc,204.28627658,0.0,0,btc,1.295e-05,0.0,0.0,36
0,[],17,[],2019-02-03 11:28:41,0.0,0,0,6571646,2019-02-03 11:28:41,btc,0.14185270837584252,0.0,0,btc,10826074.27743647,0.0,0.0,36
0.00000000009782930000000001,[],27,[],2019-02-03 11:28:43,1000000.0,1.956586e-18,6.78090096848e-23,6571647,2019-02-03 11:28:43,ltc,447.7307979714,0.0,0.00000002,"ltc,eth",3711879.16,0.0,1.956586e-12,36
1,[],4,[],2019-02-03 11:21:56,507903.06566538,0.00000151,0.000000000052369819999999995,6571450,2019-02-03 11:21:56,btc,0.4241914452176041,0.0,0.00000151,btc,221898.79970029,0.06947564,0.5058348020131888,37
1,[],12,[],2019-02-03 11:21:57,463200.66493875,0.000001439999999999999977188928391991229460700196796096861362457275390625,0.000000000049942079999999996,6571451,2019-02-03 11:21:57,btc,1331.0241761927211,0.0,0.000001439999999999999977188928391991229460700196796096861362457275390625,btc,745824.03286671,0.2443410186622149,0.3601895822221931,37
1,[],17,[],2019-02-03 11:21:58,1752.74075282,0.00000025,0.000000000008670499999999999,6571452,2019-02-03 11:21:58,btc,0.0554849239666674,0.000668326222905,0.00000025,btc,1387.19918473,0.0,0.00043818518820499993,37
1,[],27,[],2019-02-03 11:22:00,16843.0,0.00000046,0.00000000001595372,6571453,2019-02-03 11:22:00,btc,24.45584702489649,0.0,0.00000046,btc,5279.81438508,0.0,0.00561124,37
1,[],5,[],2019-02-03 11:28:45,1.314e-05,0.00000097,0.000000000033617096,6571648,2019-02-03 11:28:45,btc,0.1199835,0.14786121,0.00000097,btc,0.00010905,0.0,0.05708395,42
1,[],12,[],2019-02-03 11:28:46,162472.99440759,0.00000110999999999999996035831596741250137938550324179232120513916015625,0.000000000038469048,6571649,2019-02-03 11:28:46,btc,196.05900726264414,0.0,0.00000110999999999999996035831596741250137938550324179232120513916015625,btc,83275.94052857,0.0567636567799754,0.0647201083555313,42
0,[],27,[],2019-02-03 11:28:48,0.0,0,0,6571650,2019-02-03 11:28:48,,0.00315028,0.0,0,"btc,eth",11.007,0.0,0.0,42
1,[],5,[],2019-02-03 11:28:49,6e-08,0.00000003,0.000000000001039704,6571651,2019-02-03 11:28:49,btc,6.10271066,0.0,0.00000003,btc,1.425e-05,0.0,0.53368313,43
1,[],12,[],2019-02-03 11:28:51,6512129.0,0.00000002,0.000000000000693136,6571652,2019-02-03 11:28:51,btc,20007456.464722443,0.0,0.00000002,btc,38833161.74765234,0.0,0.06512143000000001,43
0,[],17,[],2019-02-03 11:28:52,0.0,0,0,6571653,2019-02-03 11:28:52,btc,0.0,0.0,0,btc,0.0,0.0,0.0,43
1,[],12,[],2019-02-03 11:28:53,916787.0,0.00000008,0.000000000002772544,6571654,2019-02-03 11:28:53,btc,11115205.991264518,0.0,0.00000008,btc,1007681.39860139,0.00087413982018,0.02912252,44
1,[],4,[],2019-02-03 11:28:54,235546859.90999085,0.00000002,0.000000000000693136,6571655,2019-02-03 11:28:54,btc,0.1803266138729143,0.0,0.00000002,"btc,ltc",8165011.68161888,0.0002,0.542802765398584,49
0.00000000009782930000000001,[],4,[],2019-02-03 11:28:55,4698101259.210569,1.956586e-18,6.78090096848e-23,6571656,2019-02-03 11:28:55,ltc,4.994394633352872,0.0,0.00000002,ltc,1704501339.5147107,0.0,4.619372501214162e-09,52
0,[],22,[],2019-02-03 11:28:58,0.0,0,0,6571657,2019-02-03 11:28:58,,3693.67822752,0.0,0,,258485157.90882352,0.0,0.0,57
0,[],27,[],2019-02-03 11:29:00,0.0,0,0,6571658,2019-02-03 11:29:00,,0.0,0.0,0,"btc,eth",0.0,0.0,0.0,57
0.00000000009782930000000001,[],4,[],2019-02-03 11:29:01,1387275466.3223617,5.869758000000001e-18,2.034270290544e-22,6571659,2019-02-03 11:29:01,ltc,3.288209342441338,0.0,0.00000006,ltc,1220628301.6125932,0.021956,5.643681278128058e-09,58
1,[],12,[],2019-02-03 11:29:02,2015087998.843957,0.0000000005,0.0000000000000173284,6571660,2019-02-03 11:29:02,btc,625179814392.2562,0.0,0.0000000005,btc,3170646742.1619377,0.1310784915844156,0.7225145894011392,58
0,[],17,[],2019-02-03 11:29:03,0.0,0,0,6571661,2019-02-03 11:29:03,btc,1e+24,0.0,0,btc,41616695.95832568,0.0,0.0,58
0.00000000012230960000000002,[],22,[],2019-02-03 11:29:06,137438.0,1.223096e-18,4.23885934528e-23,6571662,2019-02-03 11:29:06,XMR,69.8835922,0.0,0.00000001,XMR,9887963.0,0.0,0.00137438,58
1,[],5,[],2019-02-03 11:29:08,5.5e-06,0.00000053,0.000000000018368103999999998,6571663,2019-02-03 11:29:08,btc,0.32883957,0.09096602,0.00000053,btc,0.00013685,0.0,0.05792101,61
1,[],22,[],2019-02-03 11:29:11,5111.5,0.00000011,0.000000000003812248,6571664,2019-02-03 11:29:11,BTC,1002.29606732,0.0,0.00000011,BTC,15028.700278135757,0.0,0.00051178,61
1,[],26,[],2019-02-03 11:29:11,0.0,0.00000800,0.0000000002772544,6571665,2019-02-03 11:29:11,btc,0.0,0.0,0.00000800,btc,0.0,0.0,0.0,61
0,[],27,[],2019-02-03 11:22:37,0.0,0,0,6571472,2019-02-03 11:22:37,,0.1550356,0.0,0,"btc,eth",155.72848,0.0,0.0,61
1,[],28,[],2019-02-03 11:22:41,6888.304,0.0000008,0.000000000027745599999999998,6571473,2019-02-03 11:22:41,btc,2.064690685900105,745.0,0.0000008,btc,11329.09500005,0.0,0.00216911304,61
1,[],4,[],2019-02-03 11:22:42,1296386.03760984,0.00000180,0.0000000000624276,6571474,2019-02-03 11:22:42,btc,0.7604250493923217,0.0,0.00000180,btc,270179.45991751,0.08943056,0.9463870433376653,67
0.0,[],25,[],2019-02-03 11:22:43,0.0,0,0,6571475,2019-02-03 11:22:43,,0.0,0.0,0.0,btc,0.0,0.0,0.0,67
1,[],12,[],2019-02-03 11:29:16,3098367.68300001,0.0000001,0.00000000000346568,6571668,2019-02-03 11:29:16,btc,16893709.42495403,0.0,0.0000001,btc,2485155.59000996,0.0002304159740264,0.0847347628411122,71
,[],5,[],2018-11-20 23:02:39,1.5e-07,0.00000005,0.000000000002128045,4862160,2018-11-20 23:02:39,btc,2.84511358,0.0,,btc,0.00036572,0.0,0.07381892,74
1,[],5,[],2019-01-25 15:53:51,3.303e-05,0.00000156,0.000000000055588884,6499610,2019-01-25 15:53:51,btc,1.42844212,0.0,0.00000156,btc,0.00015937,0.0,0.49487621,75
0,[],20,[],2019-01-25 09:30:31,0.0,0,0,6495923,2019-01-25 09:30:31,btc,0.0,0.0,0,btc,0.0,0.0,0.0,81
1,[],4,[],2019-02-03 11:22:45,70997797.82492337,0.00000001,0.00000000000034682,6571477,2019-02-03 11:22:45,btc,0.8164048853705091,0.0,0.00000001,btc,15307943.35273608,0.0,0.7099779782492337,81
1,[],4,[],2019-02-03 11:29:17,23281.85485802,0.00006952,0.000000002409340736,6571669,2019-02-03 11:29:17,btc,0.8660262982764866,0.0,0.00006952,btc,8059.55278555,0.04987837,0.0535545315659429,82
1,[],21,[],2019-02-03 11:29:18,87323.39610881,0.00007553000000000000360191043658,0.000000002617628104,6571670,2019-02-03 11:29:18,btc,3.598480350228682,3855.26414193,0.00007553000000000000360191043657920317855314351618289947509765625,btc,41035.89078506,0.29379783,4.520056859696881,82
0,[],17,[],2019-02-03 11:22:51,0.0,0,0,6571480,2019-02-03 11:22:51,btc,0.0447233088476774,0.0,0,btc,999127.19588126,0.0,0.0,84
0.00000000009782930000000001,[],4,[],2019-02-03 11:29:19,348911618.1122683,1.2717809e-17,4.407585629512e-22,6571671,2019-02-03 11:29:19,ltc,0.19754182486223845,0.0,0.00000013,ltc,70718663.68661451,0.0,1.4827618320724763e-09,85
,[],22,[],2018-11-20 23:09:34,3408.1,0.0000001,0.0000000000041895,4862324,2018-11-20 23:09:34,BTC,0.04624735,0.0,,BTC,4990.0,0.0,0.00033081,86
0,[],22,[],2019-02-03 11:29:22,0.0,0,0,6571672,2019-02-03 11:29:22,,2.07810912,0.0,0,,154826.94736842104,0.0,0.0,87
0,[],27,[],2019-02-03 11:29:23,0.0,0,0,6571673,2019-02-03 11:29:23,,0.0,0.0,0,btc,0.0,0.0,0.0,87
,[],2,[],2018-11-20 23:10:47,0.0,0,0,4862359,2018-11-20 23:10:47,,0.0,0.0,,,0.0,0.0,0.0,88
1,[],11,[],2019-02-03 11:29:25,102324.14229343,0.00018547999999999999275017426025868871874990873038768768310546875,0.0000000064281432639999995,6571674,2019-02-03 11:29:25,btc,236.46136585709735,844.099,0.00018547999999999999275017426025868871874990873038768768310546875,btc,185548.30018949,0.0,7.580043161142094,89
0,[],2,[],2019-01-20 23:31:45,0.0,0,0,6477083,2019-01-20 23:31:45,,0.0,0.0,0,,0.0,0.0,0.0,91
1,[],12,[],2019-02-03 11:29:27,515982.72839713,0.00000278999999999999996903843856033144987804917036555707454681396484375,0.000000000096692472,6571675,2019-02-03 11:29:27,btc,3.6669557546557088,0.0,0.00000278999999999999996903843856033144987804917036555707454681396484375,btc,31219.19415164,0.0054819634,0.1439878888000135,91
0,[],17,[],2019-02-03 11:29:28,0.0,0,0,6571676,2019-02-03 11:29:28,btc,0.0,0.0,0,btc,0.0,0.0,0.0,91
0.00000000009782930000000001,[],22,[],2019-02-03 11:29:32,37704795.571428575,6.8480510000000006e-18,2.373315338968e-22,6571677,2019-02-03 11:29:32,LTC,8.80622787,0.0,0.00000007,LTC,76324658.1,0.0,1.72417449,95
0.00000000009782930000000001,[],4,[],2019-02-03 11:29:34,132459592.44604857,9.978588600000001e-17,3.4582594939248005e-21,6571678,2019-02-03 11:29:34,ltc,1.1226880199582794,0.0,0.00000102,ltc,68513279.29988769,0.0,6.974505033586624e-10,96
1,[],12,[],2019-02-03 11:29:35,327025.0,0.00000001,0.000000000000346568,6571679,2019-02-03 11:29:35,btc,255063.40259308563,0.0,0.00000001,btc,7976052.33297676,4.499e-05,0.00327025,96
0,[],17,[],2019-02-03 11:29:36,0.0,0,0,6571680,2019-02-03 11:29:36,btc,0.0,0.0,0,btc,0.0,0.0,0.0,96
1,[],4,[],2019-01-28 01:29:03,1472892.19429314,0.00000039,0.000000000013841295,6517118,2019-01-28 01:29:03,btc,0.30363706505258,0.0,0.00000039,btc,473598.41813208,0.02260545,0.1322524391209234,99
0,[],2,[],2019-01-20 23:23:55,0.0,0,0,6476914,2019-01-20 23:23:55,,0.0,0.0,0,,0.0,0.0,0.0,100
1,[],4,[],2019-02-03 11:29:37,81773.16328971,0.00004700,0.0000000016288696,6571681,2019-02-03 11:29:37,btc,4.051754038329146,0.0,0.00004700,btc,74150.08976771,1.4514052,2.87826477468472,100
1,[],22,[],2019-02-03 11:29:40,50000.0,0.00000001,0.000000000000346568,6571682,2019-02-03 11:29:40,BTC,23.50383609,0.0,0.00000001,BTC,11277.22,0.0,0.0005,101
1,[],4,[],2019-02-03 11:29:41,111767.91505238,0.00000095,0.00000000003292396,6571683,2019-02-03 11:29:41,btc,0.4015225171498609,0.0,0.00000095,btc,152970.60866793,0.03036997,0.0631881766203445,103
1,[],12,[],2019-02-03 11:29:45,93610706.0,0.000000015,0.0000000000005198519999999999,6571684,2019-02-03 11:29:45,btc,138278963.8792621,0.0,0.000000015,btc,145144123.47990784,0.1589563398108485,0.586125959,105
1,[],27,[],2019-02-03 11:29:46,10158052.89,0.00000001,0.000000000000346568,6571685,2019-02-03 11:29:46,btc,0.6930127791760939,8200.0,0.00000001,btc,708867.82781977,0.000164,0.1015805289,105
0,[],22,[],2019-02-03 11:29:49,0.0,0,0,6571686,2019-02-03 11:29:49,,1.07253299,0.0,0,,94300.0,0.0,0.0,107
1,[],26,[],2019-02-03 11:29:49,0.0,0.00000000,0,6571687,2019-02-03 11:29:49,btc,0.0,0.0,0.00000000,btc,0.0,0.0,0.0,107
1,[],5,[],2019-02-03 11:29:51,6e-08,0.00000003,0.000000000001039704,6571688,2019-02-03 11:29:51,btc,2.99714908,0.09938015,0.00000003,btc,1.773e-05,0.0,0.15361467,112
1,[],22,[],2019-02-03 11:29:54,1966.0,0.00000001,0.000000000000346568,6571689,2019-02-03 11:29:54,BTC,2.839063,0.0,0.00000001,BTC,808529.0833333334,0.00324299,1.966e-05,112
0.0000000003124648,[],27,[],2019-02-03 11:23:30,500000.0,3.124648e-18,1.08369041936e-22,6571499,2019-02-03 11:23:30,eth,1.25356065,0.0,0.00000001,"btc,eth",1328.0,0.0,1.562324e-12,112
1,[],4,[],2019-02-03 11:23:31,478561.53902601,0.00000378,0.00000000013109796,6571500,2019-02-03 11:23:31,btc,0.5206681164167167,0.0,0.00000378,btc,96469.74847886,0.1097595,0.2862710770335418,113
1,[],5,[],2019-02-03 11:23:33,2.494e-05,0.00000375,0.0000000001300575,6571501,2019-02-03 11:23:33,btc,2.49260376,0.00412126,0.00000375,btc,0.00405162,0.0,0.21575842,113
1,[],17,[],2019-02-03 11:23:34,212548.72400000002,0.00000004,0.00000000000138728,6571502,2019-02-03 11:23:34,btc,1.33680302678,0.0,0.00000004,btc,50696.221,0.0,0.00460194896,116
0,[],27,[],2019-02-03 11:23:36,0.0,0,0,6571503,2019-02-03 11:23:36,,0.0,0.0,0,btc,0.0,0.0,0.0,116
1,[],4,[],2019-02-03 11:23:37,55185.36422656,0.00002316,0.00000000080323512,6571504,2019-02-03 11:23:37,btc,0.7754358784333575,0.0,0.00002316,btc,26913.96911856,0.72849759,0.9655201276463132,120
1,[],7,[],2019-02-03 11:23:38,11042.53538514,0.00001796000000000000083899033553880286717685521580278873443603515625,0.00000000062288872,6571505,2019-02-03 11:23:38,btc,88979.01748002323,31.45000271,0.00001796000000000000083899033553880286717685521580278873443603515625,btc,23774.851171950002,0.00113348,0.09836784542464021,120
1,[],20,[],2019-02-03 11:23:40,1607028.1906,0.000000013,0.000000000000450866,6571506,2019-02-03 11:23:40,btc,33.7489442370083,222.819,0.000000013,btc,1074422.3317,2.896647e-06,0.0088322132172,125
1,[],22,[],2019-02-03 11:23:48,3053.0,0.00000001,0.00000000000034682,6571507,2019-02-03 11:23:48,BTC,0.01444889,0.0,0.00000001,BTC,296264.5111111111,0.0,3.053e-05,126
0,[],2,[],2019-01-20 23:25:46,0.0,0,0,6476969,2019-01-20 23:25:46,,0.0,0.0,0,,0.0,0.0,0.0,131
1,[],4,[],2019-02-03 11:23:49,91590.17620819,0.00001625,0.0000000005635825,6571508,2019-02-03 11:23:49,btc,0.8556427592116775,0.0,0.00001625,btc,40367.55356986,0.29940713,0.5887903265958426,131
0,[],17,[],2019-02-03 11:23:51,0.0,0,0,6571509,2019-02-03 11:23:51,btc,0.0008451375975800001,0.0,0,btc,30.89614684,0.0,0.0,131
1,[],4,[],2019-02-03 11:23:51,4613.5368902,0.00016003,0.00000000555016046,6571510,2019-02-03 11:23:51,btc,1.6408764526332476,0.0,0.00016003,btc,302.35845559,0.0,0.0118639733745328,135
1,[],3,[],2019-02-03 11:23:52,1802721.66354937,0.00000007,0.00000000000242774,6571511,2019-02-03 11:23:52,btc,0.1406559683714911,17991.1866357,0.00000007,btc,399436.80852494,0.0,0.0665253942725346,136
1,[],4,[],2019-02-03 11:23:53,91110.29177274,0.00000180,0.0000000000624276,6571512,2019-02-03 11:23:53,btc,0.4269446800673043,0.0,0.00000180,btc,165804.67815308,0.12136874,0.1250001268814855,137
1,[],12,[],2019-02-03 11:23:54,296946.03016339,0.000001830000000000000054831898570195658493275914224795997142791748046875,0.00000000006346806,6571513,2019-02-03 11:23:54,btc,11982.848167964858,0.0,0.000001830000000000000054831898570195658493275914224795997142791748046875,btc,125958.5506314,0.1092286098882582,0.0273694300000077,137
1,[],5,[],2019-02-03 11:23:55,0.00136514,0.00004000,0.00000000138728,6571514,2019-02-03 11:23:55,btc,4.10480916,0.99890648,0.00004000,btc,0.00327571,0.0,1.38747262,142
1,[],17,[],2019-02-03 11:23:56,12500.0,0.0000001,0.0000000000034681999999999997,6571515,2019-02-03 11:23:56,btc,20.26102157903134,0.0001070700002253,0.0000001,btc,5931.99821453,0.0,0.00125,142
1,[],20,[],2019-02-03 11:23:58,149665.6766,0.000025423,0.000000000881720486,6571516,2019-02-03 11:23:58,btc,4.1908266424,165.568,0.000025423,btc,10940.3001,0.0068356928796,0.2471364743976,142
1,[],22,[],2019-02-03 11:24:01,962.0,0.00001800,0.000000000624276,6571517,2019-02-03 11:24:01,BTC,3.00449528,0.0,0.00001800,BTC,899.098,0.0,0.0001637,142
0.0,[],25,[],2019-02-03 11:24:02,0.0,0,0,6571518,2019-02-03 11:24:02,,0.0,0.0,0.0,btc,0.0,0.0,0.0,142
1,[],28,[],2019-02-03 11:24:07,78705.0,0.00002500,0.00000000086705,6571519,2019-02-03 11:24:07,btc,0.0367822,1479.665,0.00002500,btc,730.0,0.0,0.0312237,142
0,[],22,[],2019-01-28 18:33:43,0.0,0,0,6521842,2019-01-28 18:33:43,,61.27958297,0.0,0,,815366265.8,0.0,0.0,143
1,[],21,[],2019-02-03 11:24:09,30154408.77707007,0.00000027,0.00000000000936414,6571520,2019-02-03 11:24:09,btc,51.572414203375665,2530058.55334698,0.00000027,btc,87996772.9059429,0.69121618,4.002117245264247,145
0,[],22,[],2019-02-03 11:24:12,0.0,0,0,6571521,2019-02-03 11:24:12,,4.59029651,0.0,0,,1929123.5,0.0,0.0,146
,[],22,[],2018-11-20 23:01:11,0.0,0,0,4862114,2018-11-20 23:01:11,,2.56807021,0.0,,,61828.4988236,0.0,0.0,147
1,[],12,[],2019-02-03 10:31:11,8690395.10805654,0.00000358999999999999993283692802104045682654032134450972080230712890625,0.00000000012449402,6571321,2019-02-03 10:31:11,btc,16.565803987466268,0.0,0.00000358999999999999993283692802104045682654032134450972080230712890625,btc,112319.49663261,0.0,0.1216414800000295,148
1,[],4,[],2019-02-03 11:24:13,306042.43277379,0.00000037,0.00000000001283234,6571522,2019-02-03 11:24:13,btc,0.6875961683770753,0.0,0.00000037,btc,502571.3208287,0.00040399,0.0678840162441816,152
0,[],22,[],2019-02-03 11:24:21,0.0,0,0,6571523,2019-02-03 11:24:21,,0.0,0.0,0,,0.0,0.0,0.0,152
1,[],5,[],2019-02-03 11:24:22,0.0,0,0,6571524,2019-02-03 11:24:22,btc,4.41264381,0.0,0,btc,0.00161275,0.0,0.0,153
,[],16,[],2019-01-11 15:38:59,0.0,0,0,6366141,2019-01-11 15:38:59,btc,0.0,0.0,,btc,0.0,0.0,0.0,155
0,[],22,[],2019-02-03 11:24:25,0.0,0,0,6571525,2019-02-03 11:24:25,,6.73312347,0.0,0,,4564272.742592593,0.0,0.0,156
0,[],23,[],2019-01-20 23:24:29,0.0,0,0,6476932,2019-01-20 23:24:29,,0.0,0.0,0,,0.0,0.0,0.0,156
1,[],22,[],2019-02-03 11:24:28,7906.0,0.00000801,0.00000000027780282,6571526,2019-02-03 11:24:28,BTC,43.78801181,0.0,0.00000801,BTC,1067.5805334758436,0.0,0.00743836,157
0,[],22,[],2019-02-03 11:24:30,0.0,0,0,6571527,2019-02-03 11:24:30,,50175.6753658,0.0,0,,54007107.04179466,0.0,0.0,158
,[],17,[],2018-11-20 22:56:10,0.0,0,0,4861976,2018-11-20 22:56:10,btc,1.1265625,0.0,,btc,1000.0,0.0,0.0,159
,[],20,[],2018-11-20 22:56:12,0.0,0,0,4861977,2018-11-20 22:56:12,btc,11912.7940471,0.0,,btc,34413894.3617,0.0,0.0,159
1,[],12,[],2019-02-03 11:24:32,189092.37835576,0.00000819999999999999941717628015869223645495367236435413360595703125,0.0000000002843924,6571528,2019-02-03 11:24:32,btc,6.685896487202606,0.0,0.00000819999999999999941717628015869223645495367236435413360595703125,btc,14746.68124826,0.0037052631,0.0869051515000344,168
1,[],17,[],2019-02-03 10:31:29,29784.95,0.000001,0.000000000034678,6571329,2019-02-03 10:31:29,btc,0.03026736251542,0.0,0.000001,btc,144.46171372,0.0,0.00716147,168
1,[],22,[],2019-02-03 11:24:35,3800.0,0.00000001,0.00000000000034682,6571529,2019-02-03 11:24:35,BTC,1.14964814,0.0,0.00000001,BTC,689592.4758060451,0.0,3.8e-05,169
1,[],22,[],2019-02-03 11:24:39,70848.4129032258,0.00000031,0.000000000010751419999999999,6571530,2019-02-03 11:24:39,BTC,10.3254575,0.0,0.00000031,BTC,112356.72204767076,0.00044683,0.01171261,171
1,[],22,[],2019-02-03 11:24:42,499631.78205128206,0.00000015,0.0000000000052023,6571531,2019-02-03 11:24:42,BTC,2.63896143,0.0,0.00000015,BTC,245521.81109555863,1.5e-06,0.04091684,173
1,[],5,[],2019-02-03 11:24:43,4.452e-05,0.00000385,0.0000000001335257,6571532,2019-02-03 11:24:43,btc,0.36135167,0.00092074,0.00000385,btc,0.00032042,0.0,0.78972271,175
1,[],22,[],2019-02-03 11:24:46,49549.25714285715,0.0000004,0.000000000013872799999999999,6571533,2019-02-03 11:24:46,BTC,0.61296182,0.0,0.0000004,BTC,156124.17417750834,5.28e-05,0.01679357,176
1,[],7,[],2019-02-03 11:24:47,0.0,0,0,6571534,2019-02-03 11:24:47,btc,233208.59190894547,1248.75124875,0,btc,116200784.21566916,1.249e-05,0.0,178
0,[],22,[],2019-02-03 11:24:49,0.0,0,0,6571535,2019-02-03 11:24:49,,1.00242428,0.0,0,,57512.0,0.0,0.0,178
0,[],2,[],2019-01-20 23:28:34,0.0,0,0,6477001,2019-01-20 23:28:34,,0.0,0.0,0,,0.0,0.0,0.0,178
1,[],5,[],2019-02-03 11:24:51,3e-08,0.00000002,0.00000000000069364,6571536,2019-02-03 11:24:51,btc,17.07282699,0.01112693,0.00000002,btc,2.088e-05,0.0,1.3331613,179
1,[],22,[],2019-02-03 11:24:54,7842169.0,0.00000003,0.00000000000104046,6571537,2019-02-03 11:24:54,BTC,5.52570121,0.0,0.00000003,"BTC,LTC",18396229.401989967,4.2e-07,0.38978475,179
0,[],23,[],2019-01-20 23:25:08,0.0,0,0,6476952,2019-01-20 23:25:08,,0.0,0.0,0,,0.0,0.0,0.0,179
1,[],17,[],2019-02-03 11:24:56,10504.725,0.0000001,0.0000000000034681999999999997,6571538,2019-02-03 11:24:56,btc,5.206166879877479,0.0,0.0000001,btc,6755.0074587,0.0,0.0010504725,180
1,[],22,[],2019-02-03 11:25:00,33882.94545454546,0.00000011,0.00000000000381502,6571539,2019-02-03 11:25:00,BTC,0.09806895,0.0,0.00000011,"BTC,LTC",18638.916593151593,7.697e-05,0.00351358,180
1,[],26,[],2019-02-03 11:25:00,0.0,0.00000010,0.0000000000034681999999999997,6571540,2019-02-03 11:25:00,btc,0.0,0.0,0.00000010,btc,0.0,0.0,0.0,180
,[],7,[],2018-11-20 22:58:01,562227.975654,0.00000085,0.000000000036176765,4862015,2018-11-20 22:58:01,btc,21836.6059674,2491.87645172,,btc,749999.041456,0.00211021,0.127565380455,183
1,[],24,[],2019-02-03 11:25:00,0.0,0.000000000001,3.4682e-17,6571541,2019-02-03 11:25:00,btc,0.0,0.0,0.000000000001,btc,0.0,0.0,0.0,187
,[],5,[],2019-01-10 08:11:41,0.0,0,0,6347036,2019-01-10 08:11:41,btc,82.15055501,0.00261,,btc,1.19002445,0.0,0.0,187
,[],17,[],2018-11-16 20:58:10,4062536.27273,0.00000001,0.000000000000550501,4708775,2018-11-16 20:58:10,btc,3.36492563466,0.195460381006,,"btc,eth",110697919.549,0.0,0.0157628953496,187
0,[],22,[],2019-02-03 11:25:04,0.0,0,0,6571542,2019-02-03 11:25:04,,1.19382741,0.0,0,,13380.036201072173,0.0,0.0,191
0,[],22,[],2019-01-29 02:57:02,0.0,0,0,6524994,2019-01-29 02:57:02,,0.0,0.0,0,,0.0,0.0,0.0,197
1,[],26,[],2019-02-03 11:25:05,0.0,0.00000000,0,6571543,2019-02-03 11:25:05,btc,0.0,756730.0,0.00000000,btc,0.0,0.0,0.0,199
0,[],23,[],2019-01-20 23:31:41,0.0,0,0,6477079,2019-01-20 23:31:41,,0.0,0.0,0,,0.0,0.0,0.0,199
0,[],17,[],2019-01-30 16:32:01,0.0,0,0,6540827,2019-01-30 16:32:01,btc,6.802544163788159,0.0,0,btc,105897.55575295,0.0,0.0,200
0,[],2,[],2019-01-20 23:30:49,0.0,0,0,6477059,2019-01-20 23:30:49,,0.0,0.0,0,,0.0,0.0,0.0,201
1,[],4,[],2019-01-25 15:51:35,2084389.58565343,0.00000936,0.000000000333526752,6499557,2019-01-25 15:51:35,btc,2.0092503037378524,0.0,0.00000936,btc,160195.80207885,0.19272417,1.242687955921835,211
1,[],7,[],2019-02-03 11:25:08,17369421.95108825,0.00000146999999999999990171598886201653755279039614833891391754150390625,0.000000000050982539999999994,6571544,2019-02-03 11:25:08,btc,16567795.777358618,480301.064294,0.00000146999999999999990171598886201653755279039614833891391754150390625,btc,12480306.56009362,0.0,9.015324859904933,212
1,[],5,[],2019-02-03 11:25:09,5.65e-06,0.00000036,0.000000000012485519999999999,6571545,2019-02-03 11:25:09,btc,1.11569588,0.05212165,0.00000036,btc,3.228e-05,0.0,0.26195035,213
1,[],24,[],2019-02-03 11:25:09,0.0,0.000000050000,0.0000000000017340999999999999,6571546,2019-02-03 11:25:09,btc,0.0,0.0,0.000000050000,btc,0.0,0.0,0.0,213
1,[],26,[],2019-02-03 11:25:09,0.0,0.00000009,0.0000000000031213799999999998,6571547,2019-02-03 11:25:09,btc,0.0,0.0,0.00000009,btc,0.0,0.0,0.0,213
1,[],12,[],2019-01-25 02:44:32,207462.42853209,0.000001080000000000000035831255497387193287295303889550268650054931640625,0.000000000038610756000000006,6493050,2019-01-25 02:44:32,btc,85023.03793723314,0.0,0.000001080000000000000035831255497387193287295303889550268650054931640625,btc,43675.73520027,0.000146250909087,0.0348620860622024,213
1,[],22,[],2019-02-03 11:25:13,276400.0,0.00000002,0.00000000000069364,6571548,2019-02-03 11:25:13,BTC,70.20492877,0.0,0.00000002,BTC,291693.63137942314,0.0,0.004714,216
1,[],27,[],2019-02-03 11:25:15,5050645.0,0.0000001,0.0000000000034681999999999997,6571549,2019-02-03 11:25:15,btc,313.98413178316,0.0,0.0000001,"btc,ltc",287018.13411,0.0,0.0510735,216
1,[],22,[],2019-02-03 11:25:18,244617.41803717994,0.00000235,0.0000000000815027,6571550,2019-02-03 11:25:18,BTC,12677.89641213,0.0,0.00000235,BTC,481321.85445181513,0.15235692,0.30991348,217
1,[],7,[],2019-02-03 11:25:20,0.0,0,0,6571551,2019-02-03 11:25:20,btc,77970.02600413912,0.0,0,btc,134531561.1214003,0.0,0.0,219
0,[],27,[],2019-02-03 11:25:22,0.0,0,0,6571552,2019-02-03 11:25:22,,0.0741038339680918,0.0,0,btc,1542429.2070951,0.0,0.0,219
0.0000000000000055,[],28,[],2019-02-03 11:25:24,205135012.733,6.05e-18,2.098261e-22,6571553,2019-02-03 11:25:24,doge,88554.0318717675,14362.0,0.00110000,"btc,doge",4969437.84751,0.0,3.009177320395367e-11,219
1,[],22,[],2019-02-03 11:25:27,203201.0,0.00000038,0.00000000001317916,6571554,2019-02-03 11:25:27,BTC,2.99902229,0.0,0.00000038,BTC,31872.55212317522,0.000165,0.02039238,221
1,[],24,[],2019-02-03 11:25:27,0.0,0.000000320000,0.00000000001109824,6571555,2019-02-03 11:25:27,btc,0.0,0.0,0.000000320000,btc,0.0,0.0,0.0,221
1,[],20,[],2019-02-03 11:25:29,7367007.9295,0.000000005,0.00000000000017341,6571556,2019-02-03 11:25:29,btc,2.3731736750352,1469086.5621,0.000000005,btc,6022388.3686,0.0143695243338,0.0087087713734,224
0,[],22,[],2019-02-03 11:25:32,0.0,0,0,6571557,2019-02-03 11:25:32,,0.0,0.0,0,,0.0,0.0,0.0,224
1,[],26,[],2019-02-03 11:25:32,0.0,0.00000002,0.00000000000069364,6571558,2019-02-03 11:25:32,btc,0.0,4497.844,0.00000002,btc,0.0,0.0,0.0,231
1,[],26,[],2019-02-03 11:25:32,0.0,0.00000004,0.00000000000138728,6571559,2019-02-03 11:25:32,btc,0.0,2654.0,0.00000004,btc,0.0,0.0,0.0,234
0,[],27,[],2019-02-03 11:25:35,0.0,0,0,6571560,2019-02-03 11:25:35,,0.0113483662182,0.0,0,"btc,eth",11462.99618,0.0,0.0,234
0.0000000000978866,[],22,[],2019-02-03 11:25:38,8720000.0,9.788659999999999e-19,3.3949030612e-23,6571561,2019-02-03 11:25:38,LTC,3.68017965,0.0,0.00000001,LTC,99030173.76551227,0.0,0.0872,235
1,[],4,[],2019-02-03 11:25:39,746072.61250672,0.00000063,0.00000000002184966,6571562,2019-02-03 11:25:39,btc,0.1643739650523844,0.0,0.00000063,btc,142608.36601675,0.03651196,0.1494698294775845,236
1,[],24,[],2019-02-03 11:25:39,0.0,0.000000010000,0.00000000000034682,6571563,2019-02-03 11:25:39,btc,0.0,0.0,0.000000010000,btc,0.0,0.0,0.0,236
1,[],20,[],2019-02-03 11:25:40,12708785.2717,0.00000006,0.00000000000208092,6571564,2019-02-03 11:25:40,btc,14.4335267087826,13365383.8545,0.00000006,btc,25900996.2468,0.8709473469489,0.3727602827908,237
1,[],22,[],2019-02-03 11:25:43,10000.0,0.00000001,0.00000000000034682,6571565,2019-02-03 11:25:43,BTC,0.04103605,0.0,0.00000001,BTC,6179.0,0.0,0.0001,237
1,[],4,[],2019-02-03 11:25:45,3383807.24023955,0.00000032,0.00000000001109824,6571566,2019-02-03 11:25:45,btc,0.8874832330761315,0.0,0.00000032,btc,2585735.54137113,0.21961628,0.9653932086996421,238
1,[],5,[],2019-02-03 11:25:46,3.64e-06,0.00000031,0.000000000010751419999999999,6571567,2019-02-03 11:25:46,btc,0.7815144,0.08472196,0.00000031,btc,2.906e-05,0.0,0.22799766,238
1,[],22,[],2019-02-03 11:25:50,247742.5,0.00000004,0.00000000000138728,6571568,2019-02-03 11:25:50,BTC,15.41538995,0.0,0.00000004,BTC,305689.9139027493,0.00038902,0.00790982,249
0.0000000000978866,[],22,[],2019-02-03 11:25:58,66437.0,3.9154639999999996e-18,1.35796122448e-22,6571569,2019-02-03 11:25:58,LTC,0.34015583,0.0,0.00000004,LTC,11638612.49,0.0,0.00116201,252
1,[],28,[],2019-02-03 11:26:03,2305708.428,0.00000009,0.0000000000031213799999999998,6571570,2019-02-03 11:26:03,btc,164692.27472170623,210910.0816,0.00000009,btc,718339.3995,0.0,0.07814442624,256
1,[],22,[],2019-02-03 11:26:07,105660.95238095238,0.00000007,0.00000000000242774,6571571,2019-02-03 11:26:07,BTC,35605.56385719,0.0,0.00000007,BTC,505765.34188300685,0.00072599,0.00255594,258
1,[],22,[],2019-01-26 20:58:41,368451.0,0.00000001,0.000000000000356135,6510120,2019-01-26 20:58:41,BTC,2.642917,0.0,0.00000001,"BTC,LTC",1862.0,0.0,0.02488451,259
1,[],22,[],2019-02-03 11:26:10,130.28,0.00000700,0.000000000242774,6571572,2019-02-03 11:26:10,BTC,4.69280906,0.0,0.00000700,BTC,6723.3895107870885,0.01411456,0.00091196,262
1,[],5,[],2019-02-03 11:26:11,6.657e-05,0.00000310,0.0000000001075142,6571573,2019-02-03 11:26:11,btc,1.21504558,0.05864916,0.00000310,btc,0.00100652,0.0,0.20640007,264
1,[],20,[],2019-02-03 11:26:14,1175018.7825,0.00000256,0.00000000008878592,6571574,2019-02-03 11:26:14,btc,5.0133368713134,4435.7203,0.00000256,btc,96552.8779,0.0196579543509,0.0341176350194,264
1,[],22,[],2019-02-03 11:26:17,139217.0,0.00000002,0.00000000000069364,6571575,2019-02-03 11:26:17,BTC,8.66233915,0.0,0.00000002,BTC,334094.0934647885,2.618e-05,0.00228671,271
0,[],22,[],2019-02-03 11:26:19,0.0,0,0,6571576,2019-02-03 11:26:19,,368.98163014,0.0,0,,14553457703.9,0.0,0.0,272
0.0000000000000055,[],28,[],2019-02-03 11:26:23,258004982150.48,8.8e-21,3.052016e-25,6571577,2019-02-03 11:26:23,doge,299053259.8231848,12072340534.8859,0.00000160,doge,194119762578.4538,0.0,9.741151397024408e-10,272
0,[],22,[],2019-02-03 11:26:27,0.0,0,0,6571578,2019-02-03 11:26:27,,0.0,0.0,0,,0.0,0.0,0.0,281
