pairValue,buyBook,exchangeId,sellBook,updated,buyTotal,satoshiPrice,usdPrice,exchangeLogId,created,bestPair,sellTotalBtc,volume,pairPrice,activePairs,sellTotal,volumeBtc,buyTotalBtc,coinId
1.0,[],3,[],2019-01-22 15:34:08,98.237773746655,0.01249038,4.44836764953e-07,6500786,2019-01-22 15:34:08,btc,106.95504939564975,0.038393511871,0.01249038,btc,13.011418425751001,0.0,0.10140840932262321,1
1.0,[],4,[],2019-01-22 15:34:09,25076.4510283,0.01270482,4.52473906167e-07,6500787,2019-01-22 15:34:09,btc,0.7480393352701803,0.0,0.01270482,btc,55.08999676,1.18878054,1.2158511264063083,1
1.0,[],5,[],2019-01-22 15:34:10,0.21259319,0.01262072,4.49478739332e-07,6500788,2019-01-22 15:34:10,btc,14578.51701315,0.06118027,0.01262072,btc,35555556.27956712,0.0,1.24541682,1
1.0,[],10,[],2019-01-22 15:34:11,269275.22711875,0.01225,4.362757875e-07,6500789,2019-01-22 15:34:11,btc,6371.223976873368,1464.32383763,0.01225,btc,1026.64223296,0.0,1.639040347982917,1
1.0,[],12,[],2019-01-22 15:34:14,10383.68513306,0.01269,4.519461015e-07,6500790,2019-01-22 15:34:14,btc,0.390391304402,0.0,0.01269,btc,24.884886480000002,0.1444443441607,0.2593834028057,1
1.0,[],20,[],2019-01-22 15:34:16,1308.0307,0.0105,3.73950675e-07,6500791,2019-01-22 15:34:16,btc,0.0746164438962,0.0,0.0105,btc,3.5114,0.0,0.0802470082863,1
0.032984291788677976,[],21,[],2019-01-22 15:34:17,2228.50227041,0.010235561406925425,3.6453286639273447e-07,6500792,2019-01-22 15:34:17,eth,18.62314914102009,4543.7986897,0.31031624,"btc,eth",1417.7567584399999,54.05900139,27.79306554851468,1
1.0,[],22,[],2019-01-22 15:34:20,0.0363776,0.014,4.986009e-07,6500793,2019-01-22 15:34:20,BTC,0.312,0.0,0.014,BTC,0.031,0.00091799,0.00048472,1
1.0,[],24,[],2019-01-22 15:34:21,0.0,0.0,0.0,6500794,2019-01-22 15:34:21,btc,0.0,0.0,0.0,btc,0.0,0.0,0.0,1
1.0,[],25,[],2019-01-22 15:34:22,308.54111329,0.012502,4.452506037e-07,6500795,2019-01-22 15:34:22,btc,28.162999997532022,1390.49890095,0.012502,btc,2160.56633644,17.5672,3.7699999996159277,1
1.0,[],28,[],2019-01-22 15:34:23,987.9,0.01131,4.027982985e-07,6500796,2019-01-22 15:34:23,btc,0.162839806,36683.2,0.01131,btc,8.9,0.0,0.024551096,1
,[],26,[],2018-11-28 08:36:25,0.0,0.02269021,9.05623006625e-07,5137884,2018-11-28 08:36:25,btc,0.0,2559.40051283,,btc,0.0,0.0,0.0,1
0.0,[],2,[],2019-01-21 03:09:18,0.0,0.0,0.0,6478827,2019-01-21 03:09:18,,0.0,0.0,0.0,,0.0,0.0,0.0,1
1.0,[],5,[],2019-01-22 15:28:46,1.61e-05,6.4e-07,2.2793184e-11,6500610,2019-01-22 15:28:46,btc,0.179438,0.01479836,6.4e-07,btc,6.893e-05,0.0,0.43610989,2
0.0,[],22,[],2019-01-22 15:28:48,0.0,0.0,0.0,6500611,2019-01-22 15:28:48,,0.0,0.0,0.0,,0.0,0.0,0.0,2
1.0,[],5,[],2019-01-22 15:29:03,1.42e-06,1.7e-07,6.0544395e-12,6500619,2019-01-22 15:29:03,btc,3.2516578,0.04462448,1.7e-07,btc,2.267e-05,0.0,2.97321625,3
1.0,[],12,[],2019-01-22 15:29:04,11472802.41026507,1.7e-07,6.0544395e-12,6500620,2019-01-22 15:29:04,btc,921314.8925454374,0.0,1.7e-07,btc,8081450.40259651,0.0694083079750708,0.5351451239757312,3
0.0,[],28,[],2019-01-22 15:29:06,0.0,0.0,0.0,6500621,2019-01-22 15:29:06,,0.0,0.0,0.0,,0.0,0.0,0.0,3
1.0,[],4,[],2019-01-22 15:29:53,1084416.85592325,4.5e-07,1.60264575e-11,6500640,2019-01-22 15:29:53,btc,0.4492487077041203,0.0,4.5e-07,btc,312755.79040511,0.02813485,0.0636955241900552,4
0.0,[],2,[],2019-01-21 03:02:05,0.0,0.0,0.0,6478666,2019-01-21 03:02:05,,0.0,0.0,0.0,,0.0,0.0,0.0,4
1.0,[],12,[],2019-01-22 15:29:55,1062226.5219999999,2e-08,7.122870000000001e-13,6500642,2019-01-22 15:29:55,btc,11013867.818333762,0.0,2e-08,btc,976711.15654341,5.001e-05,0.01387707044,5
1.0,[],11,[],2019-01-22 15:30:06,4807956.0,2e-08,7.122870000000001e-13,6500647,2019-01-22 15:30:06,btc,9429.929811927464,10000.0,2e-08,btc,40858073.95959839,0.0,0.05041081,6
0.0,[],2,[],2019-01-21 03:02:32,0.0,0.0,0.0,6478676,2019-01-21 03:02:32,,0.0,0.0,0.0,,0.0,0.0,0.0,6
1.0,[],3,[],2019-01-22 15:30:12,1049.631568128516,0.00015051,5.3603158185e-09,6500650,2019-01-22 15:30:12,btc,30.108593419388622,0.0,0.00015051,btc,231.077492617847,0.0,0.027978323718350753,7
1.0,[],4,[],2019-01-22 15:30:12,24513.5292809,0.00017802,6.340066587e-09,6500651,2019-01-22 15:30:12,btc,2.921905361394134,0.0,0.00017802,btc,14063.12174743,1.9141187,3.778946323819225,7
1.0,[],5,[],2019-01-22 15:30:15,0.00530182,0.00017004,6.055864074e-09,6500652,2019-01-22 15:30:15,btc,1.17916742,0.08955625,0.00017004,btc,0.01169156,0.0,1.72573524,7
1.0,[],20,[],2019-01-22 15:30:28,4409821.411,1e-09,3.561435e-14,6500655,2019-01-22 15:30:28,btc,121.2015808167304,398.922,1e-09,btc,30152403.9934,3.98922e-07,0.004409821411,8
1.0,[],1,[],2019-01-22 15:30:41,1463709.53,1.9e-06,6.7667265e-11,6500660,2019-01-22 15:30:41,btc,0.9951965212,20629177.79,1.9e-06,btc,510836.87,41.08044483,2.7543563028999998,9
1.0,[],4,[],2019-01-22 15:30:41,527764.66244823,1.89e-06,6.73111215e-11,6500661,2019-01-22 15:30:41,btc,0.6339511832815596,0.0,1.89e-06,btc,304028.36200567,1.32590193,0.8126810693431628,9
1.0,[],28,[],2019-01-22 15:30:43,34500.0,1.65e-06,5.87636775e-11,6500662,2019-01-22 15:30:43,btc,2708.7525973402,7179165.556,1.65e-06,btc,8331.02,0.0,0.02854,9
0.0,[],2,[],2019-01-21 03:03:13,0.0,0.0,0.0,6478691,2019-01-21 03:03:13,,0.0,0.0,0.0,,0.0,0.0,0.0,9
0.0,[],23,[],2019-01-21 03:03:25,0.0,0.0,0.0,6478693,2019-01-21 03:03:25,,0.0,0.0,0.0,,0.0,0.0,0.0,9
1.0,[],4,[],2019-01-22 15:30:48,4088859.88,2e-08,7.12287e-13,6500666,2019-01-22 15:30:48,btc,0.2625069890534646,0.0,2e-08,btc,4181884.13923959,0.0083331,0.0436066019,10
1.0,[],4,[],2019-01-22 15:30:59,1512627.9920741,1.49e-06,5.3065381500000004e-11,6500673,2019-01-22 15:30:59,btc,1.0726560296432803,0.0,1.49e-06,btc,676915.68091847,3.27887455,2.1644218806908495,12
1.0,[],5,[],2019-01-22 15:31:01,2.136e-05,1.48e-06,5.2709238000000004e-11,6500674,2019-01-22 15:31:01,btc,0.32123232,0.65555384,1.48e-06,btc,0.00011798,0.0,0.23804672,12
0.0,[],2,[],2019-01-21 03:05:49,0.0,0.0,0.0,6478705,2019-01-21 03:05:49,,0.0,0.0,0.0,,0.0,0.0,0.0,12
,[],25,[],2019-01-11 15:39:35,0.0,0.0,0.0,6366164,2019-01-11 15:39:35,,0.0,0.0,,btc,0.0,0.0,0.0,12
1.0,[],4,[],2019-01-22 15:33:30,418234.08277162,6.89e-06,2.453828715e-10,6500759,2019-01-22 15:33:30,btc,0.2685609721533255,0.0,6.89e-06,btc,35854.83243426,0.95602371,1.7703889262809487,13
1.0,[],10,[],2019-01-22 15:33:32,622411.75798141,7e-06,2.4930045e-10,6500760,2019-01-22 15:33:32,btc,666787.431181713,6251.44242231,7e-06,btc,860489.76109108,0.0,0.8877983418028884,13
1.0,[],21,[],2019-01-22 15:33:33,1546194.12128098,7e-06,2.4930045e-10,6500761,2019-01-22 15:33:33,btc,4.400675791315631,258469.86836852,7e-06,btc,559932.97082408,1.8046859,6.11493770364427,13
1.0,[],4,[],2019-01-22 15:31:14,23048986.3217607,2.07e-06,7.37217045e-11,6500682,2019-01-22 15:31:14,btc,0.2552984681925334,0.0,2.07e-06,btc,94912.97145293,0.02868965,0.64125373304631,14
1.0,[],12,[],2019-01-22 15:31:15,90283.00501866,1.82e-06,6.4818117e-11,6500683,2019-01-22 15:31:15,btc,1.7861612353117415,0.0,1.82e-06,btc,35749.9101839,0.0012211347820768,0.0246189729335987,14
0.0,[],17,[],2019-01-22 15:31:17,0.0,0.0,0.0,6500684,2019-01-22 15:31:17,btc,0.0,0.0,0.0,btc,0.0,0.0,0.0,14
1.0,[],26,[],2019-01-22 15:31:17,0.0,2e-07,7.12287e-12,6500685,2019-01-22 15:31:17,btc,0.0,0.0,2e-07,btc,0.0,0.0,0.0,14
,[],12,[],2018-12-01 15:15:48,204241.84496,4.89e-06,2.02473384e-10,5260204,2018-12-01 15:15:48,btc,49.5475654835,0.0,,btc,35763.2193806,0.0163153972027625,0.0203389899998,15
0.0,[],4,[],2019-01-22 15:34:36,0.0,0.0,0.0,6500805,2019-01-22 15:34:36,,0.0,0.0,0.0,,0.0,0.0,0.0,15
1.0,[],4,[],2019-01-22 15:31:22,25018.42104765,1.756e-05,6.25387986e-10,6500688,2019-01-22 15:31:22,btc,0.9424927467987056,0.0,1.756e-05,btc,13932.71051072,0.01463176,0.0725822621573798,18
1.0,[],10,[],2019-01-22 15:31:24,50561.26053213,1.727e-05,6.150598245e-10,6500689,2019-01-22 15:31:24,btc,15.563044261197819,7830.82913258,1.727e-05,btc,10981.95096775,0.0,0.1909513465395298,18
1.0,[],12,[],2019-01-22 15:31:26,195756.30852515998,1.701e-05,6.058000935000001e-10,6500690,2019-01-22 15:31:26,btc,0.4602302296417566,0.0,1.701e-05,btc,2151.44326039,0.000615072,0.0174400171424186,18
0.0,[],17,[],2019-01-22 15:31:27,0.0,0.0,0.0,6500691,2019-01-22 15:31:27,btc,0.0,0.0,0.0,btc,0.0,0.0,0.0,18
0.0,[],2,[],2019-01-21 03:06:22,0.0,0.0,0.0,6478721,2019-01-21 03:06:22,,0.0,0.0,0.0,,0.0,0.0,0.0,18
1.0,[],3,[],2019-01-22 15:31:51,108176.44760529115,3.81e-05,1.3569067349999998e-09,6500704,2019-01-22 15:31:51,btc,1.2677761916817947,32.2198794893,3.81e-05,btc,8833.610530917851,0.0,0.09423549545915746,19
1.0,[],4,[],2019-01-22 15:31:52,75213.90912688,4.128e-05,1.4701603680000001e-09,6500705,2019-01-22 15:31:52,btc,2.4745513874347016,0.0,4.128e-05,btc,50501.83151891,0.13178372,1.7673722808262238,19
1.0,[],5,[],2019-01-22 15:31:53,0.00032886,3.253e-05,1.1585348055e-09,6500706,2019-01-22 15:31:53,btc,0.31094496,0.00115115,3.253e-05,btc,0.00348907,0.0,0.19120094,19
1.0,[],12,[],2019-01-22 15:31:55,116768.0,3.563e-05,1.2689392905000002e-09,6500707,2019-01-22 15:31:55,btc,1.9951110500487652,0.0,3.563e-05,btc,447.44256018,0.0001416,0.038495589999999996,19
0.0,[],27,[],2019-01-22 15:31:56,0.0,0.0,0.0,6500708,2019-01-22 15:31:56,,0.0,0.0,0.0,btc,0.0,0.0,0.0,19
0.0,[],2,[],2019-01-21 03:06:55,0.0,0.0,0.0,6478739,2019-01-21 03:06:55,,0.0,0.0,0.0,,0.0,0.0,0.0,19
1.0,[],4,[],2019-01-22 15:32:22,8480853.50854592,1.5e-07,5.3421525000000004e-12,6500724,2019-01-22 15:32:22,btc,0.7056010545559532,0.0,1.5e-07,btc,1309333.05005172,0.00053518,0.4188627523472962,20
1.0,[],4,[],2019-01-22 15:32:35,132382015.85246041,2e-08,7.12287e-13,6500730,2019-01-22 15:32:35,btc,0.5771092173294243,0.0,2e-08,btc,16257585.51518349,0.00439339,1.7006830708990488,21
1.0,[],12,[],2019-01-22 15:32:36,21316366.102000073,2e-08,7.122870000000001e-13,6500731,2019-01-22 15:32:36,btc,668.0563749717095,0.0,2e-08,btc,8958355.01199062,0.0004228955044958,0.30108258204000143,21
0.0,[],17,[],2019-01-22 15:32:37,0.0,0.0,0.0,6500732,2019-01-22 15:32:37,btc,0.0,0.0,0.0,btc,0.0,0.0,0.0,21
1.0,[],12,[],2019-01-22 15:32:51,4583865870.531896,1e-10,3.561435e-15,6500740,2019-01-22 15:32:51,btc,621663601735.3969,0.0,1e-10,btc,6263669890.237993,0.060907176978221934,0.4583865870531896,23
0.0,[],27,[],2019-01-22 15:32:53,0.0,0.0,0.0,6500741,2019-01-22 15:32:53,,0.424699,0.0,0.0,eth,424699.0,0.0,0.0,23
,[],25,[],2019-01-11 15:42:09,0.0,0.0,0.0,6366241,2019-01-11 15:42:09,,0.0,0.0,,btc,0.0,0.0,0.0,24
1.0,[],4,[],2019-01-22 15:33:01,2241528.45517986,8.7e-07,3.09844845e-11,6500744,2019-01-22 15:33:01,btc,0.1654927316174851,0.0,8.7e-07,btc,107398.37246541,0.06092181,0.4542338991158669,24
1.0,[],22,[],2019-01-22 15:33:10,11.76,1e-06,3.561435e-11,6500745,2019-01-22 15:33:10,BTC,7.415e-05,0.0,1e-06,BTC,23.919354838709676,0.0,1.176e-05,24
1.0,[],4,[],2019-01-22 15:33:21,29613504.85951501,8.38e-06,2.98448253e-10,6500752,2019-01-22 15:33:21,btc,0.4400785887093065,0.0,8.38e-06,btc,32123.408905,0.21914761,0.4434106559296458,26
1.0,[],10,[],2019-01-22 15:33:23,731126.26182002,7.69e-06,2.7387435149999996e-10,6500753,2019-01-22 15:33:23,btc,27.975239709809543,0.0,7.69e-06,btc,12416.19625014,0.0,0.2166845822426943,26
0.0,[],2,[],2019-01-21 03:08:30,0.0,0.0,0.0,6478791,2019-01-21 03:08:30,,0.0,0.0,0.0,,0.0,0.0,0.0,26
1.0,[],3,[],2019-01-22 15:33:23,7674888.32908122,1e-08,3.5614350000000004e-13,6500754,2019-01-22 15:33:23,btc,3.0544869728812367,39494.0,1e-08,btc,17413209.90883237,0.0,0.0767488832908122,27
1.0,[],5,[],2019-01-22 15:33:26,1e-08,1e-08,3.561435e-13,6500755,2019-01-22 15:33:26,btc,2.62189326,0.0,1e-08,btc,4.332e-05,0.0,0.0108322,27
1.0,[],11,[],2019-01-22 15:33:28,10597882.41182718,5e-08,1.7807174999999999e-12,6500756,2019-01-22 15:33:28,btc,370.5327807235078,1000.0,5e-08,btc,8221470.80991447,0.0,0.4932896594767663,27
0.008792239335053697,[],4,[],2019-01-22 15:33:29,180945331.25367787,3.798247392743197e-08,1.352721120317437e-12,6500757,2019-01-22 15:33:29,ltc,4.613857826322192,0.0,4.32e-06,"btc,ltc",102752476.40552115,0.80970759,5.782571111505654,29
1.0,[],7,[],2019-01-22 15:33:29,33554910.58792732,3e-08,1.0684305e-12,6500758,2019-01-22 15:33:29,btc,44465299.1337143,118965.62061,3e-08,btc,38914215.24079597,0.0,0.6479699100150949,29
1.0,[],4,[],2019-01-22 15:33:55,1331283.58743076,4e-07,1.424574e-11,6500776,2019-01-22 15:33:55,btc,0.3955776168277662,0.0,4e-07,btc,632306.66149246,0.01829084,0.0929762700249954,30
0.0,[],17,[],2019-01-22 15:33:56,0.0,0.0,0.0,6500777,2019-01-22 15:33:56,btc,0.0,0.0,0.0,btc,0.0,0.0,0.0,30
1.0,[],4,[],2019-01-22 15:34:05,37520.49173853,0.00011503,4.0967186805e-09,6500783,2019-01-22 15:34:05,btc,0.8046724209822566,0.0,0.00011503,btc,6461.10519278,9.17922747,3.110623772351534,31
1.0,[],21,[],2019-01-22 15:34:06,137361.87044746,0.00011245,4.0048336575e-09,6500784,2019-01-22 15:34:06,btc,19.81214996756329,2414956.87660521,0.00011245,btc,163837.28445496,254.01740487,14.403213594967331,31
0.0,[],2,[],2019-01-21 03:09:16,0.0,0.0,0.0,6478825,2019-01-21 03:09:16,,0.0,0.0,0.0,,0.0,0.0,0.0,32
0.008792239335053697,[],4,[],2019-01-22 15:34:37,127113061.36737199,6.154567534537588e-08,2.1919092227365875e-12,6500806,2019-01-22 15:34:37,ltc,1.185139092975212,0.0,7e-06,"btc,ltc",14824338.63123131,0.8022695,2.6833225656408093,33
1.0,[],12,[],2019-01-22 15:34:39,21938906.0,6e-08,2.136861e-12,6500807,2019-01-22 15:34:39,btc,17261785.05405192,0.0,6e-08,btc,85824246.49450538,0.0823747269930077,0.8506475099999999,33
1.0,[],4,[],2019-01-22 15:34:39,108093175.59836283,2e-08,7.12287e-13,6500808,2019-01-22 15:34:39,btc,0.8006326536667683,0.0,2e-08,btc,26366299.95107575,0.01362954,1.095822405553611,34
1.0,[],5,[],2019-01-22 15:34:41,3e-08,2e-08,7.12287e-13,6500809,2019-01-22 15:34:41,btc,2.98963552,0.07569306,2e-08,btc,1.394e-05,0.0,1.14118928,34
0.008792239335053697,[],4,[],2019-01-22 15:32:15,2821117694.064039,3.516895734021479e-10,1.2525195558494786e-14,6500720,2019-01-22 15:32:15,ltc,0.40928912550196794,0.0,4e-08,ltc,762451008.2248833,0.0,0.7287322236143106,36
1.0,[],5,[],2019-01-22 15:32:17,0.0,0.0,0.0,6500721,2019-01-22 15:32:17,btc,202.31123862,0.0,0.0,btc,1.295e-05,0.0,0.0,36
0.0,[],17,[],2019-01-22 15:32:19,0.0,0.0,0.0,6500722,2019-01-22 15:32:19,btc,0.5419250494300031,0.0,0.0,btc,5843697.91583647,0.0,0.0,36
0.0,[],27,[],2019-01-22 15:32:21,0.0,0.0,0.0,6500723,2019-01-22 15:32:21,,448.55669329,0.0,0.0,"ltc,eth",3581972.58,0.0,0.0,36
1.0,[],4,[],2019-01-22 15:32:09,505192.90750797,1.39e-06,4.9503946500000004e-11,6500715,2019-01-22 15:32:09,btc,0.4540808679274247,0.0,1.39e-06,btc,245400.26081192,0.08433934,0.4817921074553936,37
1.0,[],12,[],2019-01-22 15:32:10,537964.49574664,1.43e-06,5.09285205e-11,6500716,2019-01-22 15:32:10,btc,1330.1473653773407,0.0,1.43e-06,btc,771233.05710451,0.1078048399226421,0.4012342645821599,37
1.0,[],17,[],2019-01-22 15:32:11,1752.74075282,2.5e-07,8.9035875e-12,6500717,2019-01-22 15:32:11,btc,0.07549888360528093,0.0,2.5e-07,btc,1388.79251806,0.0,0.00043818518820499993,37
0.0,[],27,[],2019-01-22 15:32:13,0.0,0.0,0.0,6500718,2019-01-22 15:32:13,,0.0,0.0,0.0,btc,0.0,0.0,0.0,37
1.0,[],5,[],2019-01-22 15:29:14,1.125e-05,1.22e-06,4.3449507e-11,6500626,2019-01-22 15:29:14,btc,0.10709763,0.15962267,1.22e-06,btc,0.00010592,0.0,0.04305675,42
1.0,[],12,[],2019-01-22 15:29:15,89108.20265810999,1.38e-06,4.9147803e-11,6500627,2019-01-22 15:29:15,btc,108.78939645175015,0.0,1.38e-06,btc,36001.42286886,1.894105896e-05,0.0354985849445991,42
0.0,[],27,[],2019-01-22 15:29:17,0.0,0.0,0.0,6500628,2019-01-22 15:29:17,,0.00315028,0.0,0.0,"btc,eth",11.007,0.0,0.0,42
1.0,[],5,[],2019-01-22 15:30:37,1e-08,1e-08,3.561435e-13,6500657,2019-01-22 15:30:37,btc,5.7713537,0.19254091,1e-08,btc,1.425e-05,0.0,0.34660102,43
1.0,[],12,[],2019-01-22 15:30:38,8721710.0,1e-08,3.5614350000000004e-13,6500658,2019-01-22 15:30:38,btc,20007433.12865993,0.0,1e-08,btc,38551623.36903097,0.00016872,0.0872171,43
0.0,[],17,[],2019-01-22 15:30:40,0.0,0.0,0.0,6500659,2019-01-22 15:30:40,btc,0.0,0.0,0.0,btc,0.0,0.0,0.0,43
1.0,[],12,[],2019-01-22 15:29:37,875267.0,7e-08,2.4930045e-12,6500633,2019-01-22 15:29:37,btc,11114760.534271566,0.0,7e-08,btc,952875.37320198,0.0001942494405592,0.02649157,44
1.0,[],4,[],2019-01-22 15:29:09,238334826.38768783,3e-08,1.0684305e-12,6500623,2019-01-22 15:29:09,btc,1.283238171831753,0.0,3e-08,"btc,ltc",6429097.30831666,0.02056512,0.6258826395734227,49
0.008792239335053697,[],4,[],2019-01-22 15:33:53,3869742027.001967,1.7584478670107395e-10,6.262597779247393e-15,6500774,2019-01-22 15:33:53,ltc,5.4109378441996565,0.0,2e-08,ltc,1808931273.8275938,0.0,0.48386171894977786,52
0.0,[],22,[],2019-01-22 15:33:36,0.0,0.0,0.0,6500762,2019-01-22 15:33:36,,3707.82025492,0.0,0.0,,255315328.40932402,0.0,0.0,57
0.0,[],27,[],2019-01-22 15:33:38,0.0,0.0,0.0,6500763,2019-01-22 15:33:38,,0.0,0.0,0.0,"btc,eth",0.0,0.0,0.0,57
0.008792239335053697,[],4,[],2019-01-22 15:28:54,1346460386.6311667,5.275343601032218e-10,1.878779333774218e-14,6500615,2019-01-22 15:28:54,ltc,3.8094107013544254,0.0,6e-08,ltc,790257187.8613362,0.0,0.5234393001174361,58
1.0,[],12,[],2019-01-22 15:28:56,2433183952.3279524,6e-10,2.136861e-14,6500616,2019-01-22 15:28:56,btc,123038813381.42447,0.0,6e-10,btc,3405277532.510589,0.014357217471331642,0.9060283665915363,58
0.0,[],17,[],2019-01-22 15:28:57,0.0,0.0,0.0,6500617,2019-01-22 15:28:57,btc,1e+24,0.0,0.0,btc,41616695.958325684,0.0,0.0,58
0.012596379616371934,[],22,[],2019-01-22 15:29:01,137438.0,1.2596379616371935e-10,4.486118723903358e-15,6500618,2019-01-22 15:29:01,XMR,69.8835922,0.0,1e-08,XMR,9887963.0,0.0,0.00137438,58
1.0,[],5,[],2019-01-22 15:32:39,2.34e-06,3.6e-07,1.2821166e-11,6500734,2019-01-22 15:32:39,btc,0.77927077,0.00920299,3.6e-07,btc,0.00014938,0.0,0.00850201,61
1.0,[],22,[],2019-01-22 15:32:43,5111.5,1.1e-07,3.9175785e-12,6500735,2019-01-22 15:32:43,BTC,1002.29606732,0.0,1.1e-07,BTC,15028.700278135757,0.0,0.00051178,61
1.0,[],26,[],2019-01-22 15:32:43,0.0,8e-06,2.849148e-10,6500736,2019-01-22 15:32:43,btc,0.0,0.0,8e-06,btc,0.0,0.0,0.0,61
0.0,[],27,[],2019-01-22 15:32:45,0.0,0.0,0.0,6500737,2019-01-22 15:32:45,,0.0,0.0,0.0,"btc,eth",0.0,0.0,0.0,61
1.0,[],28,[],2019-01-22 15:32:47,1880.304,2.2e-07,7.835157e-12,6500738,2019-01-22 15:32:47,btc,2.065678837430106,1490.0,2.2e-07,btc,11618.08240005,0.0,0.00016391304,61
,[],25,[],2019-01-11 15:43:02,0.0,0.0,0.0,6366273,2019-01-11 15:43:02,,0.0,0.0,,btc,0.0,0.0,0.0,67
1.0,[],4,[],2019-01-22 15:33:48,1278695.71783587,1.75e-06,6.23251125e-11,6500772,2019-01-22 15:33:48,btc,0.6300393170642496,0.0,1.75e-06,btc,183299.43471839,0.11407232,0.9146754635624922,67
1.0,[],12,[],2019-01-22 15:31:48,2358651.66666667,4e-08,1.4245740000000001e-12,6500702,2019-01-22 15:31:48,btc,16893765.058929093,0.0,4e-08,btc,2391883.30129863,1.93942057945e-05,0.047466690000000096,71
,[],5,[],2018-11-20 23:02:39,1.5e-07,5e-08,2.128045e-12,4862160,2018-11-20 23:02:39,btc,2.84511358,0.0,,btc,0.00036572,0.0,0.07381892,74
1.0,[],5,[],2019-01-22 15:29:56,4.605e-05,1.56e-06,5.5558386e-11,6500643,2019-01-22 15:29:56,btc,1.43011192,0.0,1.56e-06,btc,0.0001585,0.0,0.40336567,75
1.0,[],4,[],2019-01-22 15:31:07,63451533.80469478,1e-08,3.561435e-13,6500677,2019-01-22 15:31:07,btc,0.7487706825842338,0.0,1e-08,btc,13906829.86456505,0.00010079,0.6345153380469478,81
0.0,[],20,[],2019-01-22 15:31:09,0.0,0.0,0.0,6500678,2019-01-22 15:31:09,btc,0.0,0.0,0.0,btc,0.0,0.0,0.0,81
1.0,[],4,[],2019-01-22 15:28:26,26279.77676896,8.2e-05,2.9203767e-09,6500603,2019-01-22 15:28:26,btc,1.218106817380775,0.0,8.2e-05,btc,10600.13223463,0.08911411,0.2862375861764979,82
1.0,[],21,[],2019-01-22 15:28:26,71788.51564654,8.1e-05,2.88476235e-09,6500604,2019-01-22 15:28:26,btc,3.538192187267821,10254.21610985,8.1e-05,btc,39362.3464235,0.81744309,4.847763894469636,82
0.0,[],17,[],2019-01-22 15:31:21,0.0,0.0,0.0,6500687,2019-01-22 15:31:21,btc,0.0447233088476774,0.0,0.0,btc,999127.19588126,0.0,0.0,84
0.008792239335053697,[],4,[],2019-01-22 15:33:16,417312737.5321008,1.2309135069075176e-09,4.383818445473175e-14,6500749,2019-01-22 15:33:16,ltc,0.3058977751521349,0.0,1.4e-07,ltc,75130833.74231863,0.0,0.15091534670976936,85
,[],22,[],2018-11-20 23:09:34,3408.1,1e-07,4.1895e-12,4862324,2018-11-20 23:09:34,BTC,0.04624735,0.0,,BTC,4990.0,0.0,0.00033081,86
0.0,[],22,[],2019-01-22 15:33:18,0.0,0.0,0.0,6500750,2019-01-22 15:33:18,,2.07810912,0.0,0.0,,154826.94736842104,0.0,0.0,87
0.0,[],27,[],2019-01-22 15:33:20,0.0,0.0,0.0,6500751,2019-01-22 15:33:20,,0.0,0.0,0.0,btc,0.0,0.0,0.0,87
,[],2,[],2018-11-20 23:10:47,0.0,0.0,0.0,4862359,2018-11-20 23:10:47,,0.0,0.0,,,0.0,0.0,0.0,88
1.0,[],11,[],2019-01-22 15:28:53,101009.48334416,0.00020206,7.196235561e-09,6500614,2019-01-22 15:28:53,btc,234.84573691420817,10572.3790012,0.00020206,btc,177624.32749298,0.0,8.102106344113993,89
1.0,[],12,[],2019-01-22 15:29:57,234417.18742308,1.34e-06,4.772322900000001e-11,6500644,2019-01-22 15:29:57,btc,1.1386097869160132,0.0,1.34e-06,btc,24642.323642029998,0.0200219892610454,0.050306476309058,91
0.0,[],17,[],2019-01-22 15:29:58,0.0,0.0,0.0,6500645,2019-01-22 15:29:58,btc,0.0,0.0,0.0,btc,0.0,0.0,0.0,91
0.0,[],2,[],2019-01-21 03:02:22,0.0,0.0,0.0,6478672,2019-01-21 03:02:22,,0.0,0.0,0.0,,0.0,0.0,0.0,91
0.008792239335053697,[],22,[],2019-01-22 15:32:25,74418825.0,3.516895734021479e-10,1.2525195558494786e-14,6500725,2019-01-22 15:32:25,LTC,9.29270511,0.0,4e-08,LTC,79818955.1,0.00028492201127089693,1.68256475,95
0.008792239335053697,[],4,[],2019-01-22 15:31:10,133775512.59462579,1.0023152841961215e-08,3.569680734171014e-13,6500679,2019-01-22 15:31:10,ltc,1.5846172633433744,0.0,1.14e-06,"btc,ltc",68211655.42085932,0.01252497,0.06978812474201437,96
1.0,[],12,[],2019-01-22 15:31:12,1213591.0,1e-08,3.5614350000000004e-13,6500680,2019-01-22 15:31:12,btc,255059.2330631403,0.0,1e-08,btc,7844031.56674301,1.8e-06,0.01213591,96
0.0,[],17,[],2019-01-22 15:31:13,0.0,0.0,0.0,6500681,2019-01-22 15:31:13,btc,0.0,0.0,0.0,btc,0.0,0.0,0.0,96
1.0,[],4,[],2019-01-22 15:32:38,1568272.18873936,4.2e-07,1.4958027e-11,6500733,2019-01-22 15:32:38,btc,0.2822588987478715,0.0,4.2e-07,btc,429571.17870489,0.0064842,0.1698242685897112,99
1.0,[],4,[],2019-01-22 15:31:34,106830.34636656,3.962e-05,1.411040547e-09,6500695,2019-01-22 15:31:34,btc,1.0953118519125729,0.0,3.962e-05,btc,22527.98557131,0.82801753,2.0422940304400727,100
0.0,[],2,[],2019-01-21 03:06:36,0.0,0.0,0.0,6478729,2019-01-21 03:06:36,,0.0,0.0,0.0,,0.0,0.0,0.0,100
1.0,[],22,[],2019-01-22 15:31:33,50000.0,1e-08,3.561435e-13,6500693,2019-01-22 15:31:33,BTC,23.49896609,0.0,1e-08,BTC,10277.22,0.0,0.0005,101
1.0,[],4,[],2019-01-22 15:34:24,130986.74687274,1.06e-06,3.7751211e-11,6500797,2019-01-22 15:34:24,btc,0.4023078874065444,0.0,1.06e-06,btc,147066.52483445,0.01248476,0.0555930493908623,103
1.0,[],12,[],2019-01-22 15:28:49,342160692.0,1.7e-08,6.054439500000001e-13,6500612,2019-01-22 15:28:49,btc,9137280594.513603,0.0,1.7e-08,btc,137819308.88521862,0.1876318652404333,3.375676293,105
1.0,[],27,[],2019-01-22 15:28:51,261901.0,6e-08,2.136861e-12,6500613,2019-01-22 15:28:51,btc,0.0720402019,0.0,6e-08,btc,580.038,0.0,0.01014994,105
0.0,[],22,[],2019-01-22 15:32:28,0.0,0.0,0.0,6500726,2019-01-22 15:32:28,,1.07253299,0.0,0.0,,94300.0,0.0,0.0,107
1.0,[],26,[],2019-01-22 15:32:28,0.0,0.0,0.0,6500727,2019-01-22 15:32:28,btc,0.0,0.0,0.0,btc,0.0,0.0,0.0,107
1.0,[],5,[],2019-01-22 15:32:00,1e-08,1e-08,3.561435e-13,6500711,2019-01-22 15:32:00,btc,5.98288781,0.00137701,1e-08,btc,1.512e-05,0.0,0.01318061,112
1.0,[],22,[],2019-01-22 15:32:04,470496.0,1e-08,3.561435e-13,6500712,2019-01-22 15:32:04,BTC,2.85335565,0.0,1e-08,BTC,1237403.5833333333,0.0,0.00470496,112
0.0,[],27,[],2019-01-22 15:32:06,0.0,0.0,0.0,6500713,2019-01-22 15:32:06,,1.25125,0.0,0.0,"btc,eth",79.0,0.0,0.0,112
1.0,[],4,[],2019-01-22 15:29:09,445974.32504093,3.7e-06,1.31773095e-10,6500624,2019-01-22 15:29:09,btc,0.4161579519186263,0.0,3.7e-06,btc,78536.19584755,0.19903358,0.3990694478177067,113
1.0,[],5,[],2019-01-22 15:29:11,2.095e-05,3.54e-06,1.26074799e-10,6500625,2019-01-22 15:29:11,btc,2.43165363,0.01446655,3.54e-06,btc,0.00370682,0.0,0.27403154,113
1.0,[],17,[],2019-01-22 15:30:57,233369.0,4e-08,1.4245740000000001e-12,6500671,2019-01-22 15:30:57,btc,1.4043866247769412,0.0,4e-08,btc,72546.975,0.0,0.00543476,116
0.0,[],27,[],2019-01-22 15:30:59,0.0,0.0,0.0,6500672,2019-01-22 15:30:59,,0.0,0.0,0.0,btc,0.0,0.0,0.0,116
1.0,[],4,[],2019-01-22 15:30:46,37989.55115753,1.725e-05,6.143475375e-10,6500664,2019-01-22 15:30:46,btc,0.574323426842734,0.0,1.725e-05,btc,25531.41492381,0.94012772,0.5539322030805482,120
1.0,[],7,[],2019-01-22 15:30:47,24011.43878729,1.3e-05,4.6298654999999996e-10,6500665,2019-01-22 15:30:47,btc,95.8973078782567,1745.26431356,1.3e-05,btc,62477.18078227,0.03098498,0.18706856827328622,120
1.0,[],20,[],2019-01-22 15:30:55,1003003.5627,1.3e-08,4.629865500000001e-13,6500670,2019-01-22 15:30:55,btc,31.5506573197312,7050.25,1.3e-08,btc,1094337.4255,9.165325e-05,0.0040830359113,125
1.0,[],22,[],2019-01-22 15:29:36,6251.0,1e-08,3.561435e-13,6500632,2019-01-22 15:29:36,BTC,0.01415863,0.0,1e-08,BTC,293039.4,0.0,6.251e-05,126
0.0,[],22,[],2019-01-22 15:32:56,0.0,0.0,0.0,6500742,2019-01-22 15:32:56,,3.30702423,0.0,0.0,,18592.894514698644,0.0,0.0,130
1.0,[],4,[],2019-01-22 15:33:12,81465.77969494,1.653e-05,5.887052055e-10,6500746,2019-01-22 15:33:12,btc,0.9250236513313222,0.0,1.653e-05,btc,42903.28520584,0.40640062,0.4572496746730884,131
0.0,[],17,[],2019-01-22 15:33:14,0.0,0.0,0.0,6500747,2019-01-22 15:33:14,btc,0.0008451375975800001,0.0,0.0,btc,30.89614684,0.0,0.0,131
0.0,[],2,[],2019-01-21 03:08:20,0.0,0.0,0.0,6478784,2019-01-21 03:08:20,,0.0,0.0,0.0,,0.0,0.0,0.0,131
1.0,[],4,[],2019-01-22 15:34:07,4563.86552434,0.00022447,7.9943531445e-09,6500785,2019-01-22 15:34:07,btc,1.6272293834061182,0.0,0.00022447,btc,206.22140695,0.00044346,0.0099048390285302,135
1.0,[],3,[],2019-01-22 15:31:57,343454.86685177,2e-08,7.122870000000001e-13,6500709,2019-01-22 15:31:57,btc,0.2483462418751273,0.0,2e-08,btc,1290448.94793913,0.0,0.0055439673370354,136
1.0,[],4,[],2019-01-22 15:53:07,151516.77168903,2.01e-06,7.1923428e-11,6500818,2019-01-22 15:53:07,btc,0.8698142812786658,0.0,2.01e-06,btc,274060.17561716,0.14504795,0.2177106028327269,137
1.0,[],12,[],2019-01-22 15:53:08,310228.86813187,1.88e-06,6.7271664e-11,6500819,2019-01-22 15:53:08,btc,11798.814856480996,0.0,1.88e-06,btc,128351.00614835,0.0629379165898132,0.0457989000000042,137
1.0,[],5,[],2019-01-22 15:29:43,0.00102882,2.843e-05,1.0125159705e-09,6500635,2019-01-22 15:29:43,btc,1.99130543,0.69177228,2.843e-05,btc,0.00172484,0.0,1.17521962,142
0.032984291788677976,[],17,[],2019-01-22 15:29:45,192931.94899663,2.3550784337116074e-07,8.387458761565699e-12,6500636,2019-01-22 15:29:45,eth,0.9901498025808642,0.0,7.14e-06,"btc,eth",4834.207754,0.0,0.03751376314435932,142
1.0,[],20,[],2019-01-22 15:29:46,148254.5727,2.424e-05,8.63291844e-10,6500637,2019-01-22 15:29:46,btc,2.5057732415,147.8652,2.424e-05,btc,5122.8931,0.0047569700745,0.0766727511183,142
1.0,[],22,[],2019-01-22 15:29:49,986.0,1e-06,3.561435e-11,6500638,2019-01-22 15:29:49,BTC,0.00039057,0.0,1e-06,BTC,11.230979084571082,0.0,0.00014976,142
1.0,[],28,[],2019-01-22 15:29:52,78430.0,2e-05,7.12287e-10,6500639,2019-01-22 15:29:52,btc,0.05086725016,94052.002,2e-05,btc,1328.7236,0.0,0.0242247,142
,[],25,[],2019-01-11 15:38:27,0.0,0.0,0.0,6366122,2019-01-11 15:38:27,,0.0,0.0,,btc,0.0,0.0,0.0,142
0.0,[],22,[],2019-01-22 15:33:52,0.0,0.0,0.0,6500773,2019-01-22 15:33:52,,52.58367844,0.0,0.0,,557303265.8,0.0,0.0,143
1.0,[],21,[],2019-01-22 15:34:03,44845753.37446164,2.9e-07,1.03281615e-11,6500782,2019-01-22 15:34:03,btc,49.3452591509406,15577665.46836782,2.9e-07,btc,91924179.95761928,4.60968597,7.771822184434222,145
0.0,[],22,[],2019-01-22 15:30:18,0.0,0.0,0.0,6500653,2019-01-22 15:30:18,,2.42260417,0.0,0.0,,1115997.0,0.0,0.0,146
,[],22,[],2018-11-20 23:01:11,0.0,0.0,0.0,4862114,2018-11-20 23:01:11,,2.56807021,0.0,,,61828.4988236,0.0,0.0,147
1.0,[],12,[],2019-01-22 15:33:54,8671085.48433325,3.86e-06,1.3747139100000003e-10,6500775,2019-01-22 15:33:54,btc,17.249055173533737,0.0,3.86e-06,btc,111712.50685034,0.0,0.10942945636139201,148
1.0,[],4,[],2019-01-22 15:34:31,110606.09910924,3.5e-07,1.24650225e-11,6500801,2019-01-22 15:34:31,btc,0.6954648431811227,0.0,3.5e-07,btc,520024.97635065,0.00123345,0.0304125688756822,152
0.0,[],22,[],2019-01-22 15:34:34,0.0,0.0,0.0,6500802,2019-01-22 15:34:34,,0.0,0.0,0.0,,0.0,0.0,0.0,152
1.0,[],5,[],2019-01-22 15:32:08,0.0,0.0,0.0,6500714,2019-01-22 15:32:08,btc,4.30476247,0.0,0.0,btc,0.00161275,0.0,0.0,153
,[],16,[],2019-01-11 15:38:59,0.0,0.0,0.0,6366141,2019-01-11 15:38:59,btc,0.0,0.0,,btc,0.0,0.0,0.0,155
0.0,[],22,[],2019-01-22 15:31:59,0.0,0.0,0.0,6500710,2019-01-22 15:31:59,,6.78721564,0.0,0.0,,4110363.7425925927,0.0,0.0,156
0.0,[],23,[],2019-01-21 03:07:07,0.0,0.0,0.0,6478747,2019-01-21 03:07:07,,0.0,0.0,0.0,,0.0,0.0,0.0,156
1.0,[],22,[],2019-01-22 15:32:50,7290.791666666667,3e-05,1.0684305e-09,6500739,2019-01-22 15:32:50,BTC,43.81543407,0.0,3e-05,BTC,1572.3690079421112,0.0,0.00767361,157
0.0,[],22,[],2019-01-22 15:30:45,0.0,0.0,0.0,6500663,2019-01-22 15:30:45,,50175.67300261,0.0,0.0,,53770788.04179466,0.0,0.0,158
,[],17,[],2018-11-20 22:56:10,0.0,0.0,0.0,4861976,2018-11-20 22:56:10,btc,1.1265625,0.0,,btc,1000.0,0.0,0.0,159
,[],20,[],2018-11-20 22:56:12,0.0,0.0,0.0,4861977,2018-11-20 22:56:12,btc,11912.7940471,0.0,,btc,34413894.3617,0.0,0.0,159
1.0,[],12,[],2019-01-22 15:31:38,185127.951381,1.2e-05,4.273722e-10,6500698,2019-01-22 15:31:38,btc,6.650730832996187,0.0,1.2e-05,btc,13790.06530575,0.0095632733611644,0.1057903286855008,168
1.0,[],17,[],2019-01-22 15:31:40,29784.95,1e-06,3.561435e-11,6500699,2019-01-22 15:31:40,btc,0.0374188624335,0.0,1e-06,btc,217.43620267999998,0.0,0.00716147,168
0.0,[],22,[],2019-01-22 15:31:30,0.0,0.0,0.0,6500692,2019-01-22 15:31:30,,1.10206154,0.0,0.0,,669691.5537281231,0.0,0.0,169
1.0,[],22,[],2019-01-22 15:30:21,94806.11025641026,3.3e-07,1.17527355e-11,6500654,2019-01-22 15:30:21,BTC,2.75184866,0.0,3.3e-07,BTC,64150.70176003735,0.00032355,0.01756023,171
1.0,[],22,[],2019-01-22 15:31:44,187608.35,2e-07,7.12287e-12,6500700,2019-01-22 15:31:44,BTC,2.84245605,0.0,2e-07,BTC,235851.4993784127,0.00026272,0.01039864,173
1.0,[],5,[],2019-01-22 15:31:51,4.51e-05,3.89e-06,1.385398215e-10,6500703,2019-01-22 15:31:51,btc,0.35365475,0.0094067,3.89e-06,btc,0.00033327,0.0,0.76535142,175
1.0,[],22,[],2019-01-22 15:29:41,56037.0,1.5e-06,5.3421525e-11,6500634,2019-01-22 15:29:41,BTC,0.63603422,0.0,1.5e-06,"BTC,LTC",124307.30544524913,0.00113436,0.04142763,176
1.0,[],7,[],2019-01-22 15:33:58,0.0,0.0,0.0,6500778,2019-01-22 15:33:58,btc,10934.79775336354,0.0,0.0,btc,125287544.03882253,0.0,0.0,178
0.0,[],22,[],2019-01-22 15:34:00,0.0,0.0,0.0,6500779,2019-01-22 15:34:00,,1.00242428,0.0,0.0,,57512.0,0.0,0.0,178
0.0,[],2,[],2019-01-21 03:09:08,0.0,0.0,0.0,6478817,2019-01-21 03:09:08,,0.0,0.0,0.0,,0.0,0.0,0.0,178
1.0,[],5,[],2019-01-22 15:32:30,6e-08,3e-08,1.0684305e-12,6500728,2019-01-22 15:32:30,btc,13.3262294,0.99433349,3e-08,btc,0.00010437,0.0,0.79127045,179
1.0,[],22,[],2019-01-22 15:32:34,8757380.0,3e-08,1.0684305e-12,6500729,2019-01-22 15:32:34,BTC,5.93975776,0.0,3e-08,"BTC,LTC",16608711.102830302,0.03267158,0.39422894,179
0.0,[],23,[],2019-01-21 03:07:45,0.0,0.0,0.0,6478767,2019-01-21 03:07:45,,0.0,0.0,0.0,,0.0,0.0,0.0,179
1.0,[],17,[],2019-01-22 15:52:47,10504.725,1e-07,3.57828e-12,6500815,2019-01-22 15:52:47,btc,5.209465356541132,0.0,1e-07,btc,7465.6174587,0.0,0.0010504725,180
1.0,[],22,[],2019-01-22 15:52:57,9009.258064516129,3.1e-07,1.1092668e-11,6500816,2019-01-22 15:52:57,BTC,0.22763224,0.0,3.1e-07,"BTC,LTC",26736.99016789696,0.00036829,0.00178742,180
1.0,[],26,[],2019-01-22 15:53:06,0.0,2.5e-07,8.9457e-12,6500817,2019-01-22 15:53:06,btc,0.0,3322.0,2.5e-07,btc,0.0,0.0,0.0,180
,[],7,[],2018-11-20 22:58:01,562227.975654,8.5e-07,3.6176765e-11,4862015,2018-11-20 22:58:01,btc,21836.6059674,2491.87645172,,btc,749999.041456,0.00211021,0.127565380455,183
,[],5,[],2019-01-10 08:11:41,0.0,0.0,0.0,6347036,2019-01-10 08:11:41,btc,82.15055501,0.00261,,btc,1.19002445,0.0,0.0,187
1.0,[],24,[],2019-01-22 15:31:33,0.0,1e-12,3.561435e-17,6500694,2019-01-22 15:31:33,btc,0.0,0.0,1e-12,btc,0.0,0.0,0.0,187
,[],17,[],2018-11-16 20:58:10,4062536.27273,1e-08,5.50501e-13,4708775,2018-11-16 20:58:10,btc,3.36492563466,0.195460381006,,"btc,eth",110697919.549,0.0,0.0157628953496,187
1.0,[],22,[],2019-01-22 15:34:46,79841.0,1e-08,3.561435e-13,6500810,2019-01-22 15:34:46,BTC,1.19422353,0.0,1e-08,BTC,16063.406201072174,0.00024794,0.00079841,191
0.0,[],22,[],2019-01-22 15:33:01,0.0,0.0,0.0,6500743,2019-01-22 15:33:01,,0.0,0.0,0.0,,0.0,0.0,0.0,197
1.0,[],26,[],2019-01-22 15:29:53,0.0,0.0,0.0,6500641,2019-01-22 15:29:53,btc,0.0,768256.0,0.0,btc,0.0,0.0,0.0,199
0.0,[],23,[],2019-01-21 03:02:13,0.0,0.0,0.0,6478668,2019-01-21 03:02:13,,0.0,0.0,0.0,,0.0,0.0,0.0,199
1.0,[],17,[],2019-01-22 15:34:02,19962.0,1e-08,3.5614350000000004e-13,6500780,2019-01-22 15:34:02,btc,6.984089704068633,0.0,1e-08,btc,105897.55575295,0.0,0.00019962000000000002,200
0.0,[],2,[],2019-01-21 03:00:56,0.0,0.0,0.0,6478648,2019-01-21 03:00:56,,0.0,0.0,0.0,,0.0,0.0,0.0,201
1.0,[],4,[],2019-01-22 15:34:31,239469.4579354,9.65e-06,3.436784775e-10,6500800,2019-01-22 15:34:31,btc,1.9007506050585958,0.0,9.65e-06,btc,144743.69506875,0.8912246,1.6245606756729385,211
1.0,[],7,[],2019-01-22 15:33:15,18056994.651700348,1.23e-06,4.38056505e-11,6500748,2019-01-22 15:33:15,btc,16318024.634667711,1198511.41295,1.23e-06,btc,12083131.69739404,0.0,8.116324310657241,212
1.0,[],5,[],2019-01-22 15:33:46,4.93e-06,3.4e-07,1.2108879e-11,6500768,2019-01-22 15:33:46,btc,0.88398397,0.06619183,3.4e-07,btc,3.079e-05,0.0,0.17152337,213
1.0,[],12,[],2019-01-22 15:33:47,235833.01869159,1.07e-06,3.81073545e-11,6500769,2019-01-22 15:33:47,btc,85023.04756578036,0.0,1.07e-06,btc,43936.36220369,0.0012205562437536,0.0200356600000013,213
1.0,[],24,[],2019-01-22 15:33:47,0.0,5e-08,1.7807175e-12,6500770,2019-01-22 15:33:47,btc,0.0,0.0,5e-08,btc,0.0,0.0,0.0,213
1.0,[],26,[],2019-01-22 15:33:47,0.0,3e-08,1.0684305e-12,6500771,2019-01-22 15:33:47,btc,0.0,0.0,3e-08,btc,0.0,0.0,0.0,213
1.0,[],22,[],2019-01-22 15:53:53,342035.1666666667,6e-08,2.146968e-12,6500839,2019-01-22 15:53:53,BTC,70.2198928,0.0,6e-08,BTC,146430.93402122578,0.0,0.00735211,216
1.0,[],27,[],2019-01-22 15:53:55,5076995.0,1e-07,3.57828e-12,6500840,2019-01-22 15:53:55,btc,619.88875127916,3777.0,1e-07,"btc,ltc",268896.09411,0.00434355,0.052398,216
1.0,[],22,[],2019-01-22 15:34:52,293463.9766038748,2.41e-06,8.58305835e-11,6500812,2019-01-22 15:34:52,BTC,12547.86377855,0.0,2.41e-06,BTC,363455.51931595197,0.04016016,0.42339994,217
1.0,[],7,[],2019-01-22 15:30:50,0.0,0.0,0.0,6500667,2019-01-22 15:30:50,btc,302.5589991391106,0.0,0.0,btc,131752724.1214003,0.0,0.0,219
0.0,[],27,[],2019-01-22 15:30:51,0.0,0.0,0.0,6500668,2019-01-22 15:30:51,,0.0671109039680918,1.49780503,0.0,btc,1042934.2070951,1e-08,0.0,219
5.717593815846871e-07,[],28,[],2019-01-22 15:30:53,239761684.401,2.2870375263387483e-10,8.14513549261624e-15,6500669,2019-01-22 15:30:53,doge,143892.3062179825,28516.0,0.0004,"btc,doge",6953892.84751,0.0,0.0018991442845853563,219
1.0,[],22,[],2019-01-22 15:31:06,218440.0,7.6e-07,2.7066906e-11,6500675,2019-01-22 15:31:06,BTC,2.09407133,0.0,7.6e-07,BTC,26335.55212317522,0.0,0.0308873,221
1.0,[],24,[],2019-01-22 15:31:06,0.0,8e-07,2.849148e-11,6500676,2019-01-22 15:31:06,btc,0.0,0.0,8e-07,btc,0.0,0.0,0.0,221
1.0,[],26,[],2019-01-22 15:34:03,0.0,9e-08,3.2052915e-12,6500781,2019-01-22 15:34:03,btc,0.0,10944.0,9e-08,btc,0.0,0.0,0.0,231
1.0,[],26,[],2019-01-22 15:33:42,0.0,2e-08,7.12287e-13,6500766,2019-01-22 15:33:42,btc,0.0,100.0,2e-08,btc,0.0,0.0,0.0,234
0.0,[],27,[],2019-01-22 15:33:44,0.0,0.0,0.0,6500767,2019-01-22 15:33:44,,0.001146299618,0.0,0.0,"btc,eth",11462.99618,0.0,0.0,234
0.0,[],22,[],2019-01-22 15:30:35,0.0,0.0,0.0,6500656,2019-01-22 15:30:35,,3.04712268,0.0,0.0,,90217749.58651437,0.0,0.0,235
1.0,[],4,[],2019-01-22 15:34:35,766529.90481246,1.11e-06,3.95319285e-11,6500803,2019-01-22 15:34:35,btc,0.357708250325345,0.0,1.11e-06,btc,257365.83914623,0.18164278,0.2855854370267881,236
1.0,[],24,[],2019-01-22 15:34:35,0.0,1e-08,3.561435e-13,6500804,2019-01-22 15:34:35,btc,0.0,0.0,1e-08,btc,0.0,0.0,0.0,236
1.0,[],20,[],2019-01-22 15:33:40,32043753.0569,5.2e-08,1.8519462000000002e-12,6500764,2019-01-22 15:33:40,btc,14.5163875338933,26925009.1688,5.2e-08,btc,28752793.2346,1.5124954216064,0.2580754627983,237
0.0,[],22,[],2019-01-22 15:33:42,0.0,0.0,0.0,6500765,2019-01-22 15:33:42,,0.0400008,0.0,0.0,,2001.0,0.0,0.0,237
1.0,[],4,[],2019-01-22 15:31:35,4178924.50832148,3.1e-07,1.10404485e-11,6500696,2019-01-22 15:31:35,btc,0.5377574502146742,0.0,3.1e-07,btc,1579626.63018072,0.41762019,1.1906642466679698,238
1.0,[],5,[],2019-01-22 15:31:37,3.64e-06,3.1e-07,1.10404485e-11,6500697,2019-01-22 15:31:37,btc,0.63342918,0.00189997,3.1e-07,btc,2.855e-05,0.0,0.19988332,238
1.0,[],22,[],2019-01-22 15:31:47,249417.75,4e-08,1.424574e-12,6500701,2019-01-22 15:31:47,BTC,15.40428788,0.0,4e-08,BTC,226419.69643307183,0.001376,0.00797683,249
0.008792239335053697,[],22,[],2019-01-22 15:31:20,2990101.6,4.3961196675268484e-10,1.5656494448118483e-14,6500686,2019-01-22 15:31:20,LTC,0.43598952,0.0,5e-08,LTC,12678244.29,0.0,0.07310216,252
1.0,[],28,[],2019-01-22 15:32:14,3453369.1,1e-07,3.561435e-12,6500719,2019-01-22 15:32:14,btc,164692.83850420642,113067.744,1e-07,btc,1089647.6915,0.0,0.07937683991,256
0.0,[],27,[],2019-01-22 15:53:38,0.0,0.0,0.0,6500832,2019-01-22 15:53:38,,4.96668,0.0,0.0,"btc,eth",90.59,0.0,0.0,257
1.0,[],22,[],2019-01-22 15:54:29,52267.53333333333,5e-08,1.78914e-12,6500856,2019-01-22 15:54:29,BTC,35605.6808445,0.0,5e-08,BTC,709228.3310213444,5.94e-06,0.00058021,258
1.0,[],22,[],2019-01-22 15:34:49,9713.28,7e-06,2.4930045e-10,6500811,2019-01-22 15:34:49,BTC,4.68378915,0.0,7e-06,BTC,5825.099238095238,0.00048804,0.03482896,262
1.0,[],5,[],2019-01-22 15:34:28,9.039e-05,2.97e-06,1.0577461950000001e-10,6500798,2019-01-22 15:34:28,btc,4.87669282,0.90893097,2.97e-06,btc,0.00605464,0.0,0.2845445,264
1.0,[],20,[],2019-01-22 15:34:30,1787043.6179,1.122e-06,3.9959300700000004e-11,6500799,2019-01-22 15:34:30,btc,5.2351092814209,16234.2831,1.122e-06,btc,91209.8988,0.100767969731,0.0371465622628,264
1.0,[],22,[],2019-01-22 15:53:58,172501.69523809524,2.1e-07,7.514388e-12,6500841,2019-01-22 15:53:58,BTC,126.53513002,0.0,2.1e-07,BTC,226161.05470818645,0.00753394,0.00766867,271
0.0,[],22,[],2019-01-22 15:54:33,0.0,0.0,0.0,6500858,2019-01-22 15:54:33,,105.69699934,0.0,0.0,,10568699925.0,0.0,0.0,272
5.702977560567056e-07,[],28,[],2019-01-22 15:54:35,26013109950.0,2.965548331494869e-13,1.061156228362146e-17,6500859,2019-01-22 15:54:35,doge,4388857.445289927,20629546338.2412,5.2e-07,doge,127910088419.75089,0.0,0.003619557856459297,272
