pairValue,buyBook,exchangeId,sellBook,updated,buyTotal,satoshiPrice,usdPrice,exchangeLogId,created,bestPair,sellTotalBtc,volume,pairPrice,activePairs,sellTotal,volumeBtc,buyTotalBtc,coinId
1,[],3,[],2019-05-11 15:57:59,32400.392901113544,0.0107776299999999998491251318455397267825901508331298828125,0.000000740955595922,7616166,2019-05-11 15:57:59,btc,3.4870736326350733,105.283702904,0.0107776299999999998491251318455397267825901508331298828125,btc,23.8260049315,0.0,0.4984173813986983,1
1,[],4,[],2019-05-11 15:58:00,251093.41150889,0.01059999,0.000000728742952506,7616167,2019-05-11 15:58:00,btc,9.21172444563988,0.0,0.01059999,btc,384.391126,3.45709311,0.262129679087171,1
1,[],5,[],2019-05-11 15:58:04,0.0,0,0,7616168,2019-05-11 15:58:04,btc,0.0,0.11987478,0,btc,0.0,0.0,0.0,1
1,[],10,[],2019-05-11 15:58:06,156063.73290181,0.00904303,0.000000621702886682,7616169,2019-05-11 15:58:06,btc,6525.369570243007,1702.04978213,0.00904303,btc,1479.46146562,0.0,3.558265359880252,1
1,[],12,[],2019-05-11 15:58:08,85.10697721,0.01093000000000000047906123512575504719279706478118896484375,0.000000751430942,7616170,2019-05-11 15:58:08,btc,0.159283922775,0.0,0.01093000000000000047906123512575504719279706478118896484375,btc,10.97305315,0.6038364815734,0.4642084084868,1
1,[],20,[],2019-05-11 15:58:10,975.4147,0.010710031,0.0000007363082052313999,7616171,2019-05-11 15:58:10,btc,0.078799673354,0.0319,0.010710031,btc,5.2078,0.000374825,0.1760198827509,1
1,[],21,[],2019-05-11 15:58:13,2186.44915121,0.01097163999999999951795448538,0.000000754293667016,7616172,2019-05-11 15:58:13,btc,16.24303619857371,6519.155240620001,0.01097163999999999951795448538405253202654421329498291015625,"btc,eth",1959.39436141,65.99534345515919,15.338558129951366,1
0,[],22,[],2019-05-11 15:58:16,0.0,0,0,7616173,2019-05-11 15:58:16,,0.3163308,0.0,0,,0.2527518593615956,0.0,0.0,1
1,[],24,[],2019-05-11 15:58:17,0.0,0.000000000000,0,7616174,2019-05-11 15:58:17,btc,0.0,0.0,0.000000000000,btc,0.0,0.0,0.0,1
0.0,[],25,[],2019-05-11 15:58:18,0.0,0,0,7616175,2019-05-11 15:58:18,btc,34.19999999913385,6079.14097309,0.0,btc,3040.30311024,65.5821,0.0,1
1,[],26,[],2019-05-11 15:58:19,0.0,0,0,7616176,2019-05-11 15:58:19,,0.0,0.0,0,,0.0,0.0,0.0,1
1,[],28,[],2019-05-11 15:58:58,987.9,0.01131000,0.0000007775557139999999,7616177,2019-05-11 15:58:58,btc,0.1610538345,360143.6,0.01131000,btc,8.7456,0.0,0.024551096,1
0,[],2,[],2019-01-20 23:28:45,0.0,0,0,6477011,2019-01-20 23:28:45,,0.0,0.0,0,,0.0,0.0,0.0,1
1,[],5,[],2019-05-11 15:58:59,0.0,0,0,7616178,2019-05-11 15:58:59,btc,0.0,7.001e-05,0,btc,0.0,0.0,0.0,2
0,[],22,[],2019-05-11 15:59:01,0.0,0,0,7616179,2019-05-11 15:59:01,,0.0,0.0,0,,0.0,0.0,0.0,2
1,[],5,[],2019-05-11 15:59:03,0.0,0,0,7616180,2019-05-11 15:59:03,btc,0.0,0.06175,0,btc,0.0,0.0,0.0,3
1,[],12,[],2019-05-11 15:59:04,3280942.0171925,0.000000144,0.0000000000098999136,7616181,2019-05-11 15:59:04,btc,2714597.2645992315,0.0,0.000000144,btc,3303236.68748381,0.2968544583155428,0.35505469753116,3
0,[],28,[],2019-05-11 15:59:06,0.0,0,0,7616182,2019-05-11 15:59:06,,0.0,0.0,0,,0.0,0.0,0.0,3
0,[],2,[],2019-01-20 23:31:32,0.0,0,0,6477077,2019-01-20 23:31:32,,0.0,0.0,0,,0.0,0.0,0.0,4
1,[],4,[],2019-04-26 19:14:12,610911.70993152,0.00000026,0.000000000013566046,7471614,2019-04-26 19:14:12,btc,31.457742656463164,0.0,0.00000026,btc,718733.71307795,0.00142695,0.0638464483338706,4
0,[],12,[],2019-04-25 23:08:22,0.0,0,0,7459310,2019-04-25 23:08:22,btc,1111851.94727753,0.0,0,btc,953412.0,0.0,0.0,5
0,[],2,[],2019-01-20 23:31:51,0.0,0,0,6477087,2019-01-20 23:31:51,,0.0,0.0,0,,0.0,0.0,0.0,6
1,[],11,[],2019-05-11 15:59:07,5042415.307535999,0.00000001,0.000000000000687494,7616183,2019-05-11 15:59:07,btc,9576.519203419495,953882.934,0.00000001,btc,47488253.75253575,0.0,0.05042415307536,6
1,[],3,[],2019-05-11 15:59:08,11173.240524037237,0.000139750000000000008763823000634829440969042479991912841796875,0.00000000960772865,7616184,2019-05-11 15:59:08,btc,16.14909768794173,72.2557011207,0.000139750000000000008763823000634829440969042479991912841796875,btc,338.884361663499,0.0,0.03903187516565302,7
1,[],4,[],2019-05-11 15:59:09,53728.24226261,0.00013104,0.000000009008921376,7616185,2019-05-11 15:59:09,btc,8.03652453182949,0.0,0.00013104,btc,36098.99792599,5.75134858,3.4324348298375127,7
1,[],5,[],2019-05-11 15:59:10,0.0,0,0,7616186,2019-05-11 15:59:10,btc,0.0,0.81825429,0,btc,0.0,0.0,0.0,7
1,[],20,[],2019-04-07 22:06:50,3201475.0482,0.000000001,0.000000000000051590000000000004,7213932,2019-04-07 22:06:50,btc,30.8005781811902,0.0,0.000000001,btc,23077405.3926,0.0,0.0032014750482,8
0,[],2,[],2019-01-20 23:22:42,0.0,0,0,6476876,2019-01-20 23:22:42,,0.0,0.0,0,,0.0,0.0,0.0,9
0,[],23,[],2019-01-20 23:22:48,0.0,0,0,6476878,2019-01-20 23:22:48,,0.0,0.0,0,,0.0,0.0,0.0,9
1,[],4,[],2019-05-11 15:59:13,22493705.87773052,0.00000067,0.000000000046062097999999997,7616187,2019-05-11 15:59:13,btc,4.411304431092445,0.0,0.00000067,btc,3416130.04955204,1.34167512,0.6373072841828629,9
1,[],28,[],2019-05-11 15:59:51,18055.0,0.00000021,0.000000000014437374,7616188,2019-05-11 15:59:51,btc,2708.775233808764,3492377.0,0.00000021,btc,25766.3492,0.0,0.00186155,9
1,[],1,[],2019-02-17 23:31:42,1822507.21,0.00000181000000000000003456111265232042484285557293333113193511962890625,0.000000000066086901,6701244,2019-02-17 23:31:42,btc,3.6990969245,17153386.5,0.00000181000000000000003456111265232042484285557293333113193511962890625,btc,1997391.71,31.11772986,3.2610482446,9
1,[],4,[],2019-02-17 11:22:43,4341674.27126056,0.00000002,0.0000000000007272960000000001,6696112,2019-02-17 11:22:43,btc,0.1997230937751353,0.0,0.00000002,btc,4109766.79808031,0.00215132,0.0479381022052112,10
0,[],2,[],2019-01-20 23:23:08,0.0,0,0,6476890,2019-01-20 23:23:08,,0.0,0.0,0,,0.0,0.0,0.0,12
1,[],4,[],2019-05-11 15:59:52,9589193.77121668,0.00000080,0.00000000005499952,7616189,2019-05-11 15:59:52,btc,6.477937908468958,0.0,0.00000080,btc,4645173.83091376,0.83487425,3.9448520180085556,12
1,[],5,[],2019-05-11 15:59:53,0.0,0,0,7616190,2019-05-11 15:59:53,btc,0.0,0.07682148,0,btc,0.0,0.0,0.0,12
0.0,[],25,[],2019-05-11 15:59:54,0.0,0,0,7616191,2019-05-11 15:59:54,,0.0,0.0,0.0,btc,0.0,0.0,0.0,12
1,[],4,[],2019-05-11 15:59:55,32183396.1594246,0.00000611,0.000000000420058834,7616192,2019-05-11 15:59:55,btc,2.270048821181606,0.0,0.00000611,btc,277854.04833371,1.41200088,1.0985941417760399,13
1,[],10,[],2019-05-11 15:59:57,488437.2077684,0.00000581,0.000000000399434014,7616193,2019-05-11 15:59:57,btc,666793.6206297134,19775.5595872,0.00000581,btc,734899.56095143,0.0,0.4771392951235592,13
1,[],21,[],2019-05-11 15:59:59,2917156.47791673,0.000006080000000000000233088288254,0.000000000417996352,7616194,2019-05-11 15:59:59,btc,3.271489027500651,1484165.78552102,0.0000060800000000000002330882882539686562495262478478252887725830078125,btc,479192.89677527,8.97259163,15.551621991392171,13
1,[],4,[],2019-05-11 16:00:00,1015034.66846441,0.00000084,0.000000000057749496,7616195,2019-05-11 16:00:00,btc,8.151982552183194,0.0,0.00000084,btc,1265934.22040253,0.01464796,0.1731046184664579,14
1,[],12,[],2019-05-11 16:00:00,249159.29312614,0.00000085,0.00000000005843699,7616196,2019-05-11 16:00:00,btc,0.11875741080399041,0.0,0.00000085,btc,14931.03903504,0.0,0.0244130199999852,14
1,[],26,[],2019-05-11 16:02:01,0.0,0.00000050,0.0000000000343747,7616197,2019-05-11 16:02:01,btc,0.0,0.0,0.00000050,btc,0.0,0.0,0.0,14
0,[],17,[],2019-05-03 00:53:32,0.0,0,0,7558876,2019-05-03 00:53:32,btc,0.0,0.0,0,btc,0.0,0.0,0.0,14
,[],12,[],2018-12-01 15:15:48,204241.84496,0.00000489,0.000000000202473384,5260204,2018-12-01 15:15:48,btc,49.5475654835,0.0,,btc,35763.2193806,0.0163153972027625,0.0203389899998,15
0,[],4,[],2019-05-11 16:02:02,0.0,0,0,7616198,2019-05-11 16:02:02,,0.0,0.0,0,,0.0,0.0,0.0,15
0,[],2,[],2019-01-20 23:23:38,0.0,0,0,6476906,2019-01-20 23:23:38,,0.0,0.0,0,,0.0,0.0,0.0,18
1,[],4,[],2019-05-11 16:02:03,31556.38904217,0.00001248,0.000000000857992512,7616199,2019-05-11 16:02:03,btc,1.1452808527828595,0.0,0.00001248,btc,16733.24933813,0.04798769,0.0531788107466581,18
1,[],10,[],2019-05-11 16:02:05,132182.64198284,0.00001498,0.000000001029866012,7616200,2019-05-11 16:02:05,btc,15.409051604542404,6562.98658416,0.00001498,btc,9963.70135075,0.0,0.4972411806603902,18
1,[],12,[],2019-05-11 16:02:07,221649.52535563,0.00001251000000000000050327797485039127423078753054141998291015625,0.000000000860054994,7616201,2019-05-11 16:02:07,btc,33215.32728158612,0.0,0.00001251000000000000050327797485039127423078753054141998291015625,btc,1732.48267214,0.0077083472816693,0.0186987634461005,18
0,[],17,[],2019-05-03 00:53:39,0.0,0,0,7558882,2019-05-03 00:53:39,btc,0.0,0.0,0,btc,0.0,0.0,0.0,18
0,[],2,[],2019-01-20 23:24:19,0.0,0,0,6476924,2019-01-20 23:24:19,,0.0,0.0,0,,0.0,0.0,0.0,19
1,[],3,[],2019-05-11 16:04:07,158714.38059525078,0.0000128900000000000002531481968492954592875321395695209503173828125,0.000000000886179766,7616202,2019-05-11 16:04:07,btc,0.2563293905262723,877.526669329,0.0000128900000000000002531481968492954592875321395695209503173828125,btc,7252.566877867577,0.0,0.051725138714556196,19
1,[],4,[],2019-05-11 16:04:08,409675.24097398,0.00001269,0.000000000872429886,7616203,2019-05-11 16:04:08,btc,3.441352456513127,0.0,0.00001269,btc,114207.76627879,0.22638645,0.6618861039469729,19
1,[],5,[],2019-05-11 16:04:09,0.0,0,0,7616204,2019-05-11 16:04:09,btc,0.0,0.0012387,0,btc,0.0,0.0,0.0,19
1,[],12,[],2019-05-11 16:04:10,207334.84155694,0.000012239999999999999700226772925137908032411360181868076324462890625,0.0000000008414926559999999,7616205,2019-05-11 16:04:10,btc,0.3021066279731731,0.0,0.000012239999999999999700226772925137908032411360181868076324462890625,btc,3005.57901296,0.00010264,0.0821614899996956,19
1,[],27,[],2019-05-11 16:04:17,100.0,0.0000001,0.00000000000687494,7616206,2019-05-11 16:04:17,btc,0.0,0.0,0.0000001,btc,0.0,0.0,1e-05,19
1,[],4,[],2019-05-11 16:04:19,1833878.57391266,0.00000009,0.000000000006187446,7616207,2019-05-11 16:04:19,btc,5.279309685630553,0.0,0.00000009,btc,2279170.28595418,0.0,0.0607385352282092,20
1,[],4,[],2019-05-11 16:04:19,73319152.80551691,0.00000001,0.000000000000687494,7616208,2019-05-11 16:04:19,btc,1831.8827586720074,0.0,0.00000001,btc,55179405.04778949,0.0126375,0.7331915280551692,21
1,[],12,[],2019-05-11 16:04:21,5210401.0,0.00000001,0.000000000000687494,7616209,2019-05-11 16:04:21,btc,2895.661719010819,0.0,0.00000001,btc,7235925.79820176,2.949e-05,0.05210401,21
0,[],17,[],2019-05-03 00:53:51,0.0,0,0,7558891,2019-05-03 00:53:51,btc,0.0,0.0,0,btc,0.0,0.0,0.0,21
1,[],12,[],2019-05-11 16:06:22,7830771351.808,0.0000000005,0.0000000000000343747,7616210,2019-05-11 16:06:22,btc,311121819889.8992,0.0,0.0000000005,btc,2567329576.8545504,0.32770203027172834,1.853725304104,23
0.0000000002782972,[],27,[],2019-05-11 16:06:30,39085518.78,5.565944e-18,3.8265531043359995e-22,7616211,2019-05-11 16:06:30,eth,184.182150814612,585459768.3165541,0.00000002,eth,10685651.7124,4.88795442719446e-09,1.879620334084283e-10,23
1,[],4,[],2019-05-11 16:06:31,809323.34169744,0.00000030,0.00000000002062482,7616212,2019-05-11 16:06:31,btc,14.011545836658991,0.0,0.00000030,btc,2084552.25940484,0.023806,0.0624601545000776,24
1,[],22,[],2019-05-11 16:06:35,21.76,0.00000100,0.0000000000687494,7616213,2019-05-11 16:06:35,BTC,7.415e-05,0.0,0.00000100,BTC,23.919354838709676,0.0,1.186e-05,24
0.0,[],25,[],2019-05-11 16:06:38,0.0,0,0,7616214,2019-05-11 16:06:38,,0.0,0.0,0.0,btc,0.0,0.0,0.0,24
0,[],2,[],2019-01-20 23:25:56,0.0,0,0,6476976,2019-01-20 23:25:56,,0.0,0.0,0,,0.0,0.0,0.0,26
1,[],4,[],2019-05-11 16:06:39,26980497.89262638,0.00000417,0.000000000286684998,7616215,2019-05-11 16:06:39,btc,11.298973620189427,0.0,0.00000417,btc,330705.95687341,0.07298076,0.4624637844797367,26
1,[],10,[],2019-05-11 16:06:41,70032.86805681,0.00000802,0.000000000551370188,7616216,2019-05-11 16:06:41,btc,25.841978623280628,3485.08738709,0.00000802,btc,19652.82190304,0.0,0.0618749299250749,26
1,[],11,[],2019-04-30 04:16:17,7094566.83690364,0.00000006,0.000000000003115554,7518027,2019-04-30 04:16:17,btc,67504.138725751,6116.07566417,0.00000006,btc,6591680.7351637,0.0,0.38529422037817224,27
1,[],5,[],2019-04-26 09:47:06,0.0,0,0,7465326,2019-04-26 09:47:06,btc,0.0,0.0,0,btc,0.0,0.0,0.0,27
1,[],3,[],2019-04-28 02:38:55,141621.60361514,0.00000001,0.0000000000005253330000000001,7491060,2019-04-28 02:38:55,btc,2.501704004580372,921815.184511,0.00000001,btc,21091882.2176418,0.0,0.0014162160361513999,27
1,[],4,[],2019-05-11 16:06:42,1455530187.4851177,0.00000001,0.000000000000687494,7616217,2019-05-11 16:06:42,btc,5.189304200654751,0.0,0.00000001,"btc,ltc",311534920.9546884,0.05938577,9.489342751921392,29
1,[],7,[],2019-05-11 16:06:43,113385941.7229273,0.00000001,0.000000000000687494,7616218,2019-05-11 16:06:43,btc,46550610.71260491,0.0,0.00000001,btc,41472910.21540755,0.0,1.133859417229273,29
0,[],17,[],2019-05-03 01:11:25,0.0,0,0,7559066,2019-05-03 01:11:25,btc,0.0,0.0,0,btc,0.0,0.0,0.0,30
1,[],4,[],2019-05-11 16:06:44,1566401.16000815,0.00000011,0.000000000007562434,7616219,2019-05-11 16:06:44,btc,2.845888633969633,0.0,0.00000011,btc,2548019.0501508,0.0,0.0382475571522799,30
1,[],4,[],2019-05-11 16:08:45,173012.44622993,0.00005459,0.0000000037530297459999995,7616220,2019-05-11 16:08:45,btc,6.206660543332484,0.0,0.00005459,btc,60041.00778179,0.91309437,0.8187008856240494,31
1,[],21,[],2019-05-11 16:08:46,59222.31335217,0.00005441000000000000252475124141,0.000000003740654854,7616221,2019-05-11 16:08:46,btc,3.8655890373016177,281582.15013861,0.000054410000000000002524751241406164581349003128707408905029296875,btc,63555.74711887,15.49522513,2.971414816866744,31
0,[],2,[],2019-01-20 23:28:43,0.0,0,0,6477009,2019-01-20 23:28:43,,0.0,0.0,0,,0.0,0.0,0.0,32
1,[],12,[],2019-03-30 07:55:10,40641173.964,0.00000003,0.000000000001228359,7108785,2019-03-30 07:55:10,btc,4233210.82356125,0.0,0.00000003,btc,28378394.68333462,0.0126927883965248,0.90752895892,33
0,[],4,[],2019-05-11 16:08:47,0.0,0,0,7616222,2019-05-11 16:08:47,,0.0,0.0,0,,0.0,0.0,0.0,33
0,[],4,[],2019-05-11 16:08:49,0.0,0,0,7616223,2019-05-11 16:08:49,,3.510872352555789,0.0,0,,146159298.8287807,0.0151784,0.0,34
1,[],5,[],2019-05-11 16:08:51,0.0,0,0,7616224,2019-05-11 16:08:51,btc,0.0,0.00284535,0,btc,0.0,0.0,0.0,34
0.000000000133684,[],4,[],2019-05-02 18:17:45,3384239970.6360936,1.3368400000000002e-18,7.293946092400001e-23,7556428,2019-05-02 18:17:45,ltc,5.381102735485169e-08,0.0,0.00000001,ltc,6862894551.7408495,0.0,4.524187362345155e-09,36
1,[],5,[],2019-05-02 18:17:46,0.0,0,0,7556429,2019-05-02 18:17:46,btc,0.0,0.0,0,btc,0.0,0.0,0.0,36
0.0000000002926451,[],17,[],2019-05-02 18:17:47,200000.0,2.9264510000000002e-18,1.596703856561e-22,7556430,2019-05-02 18:17:47,eth,0.20942468735267253,0.0,0.00000001,"btc,eth",1018272.20243647,0.0,5.852902e-13,36
0.000000000133684,[],27,[],2019-05-02 18:17:55,7883196.008,1.3368400000000002e-18,7.293946092400001e-23,7556431,2019-05-02 18:17:55,ltc,25567.4086131264,0.0,0.00000001,"ltc,eth",21753551.64,0.0,1.0538571751334722e-11,36
1,[],17,[],2019-05-03 01:11:36,211752.74075282,0.00000025,0.000000000013700074999999998,7559074,2019-05-03 01:11:36,btc,0.055484923955058496,0.0,0.00000025,"btc,eth",1387.19918473,0.0,0.0005381851887916605,37
1,[],4,[],2019-05-11 16:08:52,266676.14859467,0.00000025,0.00000000001718735,7616225,2019-05-11 16:08:52,btc,19772.86975019763,0.0,0.00000025,btc,941851.3611518,0.01484649,0.0205869847623536,37
1,[],12,[],2019-05-11 16:08:53,1263357.33333332,0.00000021,0.000000000014437374,7616226,2019-05-11 16:08:53,btc,19604.336575150894,0.0,0.00000021,btc,400925.0722577,0.0399356905228677,0.12435987999999719,37
1,[],27,[],2019-05-11 16:11:02,1600.0,0.00000015,0.00000000001031241,7616227,2019-05-11 16:11:02,btc,24.12824334291843,0.0,0.00000015,btc,5839.49448498,0.0,3e-05,37
1,[],5,[],2019-05-11 16:11:04,0.0,0,0,7616228,2019-05-11 16:11:04,btc,0.0,0.06430716,0,btc,0.0,0.0,0.0,42
1,[],12,[],2019-05-11 16:11:05,362407.01349097,0.00000265000000000000003890117394877989909218740649521350860595703125,0.00000000018218591,7616229,2019-05-11 16:11:05,btc,2227607.6612853645,0.0,0.00000265000000000000003890117394877989909218740649521350860595703125,btc,76570.88250286,0.3959027391267768,0.0736812398029643,42
1,[],27,[],2019-05-11 16:11:19,506.0,0.00000002,0.000000000001374988,7616230,2019-05-11 16:11:19,btc,1.22636089793465,0.0,0.00000002,"btc,eth",1336.4475157,0.0,3.0000004329191243e-06,42
1,[],12,[],2019-03-13 09:13:29,1112112.0,0.00000001,0.000000000000386531,6919902,2019-03-13 09:13:29,btc,29058.00478931866,0.0,0.00000001,btc,5967681.93306694,9.99000999e-07,0.01112112,43
1,[],5,[],2019-04-26 22:38:52,0.0,0,0,7474154,2019-04-26 22:38:52,btc,0.0,0.02638891,0,btc,0.0,0.0,0.0,43
0,[],17,[],2019-04-26 22:38:53,0.0,0,0,7474155,2019-04-26 22:38:53,btc,0.0,0.0,0,btc,0.0,0.0,0.0,43
1,[],12,[],2019-03-05 01:54:08,639326.02,0.00000004,0.000000000001486676,6845775,2019-03-05 01:54:08,btc,11116042.728239931,0.0,0.00000004,btc,1103841.4595604,0.0003330765234764,0.014975410599999999,44
1,[],4,[],2019-05-11 16:11:20,130105357.71668,0.00000001,0.000000000000687494,7616231,2019-05-11 16:11:20,btc,436.8252341140858,0.0,0.00000001,"btc,ltc",23049031.09584506,0.00153022,0.2725683068287025,49
1,[],4,[],2019-05-11 16:11:22,72643037.1425805,0.00000001,0.000000000000687494,7616232,2019-05-11 16:11:22,btc,21614.57374699455,0.0,0.00000001,"btc,ltc",105158596.94536078,0.06962594,0.0025349302469016505,52
0,[],22,[],2019-05-11 16:11:25,0.0,0,0,7616233,2019-05-11 16:11:25,,10289.64343849,0.0,0,,311140042.4566013,0.0,0.0,57
0,[],27,[],2019-05-11 16:11:32,0.0,0,0,7616234,2019-05-11 16:11:32,,0.0,0.0,0,"btc,eth",0.0,0.0,0.0,57
1,[],17,[],2019-05-03 01:12:09,1200000.0,0.0000000001,0.00000000000000548003,7559085,2019-05-03 01:12:09,btc,1e+24,0.0,0.0000000001,"btc,eth",39516342.31952568,0.0,0.00010000000058666061,58
0.0000000001291507,[],4,[],2019-05-11 16:11:33,1049369965.9406304,1.291507e-18,8.87903313458e-23,7616235,2019-05-11 16:11:33,ltc,19.11026337766208,0.0,0.00000001,ltc,6047340889.257433,0.0,1.3552686566020858e-09,58
1,[],12,[],2019-05-11 16:11:34,1505260464.0,0.0000000001,0.00000000000000687494,7616236,2019-05-11 16:11:34,btc,120178893.8440396,0.0,0.0000000001,btc,4513495034.214794,0.028357676202595605,0.1505260464,58
0.000000000109565,[],22,[],2019-05-11 16:13:38,137323.0,1.09565e-18,7.532528010999999e-23,7616237,2019-05-11 16:13:38,XMR,69.17947824,0.0,0.00000001,XMR,9887848.044444444,0.0,0.00137323,58
1,[],5,[],2019-05-11 16:13:39,0.0,0,0,7616238,2019-05-11 16:13:39,btc,0.0,0.06520687,0,btc,0.0,0.0,0.0,61
1,[],22,[],2019-05-11 16:13:43,13613.833333333334,0.00000012,0.000000000008249928,7616239,2019-05-11 16:13:43,BTC,1002.29626883,0.0,0.00000012,BTC,15392.180177125656,0.0,0.00153269,61
1,[],26,[],2019-05-11 16:13:43,0.0,0.00000050,0.0000000000343747,7616240,2019-05-11 16:13:43,btc,0.0,0.0,0.00000050,btc,0.0,0.0,0.0,61
0.0000000002782972,[],27,[],2019-05-11 16:13:49,100000.0,2.782972e-18,1.9132765521679998e-22,7616241,2019-05-11 16:13:49,eth,1.9482732497246655,0.0,0.00000001,"btc,eth",13266.51663696,0.0,2.782972e-13,61
1,[],28,[],2019-05-11 16:14:36,1039.304,0.00000008,0.000000000005499952,7616242,2019-05-11 16:14:36,btc,2.056501795415105,819.0,0.00000008,btc,10022.46650005,0.0,2.439304e-05,61
1,[],4,[],2019-05-11 16:14:38,1181504.14899069,0.00000099,0.000000000068061906,7616243,2019-05-11 16:14:38,btc,2.177974899365227,0.0,0.00000099,btc,716350.69874639,0.10918414,0.762596754203619,67
0.0,[],25,[],2019-05-11 16:14:39,0.0,0,0,7616244,2019-05-11 16:14:39,,0.0,0.0,0.0,btc,0.0,0.0,0.0,67
1,[],12,[],2019-05-11 16:14:40,1437993.0,0.00000012,0.000000000008249928,7616245,2019-05-11 16:14:40,btc,55556353.359942816,0.0,0.00000012,btc,1528484.72529908,0.0001767190609395,0.02186818,71
,[],5,[],2018-11-20 23:02:39,1.5e-07,0.00000005,0.000000000002128045,4862160,2018-11-20 23:02:39,btc,2.84511358,0.0,,btc,0.00036572,0.0,0.07381892,74
1,[],5,[],2019-05-11 16:14:42,0.0,0,0,7616246,2019-05-11 16:14:42,btc,0.0,0.01327603,0,btc,0.0,0.0,0.0,75
0,[],20,[],2019-01-25 09:30:31,0.0,0,0,6495923,2019-01-25 09:30:31,btc,0.0,0.0,0,btc,0.0,0.0,0.0,81
1,[],4,[],2019-05-11 16:14:42,58543.099,0.00000001,0.000000000000687494,7616247,2019-05-11 16:14:42,btc,133650.79580718852,0.0,0.00000001,btc,34141864.07446142,0.0002,0.00058543099,81
1,[],4,[],2019-05-11 16:14:44,28831.4086582,0.00006795,0.00000000467152173,7616248,2019-05-11 16:14:44,btc,19.382879411644154,0.0,0.00006795,btc,37280.54822735,0.25318789,0.3850743103325657,82
1,[],21,[],2019-05-11 16:14:45,3246623.81630472,0.00006640000000000000123043936151,0.00000000456496016,7616249,2019-05-11 16:14:45,btc,2.8375590861307813,12418.80291665,0.000066400000000000001230439361510349272066378034651279449462890625,btc,36800.77783835,0.81308211,1.3725488344492938,82
0,[],17,[],2019-03-25 22:42:34,0.0,0,0,7038780,2019-03-25 22:42:34,btc,0.0445064681804024,0.0,0,btc,995513.18476001,0.0,0.0,84
0.00000000013644,[],4,[],2019-05-01 19:17:39,299701867.376,1.3644e-18,7.259508504e-23,7542161,2019-05-01 19:17:39,ltc,1.6769037726995486,0.0,0.00000001,ltc,427823536.87452894,0.00010978,4.089132278478144e-10,85
,[],22,[],2018-11-20 23:09:34,3408.1,0.0000001,0.0000000000041895,4862324,2018-11-20 23:09:34,BTC,0.04624735,0.0,,BTC,4990.0,0.0,0.00033081,86
1,[],22,[],2019-05-11 16:14:48,89999.0,0.00000001,0.000000000000687494,7616250,2019-05-11 16:14:48,BTC,3.66445213,0.0,0.00000001,BTC,336978.29736842104,0.0,0.00089999,87
1,[],27,[],2019-05-11 16:14:56,10674.0,0.00000001,0.000000000000687494,7616251,2019-05-11 16:14:56,btc,4.960708560736,0.0,0.00000001,btc,10217.62841,0.0,0.00010674,87
,[],2,[],2018-11-20 23:10:47,0.0,0,0,4862359,2018-11-20 23:10:47,,0.0,0.0,,,0.0,0.0,0.0,88
1,[],11,[],2019-05-11 16:14:57,78077.33207072,0.00013700999999999999095189051612209141239873133599758148193359375,0.000000009419355294,7616252,2019-05-11 16:14:57,btc,176.94714770588243,4800.19129458,0.00013700999999999999095189051612209141239873133599758148193359375,btc,190802.11203145,0.0,4.461283349852432,89
0,[],2,[],2019-01-20 23:31:45,0.0,0,0,6477083,2019-01-20 23:31:45,,0.0,0.0,0,,0.0,0.0,0.0,91
0,[],17,[],2019-05-03 01:12:26,0.0,0,0,7559096,2019-05-03 01:12:26,btc,0.0,0.0,0,btc,0.0,0.0,0.0,91
1,[],12,[],2019-05-11 16:14:58,413363.07188404,0.00000024,0.000000000016499856,7616253,2019-05-11 16:14:58,btc,89.86351970551635,0.0,0.00000024,btc,198530.59271567,0.0174711010281401,0.0328937429999957,91
1,[],22,[],2019-05-11 16:17:02,76014.0,0.0000008,0.00000000005499952,7616254,2019-05-11 16:17:02,BTC,0.1,0.0,0.0000008,"BTC,LTC",1.0,0.0,0.0017135,91
1,[],22,[],2019-04-09 20:17:52,374949.73333333334,0.00000015,0.000000000007771935,7235704,2019-04-09 20:17:52,BTC,6.87372503,0.0,0.00000015,"BTC,LTC",159980.01196797504,1.1e-05,0.80510266,95
0,[],12,[],2019-05-11 16:17:04,0.0,0,0,7616256,2019-05-11 16:17:04,btc,25054.270768496473,0.0,0,btc,7546730.46658341,2.3576423576e-06,0.0,96
0,[],17,[],2019-05-03 01:12:32,0.0,0,0,7559100,2019-05-03 01:12:32,btc,0.0,0.0,0,btc,0.0,0.0,0.0,96
0.0000000001291507,[],4,[],2019-05-11 16:17:03,548530715.2760879,7.878192700000001e-17,5.4162102120938e-21,7616255,2019-05-11 16:17:03,ltc,11.302456675627672,0.0,0.00000061,ltc,135315774.99082583,0.0,1.4634836740327824e-09,96
1,[],4,[],2019-04-14 03:32:46,1039404.33283278,0.00000038,0.000000000019245518,7293458,2019-04-14 03:32:46,btc,4.170086055365747,0.0,0.00000038,btc,3097704.34561074,0.06260606,0.1859928211030784,99
1,[],4,[],2019-05-11 16:19:05,439832.57561852,0.00003232,0.000000002221980608,7616257,2019-05-11 16:19:05,btc,7.038635386268709,0.0,0.00003232,btc,121465.5764634,0.56281475,0.5422574507295205,100
0,[],2,[],2019-01-20 23:23:55,0.0,0,0,6476914,2019-01-20 23:23:55,,0.0,0.0,0,,0.0,0.0,0.0,100
1,[],22,[],2019-05-11 16:19:08,130000.0,0.00000001,0.000000000000687494,7616258,2019-05-11 16:19:08,BTC,24.83526409,0.0,0.00000001,BTC,11187.719,0.0,0.0013,101
1,[],4,[],2019-05-11 16:19:09,643842.77837249,0.00000629,0.00000000043243372599999997,7616259,2019-05-11 16:19:09,btc,254.55276008428106,0.0,0.00000629,btc,360400.45372974,1.55389688,0.9408526565761683,103
1,[],12,[],2019-05-11 16:19:12,102416682.76392001,0.000000005,0.000000000000343747,7616260,2019-05-11 16:19:12,btc,468525221.211808,0.0,0.000000005,btc,109759743.59766689,0.1028983464282995,0.24820659196776007,105
0,[],27,[],2019-05-11 16:19:18,0.0,0,0,7616261,2019-05-11 16:19:18,,0.0584885651331397,0.0,0,btc,600596.63747933,0.0,0.0,105
1,[],22,[],2019-04-21 00:17:26,21333.0,0.00000001,0.000000000000532493,7385819,2019-04-21 00:17:26,BTC,51.38182867,0.0,0.00000001,BTC,470435.0,0.0,0.00021333,107
1,[],26,[],2019-04-21 00:17:26,0.0,0.00000000,0,7385820,2019-04-21 00:17:26,btc,0.0,0.0,0.00000000,btc,0.0,0.0,0.0,107
1,[],5,[],2019-05-11 16:19:20,0.0,0,0,7616262,2019-05-11 16:19:20,btc,0.0,0.00144267,0,btc,0.0,0.0,0.0,112
1,[],22,[],2019-05-11 16:19:22,79003.0,0.00000001,0.000000000000687494,7616263,2019-05-11 16:19:22,BTC,2.78774668,0.0,0.00000001,BTC,1151913.0833333333,0.00229029,0.00079003,112
1,[],27,[],2019-05-11 16:19:30,1.0,0.00000001,0.000000000000687494,7616264,2019-05-11 16:19:30,btc,1.25032588,0.0,0.00000001,"btc,eth",1819.0,0.0,1e-08,112
1,[],4,[],2019-05-11 16:19:31,370328.81831863,0.00000153,0.00000000010518658199999999,7616265,2019-05-11 16:19:31,btc,4.840703516090507,0.0,0.00000153,btc,522528.19718115,0.00843293,0.2045872490834318,113
1,[],5,[],2019-05-11 16:19:32,0.0,0,0,7616266,2019-05-11 16:19:32,btc,0.0,0.00712242,0,btc,0.0,0.0,0.0,113
1,[],17,[],2019-04-26 02:17:47,162738.278,0.00000004,0.0000000000021069000000000002,7461287,2019-04-26 02:17:47,btc,1.3331140273775473,0.0,0.00000004,btc,51796.221,0.0,0.00230953112,116
0,[],27,[],2019-04-26 02:19:51,0.0,0,0,7461288,2019-04-26 02:19:51,,0.0,0.0,0,,0.0,0.0,0.0,116
1,[],4,[],2019-05-07 20:09:28,131822.85721655,0.00001022,0.00000000060230548,7572994,2019-05-07 20:09:28,btc,132.18460413545117,0.0,0.00001022,btc,268070.13193351,0.06918336,1.0489745103085106,120
1,[],7,[],2019-05-07 20:09:30,9501.79941055,0.000011699999999999999788190263583231853772304020822048187255859375,0.0000000006895277999999999,7572995,2019-05-07 20:09:30,btc,231185.88817567716,62.23644451,0.000011699999999999999788190263583231853772304020822048187255859375,btc,4076.97424313,0.00072692,0.018013380795019,120
1,[],20,[],2019-04-07 18:42:29,1914137.0852,0.000000035,0.0000000000017871910000000002,7211992,2019-04-07 18:42:29,btc,32.2497668025648,25528.85,0.000000035,btc,1001975.4986,0.00089350975,0.0152723574729,125
1,[],22,[],2019-05-11 16:19:35,10000.0,0.00000001,0.000000000000687494,7616267,2019-05-11 16:19:35,BTC,0.032061,0.0,0.00000001,BTC,299316.7611111111,0.0,0.0001,126
1,[],4,[],2019-05-11 16:19:36,1851254.4911815,0.00000683,0.000000000469558402,7616268,2019-05-11 16:19:36,btc,3.3611912558520953,0.0,0.00000683,btc,168325.90051987,0.13231264,0.3213574723595808,131
0,[],2,[],2019-01-20 23:25:46,0.0,0,0,6476969,2019-01-20 23:25:46,,0.0,0.0,0,,0.0,0.0,0.0,131
1,[],17,[],2019-05-03 01:13:10,10000.0,0.00000001,0.000000000000548003,7559115,2019-05-03 01:13:10,btc,0.0953976503951408,0.0,0.00000001,btc,5037.62507334,0.0,0.0001,131
1,[],4,[],2019-05-11 16:21:37,4712.74998329,0.00010321,0.0000000070956255739999995,7616269,2019-05-11 16:21:37,btc,6.011854413954814,0.0,0.00010321,btc,195.61424306,0.0005214,0.0073817379537183,135
1,[],3,[],2019-05-11 16:21:38,72005.0,0.00000001,0.000000000000687494,7616270,2019-05-11 16:21:38,btc,0.2050087670486088,728604.5,0.00000001,btc,1779619.68412391,0.0,0.00072005,136
1,[],4,[],2019-05-11 16:21:39,2405405.71232418,0.00000184,0.00000000012649889599999999,7616271,2019-05-11 16:21:39,btc,318.1170392298327,0.0,0.00000184,btc,516519.21375361,0.22482072,0.6013738238992516,137
1,[],12,[],2019-05-11 16:21:41,328747.94304232,0.0000019499999999999999646983772638719756287173368036746978759765625,0.00000000013406133,7616272,2019-05-11 16:21:41,btc,48531.24235185765,0.0,0.0000019499999999999999646983772638719756287173368036746978759765625,btc,41733.39122142,0.0013470882217779,0.0315596557271246,137
1,[],4,[],2019-05-11 16:21:43,60317.62658453,0.00002885,0.00000000198342019,7616273,2019-05-11 16:21:43,btc,5.275717823630328,0.0,0.00002885,btc,75933.62349097,0.34711272,0.3304959219108449,142
1,[],5,[],2019-05-11 16:21:44,0.0,0,0,7616274,2019-05-11 16:21:44,btc,0.0,0.12916001,0,btc,0.0,0.0,0.0,142
1,[],20,[],2019-05-11 16:23:45,162669.3881,0.00002857,0.000000001964170358,7616275,2019-05-11 16:23:45,btc,1.7238131676533,482.2335,0.00002857,btc,8546.1606,0.015706494573,0.046471160897,142
1,[],22,[],2019-05-11 16:23:49,1370.0,0.00000200,0.0000000001374988,7616276,2019-05-11 16:23:49,BTC,3.2756588,0.0,0.00000200,BTC,1135.5948275773155,0.0,0.0003632,142
0.0,[],25,[],2019-05-11 16:23:51,0.0,0,0,7616277,2019-05-11 16:23:51,,0.0,0.0,0.0,btc,0.0,0.0,0.0,142
1,[],28,[],2019-05-11 16:24:40,79102.0,0.00003311,0.000000002276292634,7616278,2019-05-11 16:24:40,btc,0.0555251924,245855.6893,0.00003311,btc,438.37303,0.0,0.07347342,142
1,[],17,[],2019-05-03 01:13:16,32967.38636364,0.00000088,0.000000000048224264,7559122,2019-05-03 01:13:16,btc,20.06976206696776,0.0,0.00000088,btc,2746.079105,0.0,0.0105613000000032,142
0,[],22,[],2019-05-11 16:24:42,0.0,0,0,7616279,2019-05-11 16:24:42,,64.16505383,0.0,0,,688775795.8,0.0,0.0,143
0,[],22,[],2019-02-25 15:42:22,0.0,0,0,6783783,2019-02-25 15:42:22,,4.2131946,0.0,0,,2322156.0,0.0,0.0,146
,[],22,[],2018-11-20 23:01:11,0.0,0,0,4862114,2018-11-20 23:01:11,,2.56807021,0.0,,,61828.4988236,0.0,0.0,147
1,[],12,[],2019-04-21 06:38:04,193091.5971266,0.00000071,0.000000000037635183,7388679,2019-04-21 06:38:04,btc,2.301232411611175,0.0,0.00000071,btc,9957.48302385,0.00023528,0.0313308199999888,148
1,[],4,[],2019-03-19 21:31:25,255810.0415942,0.00000029,0.000000000011615747,6982695,2019-03-19 21:31:25,btc,218.94922712414143,0.0,0.00000029,btc,793529.37642722,0.00117,0.0608347789473395,152
0,[],22,[],2019-03-19 21:31:27,0.0,0,0,6982696,2019-03-19 21:31:27,,0.0,0.0,0,,0.0,0.0,0.0,152
1,[],5,[],2019-04-26 09:36:59,0.0,0,0,7465040,2019-04-26 09:36:59,btc,0.0,0.0,0,btc,0.0,0.0,0.0,153
,[],16,[],2019-01-11 15:38:59,0.0,0,0,6366141,2019-01-11 15:38:59,btc,0.0,0.0,,btc,0.0,0.0,0.0,155
0,[],22,[],2019-05-11 16:24:45,0.0,0,0,7616280,2019-05-11 16:24:45,,6.80191271,0.0,0,,4673448.342592592,0.0,0.0,156
0,[],23,[],2019-01-20 23:24:29,0.0,0,0,6476932,2019-01-20 23:24:29,,0.0,0.0,0,,0.0,0.0,0.0,156
1,[],22,[],2019-05-11 16:24:48,7066.0,0.00000800,0.0000000005499952,7616281,2019-05-11 16:24:48,BTC,1.79802465,0.0,0.00000800,BTC,802.6461988741639,0.0,0.00062996,157
0,[],22,[],2019-05-07 22:25:46,0.0,0,0,7574238,2019-05-07 22:25:46,,50234.60468402,0.0,0,,54786159.03179465,0.0,0.0,158
,[],17,[],2018-11-20 22:56:10,0.0,0,0,4861976,2018-11-20 22:56:10,btc,1.1265625,0.0,,btc,1000.0,0.0,0.0,159
,[],20,[],2018-11-20 22:56:12,0.0,0,0,4861977,2018-11-20 22:56:12,btc,11912.7940471,0.0,,btc,34413894.3617,0.0,0.0,159
1,[],12,[],2019-05-11 16:24:50,266352.62612413,0.0000039899999999999999147361727513949603007858968339860439300537109375,0.000000000274310106,7616282,2019-05-11 16:24:50,btc,23.175159707404138,0.0,0.0000039899999999999999147361727513949603007858968339860439300537109375,btc,12626.91716398,3.591e-07,0.0510739542999388,168
1,[],17,[],2019-05-03 01:13:36,42852.0,0.00000002,0.000000000001096006,7559132,2019-05-03 01:13:36,btc,0.04279856251542,0.0,0.00000002,btc,274.46171372,0.0,0.00052852,168
1,[],22,[],2019-05-07 03:57:18,743122.0,0.00000001,0.000000000000593596,7562020,2019-05-07 03:57:18,BTC,41.40912107,0.0,0.00000001,BTC,1593401.2737547632,0.00342649,0.00743122,169
1,[],22,[],2019-05-11 14:59:42,253990.0,0.00000002,0.000000000001355826,7616128,2019-05-11 14:59:42,BTC,27.85781353,0.0,0.00000002,BTC,427283.4662633763,0.00190018,0.0031408,171
1,[],22,[],2019-05-11 14:59:46,262228.2,0.00000012,0.000000000008134956,7616129,2019-05-11 14:59:46,BTC,823.67587575,0.0,0.00000012,"BTC,LTC",700344.1631638748,0.00176455,0.01196682,173
1,[],5,[],2019-05-06 19:49:32,0.0,0,0,7559281,2019-05-06 19:49:32,btc,0.0,0.00023336,0,btc,0.0,0.0,0.0,175
1,[],22,[],2019-05-11 14:59:49,90671.0,0.00000001,0.000000000000677913,7616130,2019-05-11 14:59:49,BTC,394.35459412,0.0,0.00000001,BTC,136275.61833431243,0.0,0.00090671,176
1,[],7,[],2019-05-11 14:59:50,0.0,0,0,7616131,2019-05-11 14:59:50,btc,520274.2870788149,15475.5244755,0,btc,27457332.23673972,0.00015476,0.0,178
0,[],22,[],2019-05-11 14:59:53,0.0,0,0,7616132,2019-05-11 14:59:53,,1.00242428,0.0,0,,57512.0,0.0,0.0,178
0,[],2,[],2019-01-20 23:28:34,0.0,0,0,6477001,2019-01-20 23:28:34,,0.0,0.0,0,,0.0,0.0,0.0,178
1,[],5,[],2019-05-11 14:59:55,0.0,0,0,7616133,2019-05-11 14:59:55,btc,0.0,0.08888162,0,btc,0.0,0.0,0.0,179
1,[],22,[],2019-05-11 14:59:58,3007516.0,0.00000001,0.000000000000677913,7616134,2019-05-11 14:59:58,BTC,5.3359715,0.0,0.00000001,BTC,14191261.911946677,0.0,0.03007516,179
0,[],23,[],2019-01-20 23:25:08,0.0,0,0,6476952,2019-01-20 23:25:08,,0.0,0.0,0,,0.0,0.0,0.0,179
1,[],22,[],2019-05-11 15:02:03,655830.9424768925,0.00000150,0.00000000010168695000000001,7616135,2019-05-11 15:02:03,BTC,39.25953326,0.0,0.00000150,"BTC,LTC",41443.22699342694,0.0001065,0.5760478,180
1,[],26,[],2019-05-11 15:02:03,0.0,0.00000010,0.00000000000677913,7616136,2019-05-11 15:02:03,btc,0.0,1050.0,0.00000010,btc,0.0,0.0,0.0,180
1,[],17,[],2019-05-03 01:13:56,20504.725000000002,0.0000001,0.00000000000548003,7559141,2019-05-03 01:13:56,btc,5.2010695838400265,0.0,0.0000001,btc,5033.45945,0.0,0.0011504725,180
,[],7,[],2018-11-20 22:58:01,562227.975654,0.00000085,0.000000000036176765,4862015,2018-11-20 22:58:01,btc,21836.6059674,2491.87645172,,btc,749999.041456,0.00211021,0.127565380455,183
,[],5,[],2019-01-10 08:11:41,0.0,0,0,6347036,2019-01-10 08:11:41,btc,82.15055501,0.00261,,btc,1.19002445,0.0,0.0,187
1,[],24,[],2019-04-30 17:34:05,0.0,0.000000000014,7.396256000000001e-16,7526291,2019-04-30 17:34:05,btc,0.0,0.0,0.000000000014,btc,0.0,0.0,0.0,187
,[],17,[],2018-11-16 20:58:10,4062536.27273,0.00000001,0.000000000000550501,4708775,2018-11-16 20:58:10,btc,3.36492563466,0.195460381006,,"btc,eth",110697919.549,0.0,0.0157628953496,187
0,[],22,[],2019-04-25 02:54:07,0.0,0,0,7447896,2019-04-25 02:54:07,,7.54794454,0.0,0,,76361.7243344055,0.0,0.0,191
0,[],22,[],2019-05-11 15:02:09,0.0,0,0,7616137,2019-05-11 15:02:09,,0.0,0.0,0,,0.0,0.0,0.0,197
0,[],23,[],2019-01-20 23:31:41,0.0,0,0,6477079,2019-01-20 23:31:41,,0.0,0.0,0,,0.0,0.0,0.0,199
0.0000000001267721,[],22,[],2019-05-11 15:02:13,54733331.0,2.535442e-18,1.718809092546e-22,7616138,2019-05-11 15:02:13,LTC,7.64520347,0.0,0.00000002,LTC,35259414.0,0.0,0.64066281,199
1,[],26,[],2019-05-11 15:02:13,0.0,0.00000000,0,7616139,2019-05-11 15:02:13,btc,0.0,0.0,0.00000000,btc,0.0,0.0,0.0,199
0,[],2,[],2019-01-20 23:30:49,0.0,0,0,6477059,2019-01-20 23:30:49,,0.0,0.0,0,,0.0,0.0,0.0,201
1,[],4,[],2019-01-25 15:51:35,2084389.58565343,0.00000936,0.000000000333526752,6499557,2019-01-25 15:51:35,btc,2.0092503037378524,0.0,0.00000936,btc,160195.80207885,0.19272417,1.242687955921835,211
1,[],7,[],2019-05-11 15:02:16,13868574.86724674,0.00000085,0.000000000057622605,7616140,2019-05-11 15:02:16,btc,15200781.02724408,248199.836044,0.00000085,btc,13036663.05899883,0.0,1.2246738791285119,212
1,[],5,[],2019-05-07 13:02:51,0.0,0,0,7566706,2019-05-07 13:02:51,btc,0.0,0.43032184,0,btc,0.0,0.0,0.0,213
1,[],24,[],2019-05-07 13:02:52,0.0,0.000000050000,0.000000000002968865,7566707,2019-05-07 13:02:52,btc,0.0,0.0,0.000000050000,btc,0.0,0.0,0.0,213
1,[],26,[],2019-05-07 13:02:52,0.0,0.00000040,0.00000000002375092,7566708,2019-05-07 13:02:52,btc,0.0,0.0,0.00000040,btc,0.0,0.0,0.0,213
1,[],12,[],2019-01-25 02:44:32,207462.42853209,0.000001080000000000000035831255497387193287295303889550268650054931640625,0.000000000038610756000000006,6493050,2019-01-25 02:44:32,btc,85023.03793723314,0.0,0.000001080000000000000035831255497387193287295303889550268650054931640625,btc,43675.73520027,0.000146250909087,0.0348620860622024,213
0,[],22,[],2019-05-11 15:02:18,0.0,0,0,7616141,2019-05-11 15:02:18,,9.58164616,0.0,0,,2460817.094064925,0.0,0.0,216
0,[],27,[],2019-05-11 15:02:32,0.0,0,0,7616142,2019-05-11 15:02:32,,62.36580710733932,4515.0,0,"btc,ltc",224430.947308,4.515e-05,0.0,216
1,[],22,[],2019-05-11 15:02:35,304488.94575045205,0.00000079,0.000000000053555127000000005,7616143,2019-05-11 15:02:35,BTC,12054.94193241,0.0,0.00000079,BTC,434292.4018687838,0.00797893,0.03797211,217
1,[],7,[],2019-05-11 15:02:36,0.0,0,0,7616144,2019-05-11 15:02:36,btc,111302.55947335159,0.0,0,btc,136862970.83745575,0.0,0.0,219
0,[],27,[],2019-05-11 15:02:44,0.0,0,0,7616145,2019-05-11 15:02:44,,0.06997067,0.0,0,btc,1753528.0,0.0,0.0,219
0.0000000000000038,[],28,[],2019-05-11 15:03:28,552985890.83,2.4700000000000003e-18,1.67444511e-22,7616146,2019-05-11 15:03:28,doge,3651185.568400157,15359.0,0.00065000,"btc,doge",45529124.3823,0.0,2.0763938774559718e-11,219
1,[],22,[],2019-05-11 15:03:31,381170.0,0.00000004,0.000000000002711652,7616147,2019-05-11 15:03:31,BTC,56.7649867,0.0,0.00000004,BTC,131552.84827387411,0.0,0.0123008,221
1,[],24,[],2019-05-11 15:03:32,0.0,0.000000010000,0.000000000000677913,7616148,2019-05-11 15:03:32,btc,0.0,0.0,0.000000010000,btc,0.0,0.0,0.0,221
1,[],20,[],2019-05-11 15:03:33,15529202.6192,0.000000012,0.0000000000008134956,7616149,2019-05-11 15:03:33,btc,100091.60071606544,555022.816,0.000000012,btc,25154064.1583,0.0062415873151,0.1107493680253,224
0,[],22,[],2019-05-11 15:03:36,0.0,0,0,7616150,2019-05-11 15:03:36,,0.0,0.0,0,,0.0,0.0,0.0,224
1,[],26,[],2019-05-11 15:03:36,0.0,0.00000026,0.000000000017625738,7616151,2019-05-11 15:03:36,btc,0.0,0.0,0.00000026,btc,0.0,0.0,0.0,231
1,[],26,[],2019-05-11 15:03:36,0.0,0.00000005,0.000000000003389565,7616152,2019-05-11 15:03:36,btc,0.0,200.0,0.00000005,btc,0.0,0.0,0.0,234
0,[],27,[],2019-05-11 15:03:42,0.0,0,0,7616153,2019-05-11 15:03:42,,0.01134836604,0.0,0,"btc,eth",11462.996,0.0,0.0,234
1,[],4,[],2019-04-29 21:02:20,217188.93193785,0.00000080,0.00000000004151584,7514327,2019-04-29 21:02:20,btc,5.239800103892936,0.0,0.00000080,btc,797346.30008933,0.0,0.0590549781555679,236
1,[],24,[],2019-04-29 21:02:20,0.0,0.000000100000,0.00000000000518948,7514328,2019-04-29 21:02:20,btc,0.0,0.0,0.000000100000,btc,0.0,0.0,0.0,236
1,[],5,[],2019-05-06 20:53:15,0.0,0,0,7559637,2019-05-06 20:53:15,btc,0.0,0.20253514,0,btc,0.0,0.0,0.0,237
1,[],20,[],2019-05-06 20:53:18,38173217.6136,0.000000083,0.0000000000047460728,7559638,2019-05-06 20:53:18,btc,21342.514614200165,8832375.7238,0.000000083,btc,27701499.3386,0.7554403456107,1.3621107610479,237
1,[],22,[],2019-05-06 20:53:20,343938.0,0.00000009,0.000000000005146344,7559639,2019-05-06 20:53:20,BTC,1.20267422,0.0,0.00000009,BTC,17930.94871794872,0.0,0.01017442,237
1,[],4,[],2019-05-11 15:03:43,9202936.35055005,0.00000015,0.000000000010168695,7616154,2019-05-11 15:03:43,btc,3.385265470817516,0.0,0.00000015,btc,9332107.55957751,0.14733556,0.8248438868075795,238
1,[],5,[],2019-05-11 15:03:44,0.0,0,0,7616155,2019-05-11 15:03:44,btc,0.0,0.00486577,0,btc,0.0,0.0,0.0,238
0,[],22,[],2019-03-12 16:49:32,0.0,0,0,6914458,2019-03-12 16:49:32,,0.40415746,0.0,0,,526736.5639027493,0.0,0.0,249
0,[],22,[],2019-05-11 15:03:47,0.0,0,0,7616156,2019-05-11 15:03:47,,4.53616,0.0,0,,39012346.69978836,0.0,0.0,252
1,[],28,[],2019-05-11 15:04:16,41493178.22,0.0000003,0.00000000002033739,7616157,2019-05-11 15:04:16,btc,43892.03255388141,191281.9712,0.0000003,btc,2991387.1132,0.0,0.56986450382,256
1,[],22,[],2019-05-11 15:04:19,1088993.5,0.00000002,0.000000000001355826,7616158,2019-05-11 15:04:19,BTC,21.88116616,0.0,0.00000002,BTC,522884.63333384093,0.0,0.01124633,258
1,[],22,[],2019-03-13 00:07:30,47146.0,0.00000001,0.000000000000387233,6917028,2019-03-13 00:07:30,BTC,2.415167,0.0,0.00000001,BTC,157.0,0.0,0.00047146,259
1,[],5,[],2019-05-11 15:04:21,0.0,0,0,7616159,2019-05-11 15:04:21,btc,0.0,0.25765446,0,btc,0.0,0.0,0.0,264
1,[],20,[],2019-05-11 15:04:22,1246154.8437,0.000000512,0.0000000000347091456,7616160,2019-05-11 15:04:22,btc,4.9328496825569,70259.7779,0.000000512,btc,87941.8317,0.0820502481776,0.0181455279738,264
0,[],22,[],2019-04-12 17:57:27,0.0,0,0,7278186,2019-04-12 17:57:27,,66.37522201,0.0,0,,677842.4169881374,0.0,0.0,271
0,[],22,[],2019-05-11 15:04:25,0.0,0,0,7616161,2019-05-11 15:04:25,,33051802.3172899,0.0,0,,15696307799.7,0.0,0.0,272
0.0000000000000038,[],28,[],2019-05-11 15:04:54,268899238682.584,2.242e-21,1.519880946e-25,7616162,2019-05-11 15:04:54,doge,26560079.436544094,8613715454.0699,0.00000059,doge,366066569760.476,0.0,2.001580235472773e-10,272
1,[],22,[],2019-05-11 15:04:57,127494.9,0.0000001,0.00000000000677913,7616163,2019-05-11 15:04:57,BTC,427.36616185,0.0,0.0000001,BTC,251562.95264460208,0.00053887,0.0039353,281
1,[],22,[],2019-05-11 15:05:03,407780.6,0.00000002,0.000000000001355826,7616164,2019-05-11 15:05:03,BTC,1.5018122,0.0,0.00000002,"BTC,LTC",527767.8256135201,0.00632526,0.01330693,286
0,[],22,[],2019-05-11 15:05:06,0.0,0,0,7616165,2019-05-11 15:05:06,,7337892.75526966,0.0,0,,1388519262.7797825,0.0,0.0,294
