pairValue,buyBook,exchangeId,sellBook,updated,buyTotal,satoshiPrice,usdPrice,exchangeLogId,created,bestPair,sellTotalBtc,volume,pairPrice,activePairs,sellTotal,volumeBtc,buyTotalBtc,coinId
0,[],2,[],2019-01-20 23:28:45,0.0,0,0,6477011,2019-01-20 23:28:45,,0.0,0.0,0,,0.0,0.0,0.0,1
1,[],3,[],2019-03-04 06:08:05,30533.578247030862,0.0126456199999999997773958426705576130189001560211181640625,0.000000470362687834,6839009,2019-03-04 06:08:05,btc,61.10690391853635,0.04120148,0.0126456199999999997773958426705576130189001560211181640625,btc,24.827153140799002,0.0,0.22813884928801348,1
1,[],4,[],2019-03-04 06:08:06,208063.45289322,0.01276274,0.000000474719048218,6839010,2019-03-04 06:08:06,btc,9.422636436444208,0.0,0.01276274,btc,278.41386989,0.70617262,3.079859474494246,1
1,[],5,[],2019-03-04 06:08:09,0.0,0,0,6839011,2019-03-04 06:08:09,btc,0.0,0.15637105,0,btc,0.0,0.0,0.0,1
1,[],10,[],2019-03-04 06:08:11,414697.87993612,0.01100001,0.000000409153071957,6839012,2019-03-04 06:08:11,btc,6522.553818414552,1132.82634075,0.01100001,btc,1129.30465187,0.0,5.778864470973615,1
1,[],12,[],2019-03-04 06:08:14,10499.55730671,0.01267000000000000070610184366159955970942974090576171875,0.00000047126951900000007,6839013,2019-03-04 06:08:14,btc,0.5351714884559,0.0,0.01267000000000000070610184366159955970942974090576171875,btc,32.85440264,0.0384623965414,0.4871475700597,1
1,[],20,[],2019-03-04 06:08:16,1151.0583,0.010500212,0.00000039056273548840004,6839014,2019-03-04 06:08:16,btc,0.0652474044918,0.0347,0.010500212,btc,3.0899,0.00043722,0.0899620500051,1
1,[],21,[],2019-03-04 06:08:17,2261.76769882,0.01267667999999999919880089294,0.000000471517986276,6839015,2019-03-04 06:08:17,btc,18.410380820081475,2887.22254312,0.0126766799999999991988008929411080316640436649322509765625,"btc,eth",2166.94768399,34.579278702627725,22.324829484446045,1
1,[],22,[],2019-03-04 06:08:21,0.006382215384615385,0.01300000,0.0000004835441,6839016,2019-03-04 06:08:21,BTC,0.31439419,0.0,0.01300000,BTC,0.12751438772928525,0.0,7.978e-05,1
1,[],24,[],2019-03-04 06:08:21,0.0,0.000000000000,0,6839017,2019-03-04 06:08:21,btc,0.0,0.0,0.000000000000,btc,0.0,0.0,0.0,1
0.0,[],25,[],2019-03-04 06:08:22,0.0,0,0,6839018,2019-03-04 06:08:22,btc,30.987499997936265,628.43102556,0.0,btc,2391.10868837,8.0661,0.0,1
1,[],26,[],2019-03-04 06:08:40,0.0,0,0,6839019,2019-03-04 06:08:40,,0.0,0.0,0,,0.0,0.0,0.0,1
1,[],28,[],2019-03-04 06:08:42,993.142,0.01323000,0.0000004920991110000001,6839020,2019-03-04 06:08:42,btc,0.162839806,18108.45,0.01323000,btc,8.9,0.0,0.089302756,1
1,[],5,[],2019-03-04 06:08:44,0.0,0,0,6839021,2019-03-04 06:08:44,btc,0.0,0.00342052,0,btc,0.0,0.0,0.0,2
0.00000000012683730000000002,[],22,[],2019-03-04 06:08:47,1148.0,1.3952103e-16,5.189582375571001e-21,6839022,2019-03-04 06:08:47,XMR,21.01373823,0.0,0.00000110,XMR,14319.12581,0.0,0.00087635,2
1,[],5,[],2019-03-04 06:08:48,0.0,0,0,6839023,2019-03-04 06:08:48,btc,0.0,1.6508956,0,btc,0.0,0.0,0.0,3
1,[],12,[],2019-03-04 06:08:50,13058719.518,0.000000177,0.000000000006583638900000001,6839024,2019-03-04 06:08:50,btc,924384.524268951,0.0,0.000000177,btc,7959593.29476674,0.07824682288663844,0.6761155274414,3
0,[],28,[],2019-03-04 06:08:51,0.0,0,0,6839025,2019-03-04 06:08:51,,0.0,0.0,0,,0.0,0.0,0.0,3
0,[],2,[],2019-01-20 23:31:32,0.0,0,0,6477077,2019-01-20 23:31:32,,0.0,0.0,0,,0.0,0.0,0.0,4
1,[],4,[],2019-03-04 06:08:53,377013.45143067,0.00000032,0.000000000011902624000000002,6839026,2019-03-04 06:08:53,btc,31.987078666479317,0.0,0.00000032,btc,710818.67186142,0.0,0.0479187894946875,4
1,[],12,[],2019-03-03 08:44:09,1180125.33333333,0.00000003,0.000000000001145421,6831890,2019-03-03 08:44:09,btc,11013925.646093752,0.0,0.00000003,btc,1477604.32371984,0.000140961988012,0.0166964599999999,5
0,[],2,[],2019-01-20 23:31:51,0.0,0,0,6477087,2019-01-20 23:31:51,,0.0,0.0,0,,0.0,0.0,0.0,6
1,[],11,[],2019-03-04 06:08:54,6476884.5,0.00000002,0.0000000000007439140000000001,6839027,2019-03-04 06:08:54,btc,9568.200630782814,400000.0,0.00000002,btc,41552632.07452957,0.0,0.097012525,6
1,[],3,[],2019-03-04 06:08:56,1072.856293592546,0.0001510899999999999916699966462374504772014915943145751953125,0.000000005619898313,6839028,2019-03-04 06:08:56,btc,28.402034233092024,0.0,0.0001510899999999999916699966462374504772014915943145751953125,btc,243.122414578101,0.0,0.03202593781665577,7
0,[],4,[],2019-03-04 06:10:56,0.0,0,0,6839029,2019-03-04 06:10:56,,0.0,0.0,0,,0.0,5.00169113,0.0,7
1,[],5,[],2019-03-04 06:10:58,0.0,0,0,6839030,2019-03-04 06:10:58,btc,0.0,0.73723641,0,btc,0.0,0.0,0.0,7
1,[],20,[],2019-02-20 02:16:17,39399275.8418,0.000000001,0.0000000000000390183,6728586,2019-02-20 02:16:17,btc,116.9737569154545,525.0,0.000000001,btc,56932965.8895,5.25e-07,0.0393992758418,8
0,[],2,[],2019-01-20 23:22:42,0.0,0,0,6476876,2019-01-20 23:22:42,,0.0,0.0,0,,0.0,0.0,0.0,9
0,[],23,[],2019-01-20 23:22:48,0.0,0,0,6476878,2019-01-20 23:22:48,,0.0,0.0,0,,0.0,0.0,0.0,9
1,[],1,[],2019-02-17 23:31:42,1822507.21,0.00000181000000000000003456111265232042484285557293333113193511962890625,0.000000000066086901,6701244,2019-02-17 23:31:42,btc,3.6990969245,17153386.5,0.00000181000000000000003456111265232042484285557293333113193511962890625,btc,1997391.71,31.11772986,3.2610482446,9
1,[],4,[],2019-03-04 06:11:01,2037729.74578818,0.00000165,0.00000000006137290500000001,6839031,2019-03-04 06:11:01,btc,6.644942837250441,0.0,0.00000165,btc,2945961.87203808,1.49516934,0.7736127458060917,9
1,[],28,[],2019-03-04 06:11:03,47563.15,0.00000166,0.000000000061744862,6839032,2019-03-04 06:11:03,btc,2708.761281370583,3626979.9,0.00000166,btc,11954.1497,0.0,0.050224829,9
1,[],4,[],2019-02-17 11:22:43,4341674.27126056,0.00000002,0.0000000000007272960000000001,6696112,2019-02-17 11:22:43,btc,0.1997230937751353,0.0,0.00000002,btc,4109766.79808031,0.00215132,0.0479381022052112,10
0,[],2,[],2019-01-20 23:23:08,0.0,0,0,6476890,2019-01-20 23:23:08,,0.0,0.0,0,,0.0,0.0,0.0,12
1,[],4,[],2019-03-04 06:11:04,6097959.65790142,0.00000120,0.00000000004463484,6839033,2019-03-04 06:11:04,btc,12.101760073572274,0.0,0.00000120,btc,6363298.85077211,2.76835878,3.4897872464908235,12
1,[],5,[],2019-03-04 06:11:07,0.0,0,0,6839034,2019-03-04 06:11:07,btc,0.0,0.25571619,0,btc,0.0,0.0,0.0,12
0.0,[],25,[],2019-03-04 06:11:08,0.0,0,0,6839035,2019-03-04 06:11:08,,0.0,0.0,0.0,btc,0.0,0.0,0.0,12
1,[],4,[],2019-03-04 06:11:09,31929852.5942219,0.00000541,0.000000000201228737,6839036,2019-03-04 06:11:09,btc,2.8983593569961594,0.0,0.00000541,btc,404690.34050062,0.32215381,0.7034243944526913,13
1,[],10,[],2019-03-04 06:11:11,417724.55104988,0.00000531,0.00000000019750916700000002,6839037,2019-03-04 06:11:11,btc,666802.6102171217,13063.4287586,0.00000531,btc,745813.42023967,0.0,0.2421819599690528,13
1,[],21,[],2019-03-04 06:11:13,964934.73037034,0.000005710000000000000387474340807,0.00000000021238744700000003,6839038,2019-03-04 06:11:13,btc,6.196023575406848,825251.67242112,0.0000057100000000000003874743408072145456344514968805015087127685546875,btc,982964.48593617,4.66450331,5.094406756141108,13
1,[],12,[],2019-03-04 06:11:15,221836.8748086,0.00000137000000000000001212029608621545406776931486092507839202880859375,0.000000000050958109000000005,6839040,2019-03-04 06:11:15,btc,5.291274776387474,0.0,0.00000137000000000000001212029608621545406776931486092507839202880859375,btc,31238.09057434,0.00029509,0.032927939999874,14
0,[],17,[],2019-03-04 06:11:27,0.0,0,0,6839041,2019-03-04 06:11:27,btc,0.0,0.0,0,btc,0.0,0.0,0.0,14
1,[],26,[],2019-03-04 06:11:27,0.0,0.00000050,0.000000000018597850000000002,6839042,2019-03-04 06:11:27,btc,0.0,0.0,0.00000050,btc,0.0,0.0,0.0,14
1,[],4,[],2019-03-04 06:11:14,739527.09197716,0.00000150,0.00000000005579355,6839039,2019-03-04 06:11:14,btc,53.25661233476295,0.0,0.00000150,btc,896988.22522017,0.00505382,0.2004223915828994,14
0,[],4,[],2019-03-04 06:11:28,0.0,0,0,6839043,2019-03-04 06:11:28,,0.0,0.0,0,,0.0,0.0,0.0,15
,[],12,[],2018-12-01 15:15:48,204241.84496,0.00000489,0.000000000202473384,5260204,2018-12-01 15:15:48,btc,49.5475654835,0.0,,btc,35763.2193806,0.0163153972027625,0.0203389899998,15
1,[],4,[],2019-03-04 06:11:30,24757.77030528,0.00001760,0.00000000065464432,6839044,2019-03-04 06:11:30,btc,1.3534811292397475,0.0,0.00001760,btc,15584.98376987,0.01533328,0.0620691153805061,18
1,[],10,[],2019-03-04 06:11:32,782280.46083752,0.00001725,0.000000000641625825,6839045,2019-03-04 06:11:32,btc,15.392966344627524,7406.69477814,0.00001725,btc,13646.34525066,0.0,0.121452117415303,18
1,[],12,[],2019-03-04 06:11:33,193002.32230721,0.00001701999999999999967450516058509180084001854993402957916259765625,0.000000000633070814,6839046,2019-03-04 06:11:33,btc,23.630792615630128,0.0,0.00001701999999999999967450516058509180084001854993402957916259765625,btc,1884.0734013,1.985214e-06,0.0314350460211783,18
0,[],2,[],2019-01-20 23:23:38,0.0,0,0,6476906,2019-01-20 23:23:38,,0.0,0.0,0,,0.0,0.0,0.0,18
0,[],17,[],2019-03-04 04:00:19,0.0,0,0,6838265,2019-03-04 04:00:19,btc,0.0,0.0,0,btc,0.0,0.0,0.0,18
1,[],3,[],2019-03-04 06:11:35,118540.92624607914,0.000020100000000000000678623823802126935333944857120513916015625,0.0000000007476335700000001,6839047,2019-03-04 06:11:35,btc,0.5053395500644071,0.027510917031,0.000020100000000000000678623823802126935333944857120513916015625,btc,7948.069401496711,0.0,0.03403504913392749,19
1,[],4,[],2019-03-04 06:11:37,415825.08751533,0.00002122,0.0000000007892927540000001,6839048,2019-03-04 06:11:37,btc,2.233999683086342,0.0,0.00002122,btc,70519.03773252,0.35857339,2.417921955584823,19
1,[],5,[],2019-03-04 06:11:38,0.0,0,0,6839049,2019-03-04 06:11:38,btc,0.0,0.0,0,btc,0.0,0.0,0.0,19
1,[],12,[],2019-03-04 06:11:39,135160.00217155,0.00001841999999999999982291075395490764776695868931710720062255859375,0.000000000685144794,6839050,2019-03-04 06:11:39,btc,0.11083781596058791,0.0,0.00001841999999999999982291075395490764776695868931710720062255859375,btc,380.56200924,0.002388503638107,0.118622209999951,19
0,[],27,[],2019-03-04 06:11:42,0.0,0,0,6839051,2019-03-04 06:11:42,,0.0,0.0,0,btc,0.0,0.0,0.0,19
0,[],2,[],2019-01-20 23:24:19,0.0,0,0,6476924,2019-01-20 23:24:19,,0.0,0.0,0,,0.0,0.0,0.0,19
1,[],4,[],2019-03-04 06:11:43,2774085.15353403,0.00000013,0.0000000000048354410000000004,6839052,2019-03-04 06:11:43,btc,7.37869139072158,0.0,0.00000013,btc,2856404.97012105,0.0,0.0773367122838264,20
1,[],4,[],2019-03-04 06:11:45,103956136.13937023,0.00000002,0.0000000000007439140000000001,6839053,2019-03-04 06:11:45,btc,1803.1981043602282,0.0,0.00000002,btc,55490787.80039335,0.0,1.1668631666680451,21
1,[],12,[],2019-03-04 06:11:46,17916951.0,0.00000002,0.0000000000007439140000000001,6839054,2019-03-04 06:11:46,btc,670.8733402334847,0.0,0.00000002,btc,8127598.32857329,0.0,0.23057926,21
0,[],17,[],2019-03-04 06:01:31,0.0,0,0,6838859,2019-03-04 06:01:31,btc,0.0,0.0,0,btc,0.0,0.0,0.0,21
1,[],12,[],2019-03-04 06:11:48,3142393920.531895,0.0000000001,0.0000000000000037195700000000006,6839055,2019-03-04 06:11:48,btc,975865846090.4739,0.0,0.0000000001,btc,5120334744.544671,0.020282904942602,0.3142393920531895,23
0,[],27,[],2019-03-04 06:11:51,0.0,0,0,6839056,2019-03-04 06:11:51,,13.503633221578426,0.0,0,eth,2004616.85364636,0.0,0.0,23
1,[],4,[],2019-03-04 06:11:53,468391.91414631,0.00000043,0.000000000015994151,6839057,2019-03-04 06:11:53,btc,8.619008947253475,0.0,0.00000043,btc,1524069.05514393,0.00492028,0.1401509452404261,24
1,[],22,[],2019-03-04 06:11:56,11.76,0.00000100,0.000000000037195700000000004,6839058,2019-03-04 06:11:56,BTC,7.415e-05,0.0,0.00000100,BTC,23.919354838709676,0.0,1.176e-05,24
0.0,[],25,[],2019-03-04 06:11:57,0.0,0,0,6839059,2019-03-04 06:11:57,,0.0,0.0,0.0,btc,0.0,0.0,0.0,24
1,[],4,[],2019-03-04 06:11:59,26581530.1732296,0.00000638,0.000000000237308566,6839060,2019-03-04 06:11:59,btc,102.66611097819462,0.0,0.00000638,btc,245190.22655701,0.09460081,0.4579102405943679,26
1,[],10,[],2019-03-04 06:12:01,686525.23867249,0.00000603,0.000000000224290071,6839061,2019-03-04 06:12:01,btc,26.126992769985932,3496.39460132,0.00000603,btc,14162.80731636,0.0,0.2272716100949004,26
0,[],2,[],2019-01-20 23:25:56,0.0,0,0,6476976,2019-01-20 23:25:56,,0.0,0.0,0,,0.0,0.0,0.0,26
1,[],3,[],2019-03-04 06:12:02,5524918.88133568,0.00000001,0.00000000000037195700000000005,6839062,2019-03-04 06:12:02,btc,2.161285153509361,4650.908,0.00000001,btc,17601794.18684187,0.0,0.0552491888133568,27
1,[],5,[],2019-03-04 06:12:04,0.0,0,0,6839063,2019-03-04 06:12:04,btc,0.0,0.00010834,0,btc,0.0,0.0,0.0,27
1,[],11,[],2019-03-04 06:12:05,9470054.891515061,0.00000005,0.000000000001859785,6839064,2019-03-04 06:12:05,btc,67506.38088715188,21889.311987,0.00000005,btc,7980367.26084264,0.0,0.4414030388653851,27
1,[],4,[],2019-03-04 06:12:06,1525382601.4445128,0.00000002,0.0000000000007439140000000001,6839065,2019-03-04 06:12:06,btc,2.815977746802715,0.0,0.00000002,"btc,ltc",201752801.0482549,0.17121009,12.20135547908331,29
1,[],7,[],2019-03-04 06:01:47,35363805.85823195,0.00000002,0.00000000000074593,6838871,2019-03-04 06:01:47,btc,44462590.65975729,1129640.45263,0.00000002,btc,45639820.78444726,0.03386493,0.377089069029561,29
1,[],4,[],2019-03-04 06:12:07,2076164.12359091,0.00000022,0.000000000008183054,6839066,2019-03-04 06:12:07,btc,2.336278166612525,0.0,0.00000022,btc,1581924.06026313,0.03330773,0.0660207596638938,30
0,[],17,[],2019-03-04 05:14:32,0.0,0,0,6838680,2019-03-04 05:14:32,btc,0.0,0.0,0,btc,0.0,0.0,0.0,30
1,[],4,[],2019-03-04 06:12:20,185697.00081939,0.00007218,0.000000002684785626,6839067,2019-03-04 06:12:20,btc,12.425060996753986,0.0,0.00007218,btc,83262.38170012,5.94528771,2.2181078161711456,31
1,[],21,[],2019-03-04 06:12:20,95591.73976657,0.00007726999999999999710689757570,0.0000000028741117390000003,6839068,2019-03-04 06:12:20,btc,10.45162692496512,1609534.17512095,0.0000772699999999999971068975757049202002235688269138336181640625,btc,122955.51463949,110.51786365,6.3543067489488285,31
0,[],2,[],2019-01-20 23:28:43,0.0,0,0,6477009,2019-01-20 23:28:43,,0.0,0.0,0,,0.0,0.0,0.0,32
1,[],4,[],2019-03-04 06:12:21,409985434.5130492,0.00000004,0.0000000000014878280000000002,6839069,2019-03-04 06:12:21,btc,12.190553034619446,0.0,0.00000004,"btc,ltc",221693476.6692762,5.15399138,9.186045216914737,33
1,[],12,[],2019-03-04 06:12:22,16267530.83366667,0.00000004,0.0000000000014878280000000002,6839070,2019-03-04 06:12:22,btc,35634736.15150859,0.0,0.00000004,btc,96235702.46653338,0.444403165654346,0.30696791668000006,33
1,[],4,[],2019-03-04 06:12:23,112989805.09425624,0.00000001,0.00000000000037195700000000005,6839071,2019-03-04 06:12:23,btc,3.6192111464321814,0.0,0.00000001,btc,99886279.21173152,0.05436654,1.1298980509425622,34
1,[],5,[],2019-03-04 06:12:25,0.0,0,0,6839072,2019-03-04 06:12:25,btc,0.0,0.01928823,0,btc,0.0,0.0,0.0,34
0.00000000012415580000000002,[],4,[],2019-03-04 06:12:26,1808651406.2363334,2.483116e-18,9.236123780120002e-23,6839073,2019-03-04 06:12:26,ltc,5.341287893562065e-08,0.0,0.00000002,ltc,7186524391.7617,0.0,2.5075590947595148e-09,36
1,[],5,[],2019-03-04 06:12:29,0.0,0,0,6839074,2019-03-04 06:12:29,btc,0.0,0.0,0,btc,0.0,0.0,0.0,36
0,[],17,[],2019-03-04 06:12:42,0.0,0,0,6839075,2019-03-04 06:12:42,btc,0.0746458232965017,0.0,0,btc,4103573.70243647,0.0,0.0,36
0.0000000003407275,[],27,[],2019-03-04 06:12:44,1090000.0,3.407275e-18,1.267359787175e-22,6839076,2019-03-04 06:12:44,eth,222.5997971062634,0.0,0.00000001,"ltc,eth",11163566.48751039,0.0,1.4693698740000002e-12,36
1,[],4,[],2019-03-04 06:12:45,228453.74008889,0.00000061,0.000000000022689377,6839077,2019-03-04 06:12:45,btc,19772.480331554147,0.0,0.00000061,btc,557242.61258906,0.02948662,0.0984776880301112,37
1,[],12,[],2019-03-04 06:12:46,551244.06128218,0.0000006,0.00000000002231742,6839078,2019-03-04 06:12:46,btc,1345.8338612298724,0.0,0.0000006,btc,974639.74636767,0.0181573383640697,0.1600184199999989,37
1,[],17,[],2019-03-04 06:12:48,1752.74075282,0.00000025,0.000000000009298925,6839079,2019-03-04 06:12:48,btc,0.055484923983814376,0.0,0.00000025,btc,1387.19918473,0.0,0.00043818518820499993,37
1,[],27,[],2019-03-04 06:12:50,14685.567,0.00000045,0.000000000016738065,6839080,2019-03-04 06:12:50,btc,25.82157785111233,0.0,0.00000045,btc,6804.86438508,0.0,0.00480032515,37
1,[],5,[],2019-03-04 06:12:51,0.0,0,0,6839081,2019-03-04 06:12:51,btc,0.0,0.04845234,0,btc,0.0,0.0,0.0,42
1,[],12,[],2019-03-04 06:12:52,261033.11253813,0.00000098,0.000000000036451786,6839082,2019-03-04 06:12:52,btc,94.64774126201479,0.0,0.00000098,btc,99451.6548526,0.0167980449700589,0.0669480525119005,42
0.0000000003407275,[],27,[],2019-03-04 06:12:55,2000.0,3.407275e-18,1.267359787175e-22,6839083,2019-03-04 06:12:55,eth,0.00315028,0.0,0.00000001,"btc,eth",11.007,0.0,6.81455e-15,42
1,[],5,[],2019-03-04 06:02:34,0.0,0,0,6838889,2019-03-04 06:02:34,btc,0.0,0.0,0,btc,0.0,0.0,0.0,43
1,[],12,[],2019-03-04 06:02:35,1209361.0,0.00000001,0.000000000000372965,6838890,2019-03-04 06:02:35,btc,3569.074552336114,0.0,0.00000001,btc,11768494.65174823,0.0,0.01209361,43
0,[],17,[],2019-03-04 05:15:22,0.0,0,0,6838698,2019-03-04 05:15:22,btc,0.0,0.0,0,btc,0.0,0.0,0.0,43
1,[],12,[],2019-03-04 06:02:47,647534.0,0.00000004,0.00000000000149186,6838891,2019-03-04 06:02:47,btc,11116042.72813873,0.0,0.00000004,btc,1103841.4595604,6.3265734264e-06,0.01530375,44
1,[],4,[],2019-03-04 06:12:56,290713789.7324073,0.00000002,0.0000000000007439140000000001,6839084,2019-03-04 06:12:56,btc,473.6502537076281,0.0,0.00000002,"btc,ltc",12388074.85825513,0.00212803,0.1978038389519426,49
0,[],4,[],2019-03-04 06:12:57,0.0,0,0,6839085,2019-03-04 06:12:57,,25.56813393511637,0.0,0,,9647272818.68058,0.0,0.0,52
0.00000000012683730000000002,[],22,[],2019-03-04 06:13:01,80845862.0,1.268373e-18,4.717802159610001e-23,6839086,2019-03-04 06:13:01,XMR,4366.97466637,0.0,0.00000001,XMR,255820234.67882353,0.0,0.80845862,57
0.0000000003407275,[],27,[],2019-03-04 06:13:03,2000.0,3.407275e-18,1.267359787175e-22,6839087,2019-03-04 06:13:03,eth,0.0,0.0,0.00000001,"btc,eth",0.0,0.0,6.81455e-15,57
0.00000000012415580000000002,[],4,[],2019-03-04 06:13:04,905841811.1593333,3.724674e-18,1.3854185670180002e-22,6839088,2019-03-04 06:13:04,ltc,18.807185460166163,0.0,0.00000003,ltc,4122637865.006152,0.0,2.148148108004831e-09,58
1,[],12,[],2019-03-04 06:13:06,1784498683.8439572,0.0000000004,0.000000000000014878280000000002,6839089,2019-03-04 06:13:06,btc,224012809183.4786,0.0,0.0000000004,btc,3833871698.654714,0.003746285335064935,0.5889453577011392,58
0,[],17,[],2019-03-04 06:13:08,0.0,0,0,6839090,2019-03-04 06:13:08,btc,1e+24,0.0,0,btc,49306342.21952568,0.0,0.0,58
0.00000000012683730000000002,[],22,[],2019-03-04 06:13:11,137438.0,1.268373e-18,4.717802159610001e-23,6839091,2019-03-04 06:13:11,XMR,69.8835922,0.0,0.00000001,XMR,9887963.0,0.0,0.00137438,58
1,[],5,[],2019-03-04 06:13:13,0.0,0,0,6839092,2019-03-04 06:13:13,btc,0.0,0.04428218,0,btc,0.0,0.0,0.0,61
1,[],22,[],2019-03-04 06:13:16,13759.5,0.00000012,0.0000000000044634840000000006,6839093,2019-03-04 06:13:16,BTC,1002.29597012,0.0,0.00000012,BTC,14947.700278135757,0.0,0.00155017,61
1,[],26,[],2019-03-04 06:13:16,0.0,0.00000800,0.00000000029756560000000003,6839094,2019-03-04 06:13:16,btc,0.0,0.0,0.00000800,btc,0.0,0.0,0.0,61
1,[],27,[],2019-03-04 06:13:18,4432.7701,0.00000046,0.000000000017110022000000003,6839095,2019-03-04 06:13:18,btc,7.76072757961638,0.0,0.00000046,"btc,eth",19950.11257617,0.0,0.0012450174688659215,61
1,[],28,[],2019-03-04 06:15:19,13880.304,0.0000005,0.000000000018597850000000002,6839096,2019-03-04 06:15:19,btc,2.056312978300105,871.0,0.0000005,btc,9730.59500005,0.0,0.00566391304,61
1,[],4,[],2019-03-04 06:15:20,1416847.0244658,0.00000280,0.00000000010414796000000001,6839097,2019-03-04 06:15:20,btc,11.264091163637048,0.0,0.00000280,btc,796548.04088902,0.14313815,1.396837088605293,67
0.0,[],25,[],2019-03-04 06:15:21,0.0,0,0,6839098,2019-03-04 06:15:21,,0.0,0.0,0.0,btc,0.0,0.0,0.0,67
1,[],12,[],2019-03-04 06:15:23,1790834.21899998,0.00000021,0.000000000007811097,6839099,2019-03-04 06:15:23,btc,11115899.044292796,0.0,0.00000021,btc,2220690.74229102,0.0004203276323687,0.0821141464411078,71
,[],5,[],2018-11-20 23:02:39,1.5e-07,0.00000005,0.000000000002128045,4862160,2018-11-20 23:02:39,btc,2.84511358,0.0,,btc,0.00036572,0.0,0.07381892,74
1,[],5,[],2019-03-04 06:15:24,0.0,0,0,6839100,2019-03-04 06:15:24,btc,0.0,0.0,0,btc,0.0,0.0,0.0,75
1,[],4,[],2019-03-04 06:15:26,15984338.899575,0.00000001,0.00000000000037195700000000005,6839101,2019-03-04 06:15:26,btc,11388.971513954408,0.0,0.00000001,btc,39319058.17822428,0.00077802,0.15984338899575,81
0,[],20,[],2019-01-25 09:30:31,0.0,0,0,6495923,2019-01-25 09:30:31,btc,0.0,0.0,0,btc,0.0,0.0,0.0,81
1,[],4,[],2019-03-04 06:15:29,28837.12160156,0.00007997,0.000000002974540129,6839102,2019-03-04 06:15:29,btc,17.723122081345537,0.0,0.00007997,btc,12362.46804905,0.05097132,0.2143280389464356,82
1,[],21,[],2019-03-04 06:15:29,288019.59607611,0.00007299999999999999902595276824,0.0000000027152861,6839103,2019-03-04 06:15:29,btc,1.9295221824598159,6141.25387963,0.000072999999999999999025952768239022816487704403698444366455078125,btc,21756.12039778,0.44937468,4.156998350598302,82
0,[],17,[],2019-03-04 05:16:07,0.0,0,0,6838720,2019-03-04 05:16:07,btc,0.0447233088476774,0.0,0,btc,999127.19588126,0.0,0.0,84
0.00000000012415580000000002,[],4,[],2019-03-04 06:15:42,122690537.37462391,3.724674e-18,1.3854185670180002e-22,6839104,2019-03-04 06:15:42,ltc,1.7494931099932929,0.0,0.00000003,ltc,410376067.4156315,0.0,2.516927121664975e-10,85
,[],22,[],2018-11-20 23:09:34,3408.1,0.0000001,0.0000000000041895,4862324,2018-11-20 23:09:34,BTC,0.04624735,0.0,,BTC,4990.0,0.0,0.00033081,86
0,[],22,[],2019-02-22 12:52:35,0.0,0,0,6758847,2019-02-22 12:52:35,,2.0760781,0.0,0,,140622.94736842104,0.0,0.0,87
0,[],27,[],2019-02-22 12:52:37,0.0,0,0,6758848,2019-02-22 12:52:37,,0.0,0.0,0,btc,0.0,0.0,0.0,87
,[],2,[],2018-11-20 23:10:47,0.0,0,0,4862359,2018-11-20 23:10:47,,0.0,0.0,,,0.0,0.0,0.0,88
1,[],11,[],2019-03-04 06:15:43,91951.77585781,0.0001415699999999999879503331801089416330796666443347930908203125,0.000000005265795249,6839105,2019-03-04 06:15:43,btc,608.4347450631867,943.8452463,0.0001415699999999999879503331801089416330796666443347930908203125,btc,94991.15341821,0.0,6.09937683236221,89
0,[],2,[],2019-01-20 23:31:45,0.0,0,0,6477083,2019-01-20 23:31:45,,0.0,0.0,0,,0.0,0.0,0.0,91
1,[],12,[],2019-03-04 06:15:44,467497.57496845,0.000001529999999999999962528346615642238504051420022733509540557861328125,0.000000000056909421,6839106,2019-03-04 06:15:44,btc,39.56096503905827,0.0,0.000001529999999999999962528346615642238504051420022733509540557861328125,btc,70374.02925501,0.0041073692,0.0816709066999887,91
0,[],17,[],2019-03-04 06:15:56,0.0,0,0,6839107,2019-03-04 06:15:56,btc,0.0,0.0,0,btc,0.0,0.0,0.0,91
0,[],22,[],2019-03-04 06:15:59,0.0,0,0,6839108,2019-03-04 06:15:59,,3e-06,0.0,0,,1.0,0.0,0.0,91
0.00000000012415580000000002,[],22,[],2019-03-04 06:16:04,1820000.0,6.2077900000000005e-18,2.3090309450300003e-22,6839109,2019-03-04 06:16:04,LTC,8.54731773,0.0,0.00000005,LTC,72219994.1,0.0,0.091,95
0.00000000012415580000000002,[],4,[],2019-03-04 06:16:05,646643889.0099262,7.821815400000001e-17,2.9093789907378006e-21,6839110,2019-03-04 06:16:05,ltc,11.89478682054901,0.0,0.00000063,ltc,136567866.30844912,0.0,1.937587892878907e-09,96
1,[],12,[],2019-03-04 06:16:06,1574.47400001,0.00000001,0.00000000000037195700000000005,6839111,2019-03-04 06:16:06,btc,378535.4566741679,0.0,0.00000001,btc,8730122.94736237,0.00020002998002,1.5744740000100002e-05,96
0,[],17,[],2019-03-04 05:16:48,0.0,0,0,6838729,2019-03-04 05:16:48,btc,0.0,0.0,0,btc,0.0,0.0,0.0,96
1,[],4,[],2019-03-04 06:03:38,1821553.9842914,0.00000026,0.00000000000969709,6838920,2019-03-04 06:03:38,btc,2.813706881526066,0.0,0.00000026,btc,2541650.81745402,0.01328234,0.1236386403016758,99
1,[],4,[],2019-03-04 06:16:18,346581.27484355,0.00004209,0.0000000015655670130000002,6839112,2019-03-04 06:16:18,btc,12.441110190646665,0.0,0.00004209,btc,181447.09845917,1.95907286,2.731296914532755,100
0,[],2,[],2019-01-20 23:23:55,0.0,0,0,6476914,2019-01-20 23:23:55,,0.0,0.0,0,,0.0,0.0,0.0,100
1,[],22,[],2019-03-04 06:03:43,50000.0,0.00000001,0.000000000000372965,6838922,2019-03-04 06:03:43,BTC,23.49896609,0.0,0.00000001,BTC,10277.22,0.0,0.0005,101
1,[],4,[],2019-03-04 06:16:19,472722.00906596,0.00000084,0.000000000031244388,6839113,2019-03-04 06:16:19,btc,256.2956421102126,0.0,0.00000084,btc,495394.68400503,0.00987721,0.2400105232191024,103
1,[],12,[],2019-03-04 06:03:46,66228923.746,0.00000001,0.000000000000372965,6838924,2019-03-04 06:03:46,btc,137279914.4426828,0.0,0.00000001,btc,125410382.799238,0.04707630681973028,0.245753061714,105
1,[],27,[],2019-03-04 06:03:48,115397.89,0.00000001,0.000000000000372965,6838925,2019-03-04 06:03:48,btc,36.58509958047966,0.0,0.00000001,btc,575834.55393212,0.0,0.0011539789,105
1,[],22,[],2019-03-04 06:16:30,9328.0,0.00000001,0.00000000000037195700000000005,6839114,2019-03-04 06:16:30,BTC,51.10837004,0.0,0.00000001,BTC,470435.0,0.0,9.328e-05,107
1,[],26,[],2019-03-04 06:16:30,0.0,0.00000000,0,6839115,2019-03-04 06:16:30,btc,0.0,0.0,0.00000000,btc,0.0,0.0,0.0,107
1,[],5,[],2019-03-04 06:16:32,0.0,0,0,6839116,2019-03-04 06:16:32,btc,0.0,6.87e-06,0,btc,0.0,0.0,0.0,112
1,[],22,[],2019-03-04 06:16:35,1966.0,0.00000001,0.00000000000037195700000000005,6839117,2019-03-04 06:16:35,BTC,2.81183288,0.0,0.00000001,BTC,808524.0833333334,0.0,1.966e-05,112
0.0000000003407275,[],27,[],2019-03-04 06:16:38,22000.0,2.0443649999999998e-17,7.604158723050001e-22,6839118,2019-03-04 06:16:38,eth,1.24892491849924,0.0,0.00000006,"btc,eth",1288.641654,0.0,4.1568755e-13,112
1,[],4,[],2019-03-04 06:16:39,1257469.92421101,0.00000218,0.000000000081086626,6839119,2019-03-04 06:16:39,btc,4.864392148898224,0.0,0.00000218,btc,338840.82004422,0.07054596,0.9370701493447225,113
1,[],5,[],2019-03-04 06:16:40,0.0,0,0,6839120,2019-03-04 06:16:40,btc,0.0,0.0,0,btc,0.0,0.0,0.0,113
1,[],17,[],2019-03-04 06:16:42,152738.278,0.00000004,0.0000000000014878280000000002,6839121,2019-03-04 06:16:42,btc,1.3368030274696052,0.0,0.00000004,btc,51896.221,0.0,0.0022095311199999998,116
0,[],27,[],2019-03-04 06:16:44,0.0,0,0,6839122,2019-03-04 06:16:44,,0.0,0.0,0,btc,0.0,0.0,0.0,116
1,[],4,[],2019-03-04 06:16:45,85641.16481394,0.00002306,0.000000000857732842,6839123,2019-03-04 06:16:45,btc,28.94356352247138,0.0,0.00002306,btc,74355.18914653,1.46656938,1.1079429472407483,120
1,[],7,[],2019-03-04 06:04:06,21331.32347365,0.00002328999999999999893549561258421221054959460161626338958740234375,0.000000000868635485,6838935,2019-03-04 06:04:06,btc,115751.729352683,67.04635905,0.00002328999999999999893549561258421221054959460161626338958740234375,btc,56083.53454428,0.00198847,0.0554586497679056,120
1,[],20,[],2019-03-04 06:16:48,1825099.7372,0.000000035,0.0000000000013018495,6839124,2019-03-04 06:16:48,btc,32.295158822642,9959.85,0.000000035,btc,998991.2778,0.00036860675,0.0212241841206,125
1,[],22,[],2019-03-04 06:16:52,3053.0,0.00000001,0.00000000000037195700000000005,6839125,2019-03-04 06:16:52,BTC,0.01444887,0.0,0.00000001,BTC,296263.5111111111,0.0,3.053e-05,126
1,[],4,[],2019-03-04 06:16:53,163476.14168166,0.00001202,0.00000000044709231400000003,6839126,2019-03-04 06:16:53,btc,4.113610806045738,0.0,0.00001202,btc,116640.24397107,0.10748517,0.8455796430982279,131
0,[],2,[],2019-01-20 23:25:46,0.0,0,0,6476969,2019-01-20 23:25:46,,0.0,0.0,0,,0.0,0.0,0.0,131
0,[],17,[],2019-03-04 05:17:42,0.0,0,0,6838749,2019-03-04 05:17:42,btc,0.0009561751951600001,0.0,0,btc,35.42829368,0.0,0.0,131
1,[],4,[],2019-03-04 06:04:14,4553.72464193,0.00016001,0.0000000059678129650000006,6838939,2019-03-04 06:04:14,btc,1.6199624364008318,0.0,0.00016001,btc,238.12730989,0.0,0.0079138372153557,135
1,[],3,[],2019-03-04 03:05:55,958709.8877684299,0.00000004,0.000000000001526116,6838157,2019-03-04 03:05:55,btc,0.0967579941522551,1600.0,0.00000004,btc,470896.72304436,0.0,0.0304115181737019,136
1,[],4,[],2019-03-04 06:16:55,270611.79627577,0.00000172,0.000000000063976604,6839127,2019-03-04 06:16:55,btc,38.26474680104054,0.0,0.00000172,btc,510419.82446528,0.00921717,0.0857095072658746,137
1,[],12,[],2019-03-04 06:16:55,293720.70677406,0.0000016899999999999999129363971450690229403335251845419406890869140625,0.000000000062860733,6839128,2019-03-04 06:16:55,btc,11807.59991023349,0.0,0.0000016899999999999999129363971450690229403335251845419406890869140625,btc,124797.50608413,0.0013462189334834,0.0196339599999691,137
1,[],4,[],2019-03-04 06:16:56,109074.90521475,0.00004109,0.000000001528371313,6839129,2019-03-04 06:16:56,btc,28.89388595608584,0.0,0.00004109,btc,44002.8111894,0.27183774,0.768573614247046,142
1,[],5,[],2019-03-04 06:16:57,0.0,0,0,6839130,2019-03-04 06:16:57,btc,0.0,0.14341893,0,btc,0.0,0.0,0.0,142
1,[],17,[],2019-03-04 06:16:59,22967.386363640002,0.00000088,0.000000000032732216000000006,6839131,2019-03-04 06:16:59,btc,20.0699133526546,0.0,0.00000088,btc,2746.079105,0.0,0.0104613000000032,142
1,[],20,[],2019-03-04 06:17:01,132695.1495,0.000025674,0.0000000009549624018000001,6839132,2019-03-04 06:17:01,btc,0.3256490109112,206.3548,0.000025674,btc,1844.2632,0.0090773567704,0.219357179831,142
1,[],22,[],2019-03-04 06:17:05,1685.8988921568628,0.00004000,0.000000001487828,6839133,2019-03-04 06:17:05,BTC,3.00385504,0.0,0.00004000,BTC,891.218,0.0,0.00174536,142
0.0,[],25,[],2019-03-04 06:17:06,0.0,0,0,6839134,2019-03-04 06:17:06,,0.0,0.0,0.0,btc,0.0,0.0,0.0,142
1,[],28,[],2019-03-04 06:17:08,76100.0,0.00000817,0.000000000303888869,6839135,2019-03-04 06:17:08,btc,0.0639742472,265.0,0.00000817,btc,500.6113,0.0,0.0041072,142
0,[],22,[],2019-03-04 06:17:11,0.0,0,0,6839136,2019-03-04 06:17:11,,60.70572865,0.0,0,,694633617.3,0.0,0.0,143
0,[],22,[],2019-02-25 15:42:22,0.0,0,0,6783783,2019-02-25 15:42:22,,4.2131946,0.0,0,,2322156.0,0.0,0.0,146
,[],22,[],2018-11-20 23:01:11,0.0,0,0,4862114,2018-11-20 23:01:11,,2.56807021,0.0,,,61828.4988236,0.0,0.0,147
1,[],12,[],2019-03-04 06:04:43,217966.28327453,0.00000207000000000000008632309277112337753123938455246388912200927734375,0.000000000077203755,6838949,2019-03-04 06:04:43,btc,28.61413438350935,0.0,0.00000207000000000000008632309277112337753123938455246388912200927734375,btc,117039.98938791,0.0002562827244603,0.0256151599998899,148
1,[],4,[],2019-03-04 06:04:44,394269.32930314,0.00000038,0.000000000014172670000000001,6838950,2019-03-04 06:04:44,btc,219.99091961801503,0.0,0.00000038,btc,837448.8617653,0.00144141,0.108124047517057,152
0,[],22,[],2019-03-04 06:04:47,0.0,0,0,6838951,2019-03-04 06:04:47,,0.0,0.0,0,,0.0,0.0,0.0,152
1,[],5,[],2019-03-04 06:04:49,0.0,0,0,6838952,2019-03-04 06:04:49,btc,0.0,0.0,0,btc,0.0,0.0,0.0,153
,[],16,[],2019-01-11 15:38:59,0.0,0,0,6366141,2019-01-11 15:38:59,btc,0.0,0.0,,btc,0.0,0.0,0.0,155
0,[],22,[],2019-03-04 06:17:15,0.0,0,0,6839137,2019-03-04 06:17:15,,6.7463875,0.0,0,,4674391.242592593,0.0,0.0,156
0,[],23,[],2019-01-20 23:24:29,0.0,0,0,6476932,2019-01-20 23:24:29,,0.0,0.0,0,,0.0,0.0,0.0,156
1,[],22,[],2019-03-04 06:17:24,7073.8,0.00005300,0.0000000019713721000000002,6839138,2019-03-04 06:17:24,BTC,1.80343699,0.0,0.00005300,BTC,899.6422341958436,0.0,0.00104336,157
0,[],22,[],2019-03-04 06:17:26,0.0,0,0,6839139,2019-03-04 06:17:26,,50175.67608608,0.0,0,,54079135.04179466,0.0,0.0,158
,[],17,[],2018-11-20 22:56:10,0.0,0,0,4861976,2018-11-20 22:56:10,btc,1.1265625,0.0,,btc,1000.0,0.0,0.0,159
,[],20,[],2018-11-20 22:56:12,0.0,0,0,4861977,2018-11-20 22:56:12,btc,11912.7940471,0.0,,btc,34413894.3617,0.0,0.0,159
1,[],12,[],2019-03-04 06:17:28,181400.06093886,0.000007109999999999999688846986922730053493069135583937168121337890625,0.000000000264461427,6839140,2019-03-04 06:17:28,btc,6.64268872193282,0.0,0.000007109999999999999688846986922730053493069135583937168121337890625,btc,13668.1331152,0.0011487111,0.0905891294999934,168
1,[],17,[],2019-03-04 06:17:40,29784.95,0.000001,0.0000000000371957,6839141,2019-03-04 06:17:40,btc,0.03026736251542,0.0,0.000001,btc,144.46171372,0.0,0.00716147,168
0,[],22,[],2019-03-04 06:17:42,0.0,0,0,6839142,2019-03-04 06:17:42,,1.1341504,0.0,0,,539283.174707144,0.0,0.0,169
1,[],22,[],2019-03-04 06:17:46,203600.0,0.00000002,0.0000000000007439140000000001,6839143,2019-03-04 06:17:46,BTC,13.25047031,0.0,0.00000002,BTC,146217.2939341018,0.0,0.002072,171
1,[],22,[],2019-03-04 06:05:32,577071.0,0.00000009,0.0000000000033566850000000003,6838960,2019-03-04 06:05:32,BTC,2.19323493,0.0,0.00000009,"BTC,LTC",234643.50878857909,0.00449873,0.03302038,173
1,[],5,[],2019-03-04 06:05:34,0.0,0,0,6838961,2019-03-04 06:05:34,btc,0.0,0.01694535,0,btc,0.0,0.0,0.0,175
1,[],22,[],2019-03-04 06:17:50,36490.833333333336,0.0000003,0.00000000001115871,6839144,2019-03-04 06:17:50,BTC,0.54826403,0.0,0.0000003,BTC,138776.41384013777,0.0,0.00239125,176
0,[],22,[],2019-03-04 06:17:52,0.0,0,0,6839145,2019-03-04 06:17:52,,1.00242428,0.0,0,,57512.0,0.0,0.0,178
1,[],7,[],2019-03-04 06:05:38,0.0,0,0,6838963,2019-03-04 06:05:38,btc,410932.5273358376,0.0,0,btc,117801559.31901672,0.0,0.0,178
0,[],2,[],2019-01-20 23:28:34,0.0,0,0,6477001,2019-01-20 23:28:34,,0.0,0.0,0,,0.0,0.0,0.0,178
1,[],5,[],2019-03-04 06:17:54,0.0,0,0,6839146,2019-03-04 06:17:54,btc,0.0,0.25025519,0,btc,0.0,0.0,0.0,179
1,[],22,[],2019-03-04 06:17:59,6949180.5,0.00000002,0.0000000000007439140000000001,6839147,2019-03-04 06:17:59,BTC,5.66694008,0.0,0.00000002,"BTC,LTC",18278035.756535422,0.0,0.37392433,179
0,[],23,[],2019-01-20 23:25:08,0.0,0,0,6476952,2019-01-20 23:25:08,,0.0,0.0,0,,0.0,0.0,0.0,179
1,[],17,[],2019-03-04 05:06:38,10504.725,0.0000001,0.00000000000375079,6838579,2019-03-04 05:06:38,btc,5.2010695838170005,0.0,0.0000001,btc,4994.45945,0.0,0.0010504725,180
1,[],22,[],2019-03-04 06:06:02,144605.4,0.0000008,0.0000000000298372,6838967,2019-03-04 06:06:02,BTC,0.23744747,0.0,0.0000008,"BTC,LTC",80791.99835911435,0.02751315,0.00810544,180
1,[],26,[],2019-03-04 06:06:02,0.0,0.00000125,0.000000000046620625,6838968,2019-03-04 06:06:02,btc,0.0,1968.45,0.00000125,btc,0.0,0.0,0.0,180
,[],7,[],2018-11-20 22:58:01,562227.975654,0.00000085,0.000000000036176765,4862015,2018-11-20 22:58:01,btc,21836.6059674,2491.87645172,,btc,749999.041456,0.00211021,0.127565380455,183
,[],5,[],2019-01-10 08:11:41,0.0,0,0,6347036,2019-01-10 08:11:41,btc,82.15055501,0.00261,,btc,1.19002445,0.0,0.0,187
1,[],24,[],2019-03-04 06:17:59,0.0,0.000000000001,3.71957e-17,6839148,2019-03-04 06:17:59,btc,0.0,0.0,0.000000000001,btc,0.0,0.0,0.0,187
,[],17,[],2018-11-16 20:58:10,4062536.27273,0.00000001,0.000000000000550501,4708775,2018-11-16 20:58:10,btc,3.36492563466,0.195460381006,,"btc,eth",110697919.549,0.0,0.0157628953496,187
0,[],22,[],2019-03-04 06:18:02,0.0,0,0,6839149,2019-03-04 06:18:02,,7.42841024,0.0,0,,79361.7243078683,0.0,0.0,191
0,[],22,[],2019-03-01 00:51:27,0.0,0,0,6814858,2019-03-01 00:51:27,,0.0,0.0,0,,0.0,0.0,0.0,197
0,[],23,[],2019-01-20 23:31:41,0.0,0,0,6477079,2019-01-20 23:31:41,,0.0,0.0,0,,0.0,0.0,0.0,199
0,[],22,[],2019-03-04 06:06:14,0.0,0,0,6838971,2019-03-04 06:06:14,,5.19477622,0.0,0,,21058553.0,0.0,0.0,199
1,[],26,[],2019-03-04 06:06:14,0.0,0.00000000,0,6838972,2019-03-04 06:06:14,btc,0.0,154915.0,0.00000000,btc,0.0,0.0,0.0,199
0,[],17,[],2019-01-30 16:32:01,0.0,0,0,6540827,2019-01-30 16:32:01,btc,6.802544163788159,0.0,0,btc,105897.55575295,0.0,0.0,200
0,[],2,[],2019-01-20 23:30:49,0.0,0,0,6477059,2019-01-20 23:30:49,,0.0,0.0,0,,0.0,0.0,0.0,201
1,[],4,[],2019-01-25 15:51:35,2084389.58565343,0.00000936,0.000000000333526752,6499557,2019-01-25 15:51:35,btc,2.0092503037378524,0.0,0.00000936,btc,160195.80207885,0.19272417,1.242687955921835,211
1,[],7,[],2019-03-04 06:06:17,2700202.25819867,0.000001300000000000000047051663780439678674838432925753295421600341796875,0.00000000004848545,6838973,2019-03-04 06:06:17,btc,15476654.98980007,830545.860812,0.000001300000000000000047051663780439678674838432925753295421600341796875,btc,12654411.35346067,0.0,2.250330798919799,212
1,[],5,[],2019-03-04 06:18:07,0.0,0,0,6839150,2019-03-04 06:18:07,btc,0.0,0.1123379,0,btc,0.0,0.0,0.0,213
1,[],24,[],2019-03-04 06:18:07,0.0,0.000000120000,0.0000000000044634840000000006,6839151,2019-03-04 06:18:07,btc,0.0,0.0,0.000000120000,btc,0.0,0.0,0.0,213
1,[],26,[],2019-03-04 06:18:07,0.0,0.00000010,0.00000000000371957,6839152,2019-03-04 06:18:07,btc,0.0,0.0,0.00000010,btc,0.0,0.0,0.0,213
1,[],12,[],2019-01-25 02:44:32,207462.42853209,0.000001080000000000000035831255497387193287295303889550268650054931640625,0.000000000038610756000000006,6493050,2019-01-25 02:44:32,btc,85023.03793723314,0.0,0.000001080000000000000035831255497387193287295303889550268650054931640625,btc,43675.73520027,0.000146250909087,0.0348620860622024,213
1,[],22,[],2019-03-04 06:06:23,45166.0,0.00000002,0.00000000000074593,6838977,2019-03-04 06:06:23,BTC,2.23311134,0.0,0.00000002,BTC,629743.3963726171,0.0003216,0.00061247,216
1,[],27,[],2019-03-04 06:06:26,1298602.0,0.00000003,0.0000000000011188950000000002,6838978,2019-03-04 06:06:26,btc,316.25858560644,0.0,0.00000003,"btc,ltc",237761.907,0.0,0.03377204000022362,216
1,[],22,[],2019-03-04 06:06:29,180418.86974554273,0.00000179,0.000000000066760735,6838979,2019-03-04 06:06:29,BTC,12673.41324372,0.0,0.00000179,BTC,379818.95502831665,0.05571322,0.21103802,217
0,[],27,[],2019-03-04 06:18:10,0.0,0,0,6839153,2019-03-04 06:18:10,,0.03568746,0.0,0,btc,1792962.0,0.0,0.0,219
0.0000000000000052,[],28,[],2019-03-04 06:18:13,178209489.917,2.817932e-18,1.0481495329240001e-22,6839154,2019-03-04 06:18:13,doge,85286.8187103825,366842.0,0.00054191,"btc,doge",3904260.84751,0.0,3.811374090397396e-11,219
1,[],7,[],2019-03-04 06:06:32,0.0,0,0,6838980,2019-03-04 06:06:32,btc,77969.66000746319,0.0,0,btc,136202804.64412785,0.0,0.0,219
1,[],22,[],2019-03-04 06:06:39,366951.6666666667,0.00000003,0.0000000000011188950000000002,6838983,2019-03-04 06:06:39,BTC,2.81231073,0.0,0.00000003,BTC,88564.27041875875,0.0002925,0.00775501,221
1,[],24,[],2019-03-04 06:06:39,0.0,0.000000200000,0.0000000000074593,6838984,2019-03-04 06:06:39,btc,0.0,0.0,0.000000200000,btc,0.0,0.0,0.0,221
1,[],20,[],2019-03-04 06:06:41,40107101.2534,0.000000001,0.0000000000000372965,6838985,2019-03-04 06:06:41,btc,48.2381347826935,170919.2143,0.000000001,btc,13449623.3232,0.0001709192143,0.0401071012534,224
0,[],22,[],2019-03-04 06:06:48,0.0,0,0,6838986,2019-03-04 06:06:48,,0.0,0.0,0,,0.0,0.0,0.0,224
1,[],26,[],2019-03-04 06:18:13,0.0,0.00000035,0.000000000013018495000000001,6839155,2019-03-04 06:18:13,btc,0.0,0.0,0.00000035,btc,0.0,0.0,0.0,231
1,[],26,[],2019-03-04 06:18:14,0.0,0.00000005,0.000000000001859785,6839156,2019-03-04 06:18:14,btc,0.0,4300.0,0.00000005,btc,0.0,0.0,0.0,234
0.0000000003407275,[],27,[],2019-03-04 06:18:17,2000.0,3.407275e-18,1.267359787175e-22,6839157,2019-03-04 06:18:17,eth,0.01134836604,0.0,0.00000001,"btc,eth",11462.996,0.0,6.81455e-15,234
1,[],4,[],2019-03-04 06:18:18,808366.91292972,0.00000082,0.000000000030500474,6839158,2019-03-04 06:18:18,btc,4.572946918281788,0.0,0.00000082,btc,1214630.43303989,0.04498726,0.2189194829137005,236
1,[],24,[],2019-03-04 06:18:18,0.0,0.000000300000,0.00000000001115871,6839159,2019-03-04 06:18:18,btc,0.0,0.0,0.000000300000,btc,0.0,0.0,0.0,236
1,[],20,[],2019-03-04 06:18:20,183984889.7307,0.000000071,0.0000000000026408947000000004,6839160,2019-03-04 06:18:20,btc,13.3282699566478,28765733.0775,0.000000071,btc,41503572.921,2.0520220225299,0.6576147677826,237
0.00000000012415580000000002,[],22,[],2019-03-04 06:18:24,751594.9,2.1106486000000002e-17,7.850705213102001e-22,6839161,2019-03-04 06:18:24,LTC,0.0413973,0.0,0.00000017,LTC,7239.0,0.0,0.12541949,237
1,[],4,[],2019-03-04 06:18:25,8905504.42207009,0.00000033,0.000000000012274581000000001,6839162,2019-03-04 06:18:25,btc,6.9058096355058884,0.0,0.00000033,btc,10725789.15203608,0.08938273,2.2308943612701637,238
1,[],5,[],2019-03-04 06:18:26,0.0,0,0,6839163,2019-03-04 06:18:26,btc,0.0,0.00258718,0,btc,0.0,0.0,0.0,238
0,[],22,[],2019-03-04 06:07:05,0.0,0,0,6838996,2019-03-04 06:07:05,,0.41339518,0.0,0,,316626.5639027493,0.0,0.0,249
0.00000000012415580000000002,[],22,[],2019-03-04 06:18:34,88086691.66666667,4.966232e-18,1.8472247560240003e-22,6839164,2019-03-04 06:18:34,LTC,1.65312508,0.0,0.00000004,LTC,22171847.070952382,5.8850132275224e-11,2.74160377,252
1,[],28,[],2019-03-04 06:20:36,2179924.628,0.00000035,0.000000000013018495000000001,6839165,2019-03-04 06:20:36,btc,164732.3972254248,23349.3,0.00000035,btc,2464094.9222,0.0,0.35658183962,256
1,[],22,[],2019-03-04 06:07:14,1073354.0,0.00000002,0.00000000000074593,6838999,2019-03-04 06:07:14,BTC,31.477841,0.0,0.00000002,BTC,676928.0857866945,0.0,0.01093354,258
1,[],22,[],2019-03-04 06:07:18,48751.0,0.00000001,0.000000000000372965,6839000,2019-03-04 06:07:18,BTC,2.4175745,0.0,0.00000001,BTC,1762.0,0.0,0.00048751,259
1,[],5,[],2019-03-04 06:07:20,0.0,0,0,6839001,2019-03-04 06:07:20,btc,0.0,0.00641728,0,btc,0.0,0.0,0.0,264
1,[],20,[],2019-03-04 06:07:23,1258695.2843,0.0000021,0.00000000007832265,6839002,2019-03-04 06:07:23,btc,7.4514091559154,2108.967,0.0000021,btc,103996.8888,0.004474180415,0.0232696340676,264
0,[],22,[],2019-03-04 06:20:39,0.0,0,0,6839166,2019-03-04 06:20:39,,8.45802393,0.0,0,,433537.34411321935,0.0,0.0,271
0,[],22,[],2019-03-04 06:20:42,0.0,0,0,6839167,2019-03-04 06:20:42,,264.68187857,0.0,0,,13780784220.692,0.0,0.0,272
0.0000000000000052,[],28,[],2019-03-04 06:20:48,228221740380.905,4.9400000000000004e-21,1.8374675800000002e-25,6839168,2019-03-04 06:20:48,doge,151020643.02872732,4880939804.8304,0.00000095,doge,191629171779.9443,0.0,6.559495881816418e-10,272
1,[],22,[],2019-03-04 06:20:53,170870.74,0.00000300,0.0000000001115871,6839169,2019-03-04 06:20:53,BTC,74.29549292,0.0,0.00000300,"BTC,LTC",8341.47763977319,0.01527176,0.05779851,281
1,[],22,[],2019-03-04 06:07:42,1073547.9047619049,0.00000007,0.000000000002610755,6839007,2019-03-04 06:07:42,BTC,1.18105024,0.0,0.00000007,BTC,113916.42110107285,0.00354174,0.03356866,286
0,[],22,[],2019-03-04 06:20:56,0.0,0,0,6839170,2019-03-04 06:20:56,,43639.63348184,0.0,0,,688843027.0,0.0,0.0,294
