pairValue,buyBook,exchangeId,sellBook,updated,buyTotal,satoshiPrice,usdPrice,exchangeLogId,created,bestPair,sellTotalBtc,volume,pairPrice,activePairs,sellTotal,volumeBtc,buyTotalBtc,coinId
1,[],3,[],2019-02-21 18:15:56,30555.084456275687,0.01260865000000000075985884251394963939674198627471923828125,0.0000004931066493900001,6754176,2019-02-21 18:15:56,btc,61.12013485630637,0.682660770091,0.01260865000000000075985884251394963939674198627471923828125,btc,25.909982698637002,0.0,0.24992281533488578,1
1,[],4,[],2019-02-21 18:15:56,120059.82134961,0.01278125,0.0000004998567937500001,6754177,2019-02-21 18:15:56,btc,1.111241049609458,0.0,0.01278125,btc,80.51587536,0.93696774,1.186829719440606,1
1,[],5,[],2019-02-21 18:15:58,0.0,0,0,6754178,2019-02-21 18:15:58,btc,0.0,0.2730771,0,btc,0.0,0.0,0.0,1
1,[],10,[],2019-02-21 18:16:00,414468.22967274,0.0114042,0.00000044600229612,6754179,2019-02-21 18:16:00,btc,6523.153941870009,1198.98144337,0.0114042,btc,1085.30523107,0.0,5.5660472666608065,1
1,[],12,[],2019-02-21 18:16:03,10424.89016047,0.012619999999999999273914141895147622562944889068603515625,0.000000493550532,6754180,2019-02-21 18:16:03,btc,0.2796799009429,0.0,0.012619999999999999273914141895147622562944889068603515625,btc,14.06101953,0.1570488333523,0.2131183758539,1
1,[],20,[],2019-02-21 18:16:05,1152.2108,0.0106,0.00000041455116000000004,6754181,2019-02-21 18:16:05,btc,0.0589710786722,0.0,0.0106,btc,2.6451,0.0,0.1011845929543,1
1,[],21,[],2019-02-21 18:16:06,2290.43135715,0.01264007999999999971862951753,0.000000494335832688,6754182,2019-02-21 18:16:06,btc,23.60911519026726,2863.00879191,0.01264007999999999971862951753109882702119648456573486328125,"btc,eth",2313.33355979,31.645510070131905,21.673385089282508,1
1,[],22,[],2019-02-21 18:16:58,0.0163776,0.01300000,0.0000005084118,6754183,2019-02-21 18:16:58,BTC,0.31423927,0.0,0.01300000,BTC,0.11751954901960784,0.0,0.00020972,1
1,[],24,[],2019-02-21 18:16:59,0.0,0.000000000000,0,6754184,2019-02-21 18:16:59,btc,0.0,0.0,0.000000000000,btc,0.0,0.0,0.0,1
0.0,[],25,[],2019-02-21 18:17:00,0.0,0,0,6754185,2019-02-21 18:17:00,btc,27.56869999777619,1605.4248874,0.0,btc,2123.99327531,20.9704,0.0,1
1,[],26,[],2019-02-21 18:17:09,0.0,0,0,6754186,2019-02-21 18:17:09,,0.0,0.0,0,,0.0,0.0,0.0,1
1,[],28,[],2019-02-21 18:17:15,993.21,0.01323000,0.000000517406778,6754187,2019-02-21 18:17:15,btc,0.162839806,18717.7,0.01323000,btc,8.9,0.0,0.090071836,1
0,[],2,[],2019-01-20 23:28:45,0.0,0,0,6477011,2019-01-20 23:28:45,,0.0,0.0,0,,0.0,0.0,0.0,1
1,[],5,[],2019-02-21 18:17:16,0.0,0,0,6754188,2019-02-21 18:17:16,btc,0.0,0.02005561,0,btc,0.0,0.0,0.0,2
0,[],22,[],2019-02-21 18:19:37,1148.0,0,0,6754189,2019-02-21 18:19:37,,21.01373823,0.0,0,,14319.12581,0.0,0.00087635,2
1,[],5,[],2019-02-21 18:19:39,0.0,0,0,6754190,2019-02-21 18:19:39,btc,0.0,0.77932045,0,btc,0.0,0.0,0.0,3
1,[],12,[],2019-02-21 18:19:41,13078657.41847201,0.000000176,0.0000000000068831136,6754191,2019-02-21 18:19:41,btc,924397.6396519841,0.0,0.000000176,btc,8963814.11230863,0.03559636383237961,0.6435876408259065,3
0,[],28,[],2019-02-21 18:19:48,0.0,0,0,6754192,2019-02-21 18:19:48,,0.0,0.0,0,,0.0,0.0,0.0,3
0,[],2,[],2019-01-20 23:31:32,0.0,0,0,6477077,2019-01-20 23:31:32,,0.0,0.0,0,,0.0,0.0,0.0,4
1,[],4,[],2019-02-21 18:19:49,400439.70738348,0.00000032,0.000000000012514752,6754193,2019-02-21 18:19:49,btc,0.3878949942149049,0.0,0.00000032,btc,320242.51217255,0.0,0.0547125982053145,4
1,[],12,[],2019-02-21 15:21:17,1297518.5219999999,0.00000003,0.000000000001178625,6753381,2019-02-21 15:21:17,btc,11013879.586285478,0.0,0.00000003,btc,1205406.24379976,0.001562545568112,0.01981748044,5
0,[],2,[],2019-01-20 23:31:51,0.0,0,0,6477087,2019-01-20 23:31:51,,0.0,0.0,0,,0.0,0.0,0.0,6
1,[],11,[],2019-02-21 18:19:51,4753909.5,0.00000001,0.000000000000391086,6754194,2019-02-21 18:19:51,btc,9432.801435181234,1076145.0,0.00000001,btc,40969686.95347657,0.0,0.047539095,6
1,[],3,[],2019-02-21 18:19:51,1091.956916111364,0.00015101000000000000598847360588905530676129274070262908935546875,0.0000000059057896860000004,6754195,2019-02-21 18:19:51,btc,27.605796873748474,0.0,0.00015101000000000000598847360588905530676129274070262908935546875,btc,249.144760639695,0.0,0.03419747781770456,7
1,[],4,[],2019-02-21 18:19:52,20349.89258116,0.00023217,0.000000009079843662,6754196,2019-02-21 18:19:52,btc,2.3607373997877183,0.0,0.00023217,btc,9347.90483433,5.12033714,4.176924480597237,7
1,[],5,[],2019-02-21 18:19:54,0.0,0,0,6754197,2019-02-21 18:19:54,btc,0.0,0.61268184,0,btc,0.0,0.0,0.0,7
1,[],20,[],2019-02-20 02:16:17,39399275.8418,0.000000001,0.0000000000000390183,6728586,2019-02-20 02:16:17,btc,116.9737569154545,525.0,0.000000001,btc,56932965.8895,5.25e-07,0.0393992758418,8
0,[],2,[],2019-01-20 23:22:42,0.0,0,0,6476876,2019-01-20 23:22:42,,0.0,0.0,0,,0.0,0.0,0.0,9
0,[],23,[],2019-01-20 23:22:48,0.0,0,0,6476878,2019-01-20 23:22:48,,0.0,0.0,0,,0.0,0.0,0.0,9
1,[],4,[],2019-02-21 18:19:56,2016987.80515371,0.00000179,0.00000000007000439400000001,6754198,2019-02-21 18:19:56,btc,0.7017790940482317,0.0,0.00000179,btc,375155.22316543,3.25796348,0.7325591957316239,9
1,[],28,[],2019-02-21 18:20:02,43948.0,0.00000175,0.00000000006844005,6754199,2019-02-21 18:20:02,btc,2708.762412957195,3583788.0,0.00000175,btc,12356.2201,0.0,0.044282,9
1,[],1,[],2019-02-17 23:31:42,1822507.21,0.00000181000000000000003456111265232042484285557293333113193511962890625,0.000000000066086901,6701244,2019-02-17 23:31:42,btc,3.6990969245,17153386.5,0.00000181000000000000003456111265232042484285557293333113193511962890625,btc,1997391.71,31.11772986,3.2610482446,9
1,[],4,[],2019-02-17 11:22:43,4341674.27126056,0.00000002,0.0000000000007272960000000001,6696112,2019-02-17 11:22:43,btc,0.1997230937751353,0.0,0.00000002,btc,4109766.79808031,0.00215132,0.0479381022052112,10
0,[],2,[],2019-01-20 23:23:08,0.0,0,0,6476890,2019-01-20 23:23:08,,0.0,0.0,0,,0.0,0.0,0.0,12
1,[],4,[],2019-02-21 18:20:03,1892445.75784875,0.00000149,0.00000000005827181400000001,6754200,2019-02-21 18:20:03,btc,2.5062251724814524,0.0,0.00000149,btc,1516185.27929378,1.66967242,2.726336049597692,12
1,[],5,[],2019-02-21 18:20:04,0.0,0,0,6754201,2019-02-21 18:20:04,btc,0.0,0.5626142,0,btc,0.0,0.0,0.0,12
0.0,[],25,[],2019-02-21 18:20:06,0.0,0,0,6754202,2019-02-21 18:20:06,,0.0,0.0,0.0,btc,0.0,0.0,0.0,12
1,[],4,[],2019-02-21 18:20:07,1319804.09572289,0.00000576,0.00000000022526553600000002,6754203,2019-02-21 18:20:07,btc,0.4969130954519886,0.0,0.00000576,btc,78600.38145927,0.7988222,1.3898345973463317,13
1,[],21,[],2019-02-21 18:20:11,720930.89503757,0.000005779999999999999717268262672,0.000000000226047708,6754204,2019-02-21 18:20:11,btc,7.276088336621837,472857.74654481,0.0000057799999999999997172682626722650667261405033059418201446533203125,btc,1130051.81690565,2.82742995,2.7648854191602745,13
1,[],10,[],2019-02-21 17:25:50,482198.35521643,0.00000582,0.00000000022849669200000002,6753997,2019-02-21 17:25:50,btc,666802.4706715483,5311.06760528,0.00000582,btc,723744.18382422,0.0,0.2946609895090825,13
1,[],4,[],2019-02-21 18:20:12,998461.68281935,0.00000142,0.000000000055534212,6754205,2019-02-21 18:20:12,btc,0.1771040555804453,0.0,0.00000142,btc,91702.10845674,0.09335879,0.4262085378121019,14
1,[],12,[],2019-02-21 18:20:13,108987.82539683,0.000001269999999999999910766366496839285815667608403600752353668212890625,0.000000000049667922,6754206,2019-02-21 18:20:13,btc,5.309859033201675,0.0,0.000001269999999999999910766366496839285815667608403600752353668212890625,btc,32714.78078516,0.0011178089006826,0.0151610300000058,14
1,[],26,[],2019-02-21 18:20:24,0.0,0.00000050,0.0000000000195543,6754207,2019-02-21 18:20:24,btc,0.0,0.0,0.00000050,btc,0.0,0.0,0.0,14
0,[],17,[],2019-02-21 17:25:56,0.0,0,0,6754001,2019-02-21 17:25:56,btc,0.0,0.0,0,btc,0.0,0.0,0.0,14
0,[],4,[],2019-02-21 18:20:25,0.0,0,0,6754208,2019-02-21 18:20:25,,0.0,0.0,0,,0.0,0.0,0.0,15
,[],12,[],2018-12-01 15:15:48,204241.84496,0.00000489,0.000000000202473384,5260204,2018-12-01 15:15:48,btc,49.5475654835,0.0,,btc,35763.2193806,0.0163153972027625,0.0203389899998,15
0,[],2,[],2019-01-20 23:23:38,0.0,0,0,6476906,2019-01-20 23:23:38,,0.0,0.0,0,,0.0,0.0,0.0,18
1,[],4,[],2019-02-21 18:20:26,26873.0335055,0.00001809,0.000000000707474574,6754209,2019-02-21 18:20:26,btc,1.2336566253958219,0.0,0.00001809,btc,8200.70171365,0.01520108,0.0993324549646807,18
1,[],10,[],2019-02-21 18:20:28,780041.81217993,0.00001771,0.0000000006926133060000001,6754210,2019-02-21 18:20:28,btc,15.542550981472766,10869.9442833,0.00001771,btc,10849.37807742,0.0,0.1366546905674931,18
1,[],12,[],2019-02-21 18:20:30,199755.15941858,0.00001828999999999999937351329026835600188860553316771984100341796875,0.000000000715296294,6754211,2019-02-21 18:20:30,btc,21.979794228383298,0.0,0.00001828999999999999937351329026835600188860553316771984100341796875,btc,1744.43913463,2.68647718381e-05,0.045961381428270595,18
0,[],17,[],2019-02-21 17:26:13,0.0,0,0,6754007,2019-02-21 17:26:13,btc,0.0,0.0,0,btc,0.0,0.0,0.0,18
0,[],2,[],2019-01-20 23:24:19,0.0,0,0,6476924,2019-01-20 23:24:19,,0.0,0.0,0,,0.0,0.0,0.0,19
1,[],3,[],2019-02-21 18:20:43,120776.55875134739,0.00002220000000000000090123221385685070572435506619513034820556640625,0.0000000008682109200000001,6754212,2019-02-21 18:20:43,btc,0.562685580307966,0.21768707483,0.00002220000000000000090123221385685070572435506619513034820556640625,btc,9524.56963067002,0.0,0.07966721993169824,19
1,[],4,[],2019-02-21 18:20:44,300129.99211832,0.00002182,0.000000000853349652,6754213,2019-02-21 18:20:44,btc,0.3374832172814365,0.0,0.00002182,btc,13696.88472303,0.42918855,3.1977922911636223,19
1,[],5,[],2019-02-21 18:20:45,0.0,0,0,6754214,2019-02-21 18:20:45,btc,0.0,0.0,0,btc,0.0,0.0,0.0,19
1,[],12,[],2019-02-21 18:20:47,128816.0,0.0000224199999999999987948702540041523434410919435322284698486328125,0.000000000876814812,6754215,2019-02-21 18:20:47,btc,1.2822215785220323,0.0,0.0000224199999999999987948702540041523434410919435322284698486328125,btc,365.1508782,0.00062844,0.03021488,19
0,[],27,[],2019-02-21 18:20:50,0.0,0,0,6754216,2019-02-21 18:20:50,,0.0,0.0,0,btc,0.0,0.0,0.0,19
1,[],4,[],2019-02-21 18:20:50,8070160.95424551,0.00000013,0.000000000005084118,6754217,2019-02-21 18:20:50,btc,0.7491198104842316,0.0,0.00000013,btc,1601058.86471503,0.00079999,0.2584025451781454,20
1,[],4,[],2019-02-21 18:20:53,109302084.86437024,0.00000002,0.000000000000782172,6754218,2019-02-21 18:20:53,btc,0.5525681326446987,0.0,0.00000002,btc,15474325.2803107,0.0,1.2238821411680452,21
1,[],12,[],2019-02-21 18:20:54,18639306.0,0.00000002,0.000000000000782172,6754219,2019-02-21 18:20:54,btc,670.5900728834847,0.0,0.00000002,btc,8549209.32857329,0.0015968180219782,0.24502636,21
0,[],17,[],2019-02-21 18:20:56,0.0,0,0,6754220,2019-02-21 18:20:56,btc,0.0,0.0,0,btc,0.0,0.0,0.0,21
1,[],12,[],2019-02-21 18:20:58,3055619592.531895,0.0000000001,0.0000000000000039108600000000006,6754221,2019-02-21 18:20:58,btc,880865842921.5592,0.0,0.0000000001,btc,4904064232.0493965,0.004160758814785645,0.3055619592531895,23
0,[],27,[],2019-02-21 18:21:00,0.0,0,0,6754222,2019-02-21 18:21:00,,1.3429826565934113,0.0,0,eth,1964879.85514486,0.0,0.0,23
1,[],4,[],2019-02-21 18:21:01,269669.77442223,0.00000060,0.000000000023465160000000002,6754223,2019-02-21 18:21:01,btc,0.173306803090556,0.0,0.00000060,btc,181601.45008656,0.0071125,0.1315979570821121,24
1,[],22,[],2019-02-21 18:21:51,11.76,0.00000100,0.0000000000391086,6754224,2019-02-21 18:21:51,BTC,7.415e-05,0.0,0.00000100,BTC,23.919354838709676,0.0,1.176e-05,24
0.0,[],25,[],2019-02-21 18:21:52,0.0,0,0,6754225,2019-02-21 18:21:52,,0.0,0.0,0.0,btc,0.0,0.0,0.0,24
0,[],2,[],2019-01-20 23:25:56,0.0,0,0,6476976,2019-01-20 23:25:56,,0.0,0.0,0,,0.0,0.0,0.0,26
1,[],4,[],2019-02-21 18:21:54,26868615.04823364,0.00000585,0.00000000022878531,6754226,2019-02-21 18:21:54,btc,0.5312123662342177,0.0,0.00000585,btc,45566.99113046,0.07932589,0.4943406156768995,26
1,[],10,[],2019-02-21 18:21:56,690866.32457079,0.00000605,0.00000000023660703,6754227,2019-02-21 18:21:56,btc,25.925994140254588,6929.3265573,0.00000605,btc,14204.54207581,0.0,0.2162321230907431,26
1,[],3,[],2019-02-21 18:22:01,7034354.70213569,0.00000001,0.000000000000391086,6754228,2019-02-21 18:22:01,btc,2.82825642819826,412.5,0.00000001,btc,18068492.95734499,0.0,0.0703435470213569,27
1,[],5,[],2019-02-21 18:22:02,0.0,0,0,6754229,2019-02-21 18:22:02,btc,0.0,1.362e-05,0,btc,0.0,0.0,0.0,27
1,[],11,[],2019-02-21 18:22:04,9803584.35433359,0.00000005,0.00000000000195543,6754230,2019-02-21 18:22:04,btc,67506.54015390559,8080.0,0.00000005,btc,8318063.39032784,0.0,0.458287845339645,27
1,[],4,[],2019-02-21 18:24:04,336874615.8800291,0.00000002,0.000000000000782172,6754231,2019-02-21 18:24:04,btc,0.1384733839658541,0.0,0.00000002,btc,4615779.46552847,3.64479188,3.419727525270291,29
1,[],7,[],2019-02-21 18:24:09,37630399.15432286,0.00000002,0.000000000000782172,6754232,2019-02-21 18:24:09,btc,44465227.240241684,58898.0861923,0.00000002,btc,58765909.33809368,0.0,0.37648084284202793,29
1,[],4,[],2019-02-21 18:24:10,1437118.21106505,0.00000031,0.000000000012123666,6754233,2019-02-21 18:24:10,btc,0.241144295887921,0.0,0.00000031,btc,491054.8006437,0.00191749,0.1078690428612398,30
0,[],17,[],2019-02-21 18:24:21,0.0,0,0,6754234,2019-02-21 18:24:21,btc,0.0,0.0,0,btc,0.0,0.0,0.0,30
1,[],4,[],2019-02-21 18:24:22,1132532.83895843,0.00005711,0.000000002233492146,6754235,2019-02-21 18:24:22,btc,1.5905041575705898,0.0,0.00005711,btc,24554.04510847,2.39414356,1.4630129256961841,31
1,[],21,[],2019-02-21 18:24:23,50629.37221035,0.00005653000000000000255587218057,0.0000000022108091580000002,6754236,2019-02-21 18:24:23,btc,2.694993723699507,118430.92724528,0.0000565300000000000025558721805651885006227530539035797119140625,btc,43043.48857958,6.86468979,2.5068348089289674,31
0,[],2,[],2019-01-20 23:28:43,0.0,0,0,6477009,2019-01-20 23:28:43,,0.0,0.0,0,,0.0,0.0,0.0,32
1,[],4,[],2019-02-21 18:24:24,172762510.36168736,0.00000004,0.000000000001564344,6754237,2019-02-21 18:24:24,btc,1.8039036189027673,0.0,0.00000004,"btc,ltc",46212152.62850943,0.504342,3.5275267454825565,33
1,[],12,[],2019-02-21 18:24:25,15051573.0,0.00000004,0.000000000001564344,6754238,2019-02-21 18:24:25,btc,35620536.57748003,0.0,0.00000004,btc,89464728.18081892,0.008344510809191,0.49117831,33
1,[],4,[],2019-02-21 18:24:26,127885610.0327251,0.00000001,0.000000000000391086,6754239,2019-02-21 18:24:26,btc,0.8473718659776439,0.0,0.00000001,btc,36859469.83085821,0.01258046,1.278856100327251,34
1,[],5,[],2019-02-21 18:24:27,0.0,0,0,6754240,2019-02-21 18:24:27,btc,0.0,0.01269641,0,btc,0.0,0.0,0.0,34
0.0000000001234102,[],4,[],2019-02-21 18:24:27,945046470.9310471,2.468204e-18,9.65280029544e-23,6754241,2019-02-21 18:24:27,ltc,8.97284841926876e-09,0.0,0.00000002,ltc,1726055491.4541492,0.0,1.8558615877884351e-09,36
1,[],5,[],2019-02-21 18:24:28,0.0,0,0,6754242,2019-02-21 18:24:28,btc,0.0,0.0,0,btc,0.0,0.0,0.0,36
0,[],27,[],2019-02-21 18:24:41,0.0,0,0,6754243,2019-02-21 18:24:41,,114.1676941557863,0.0,0,"ltc,eth",4107666.4875004,0.0,0.0,36
0,[],17,[],2019-02-21 17:27:59,0.0,0,0,6754037,2019-02-21 17:27:59,btc,0.0746458232965017,0.0,0,btc,4103573.70243647,0.0,0.0,36
1,[],4,[],2019-02-21 18:24:41,302236.44195999,0.00000077,0.000000000030113622000000003,6754244,2019-02-21 18:24:41,btc,0.2473382200677021,0.0,0.00000077,btc,189062.52400774,0.00418579,0.1452828815354175,37
1,[],12,[],2019-02-21 18:24:43,505317.79969013,0.00000076,0.000000000029722536000000005,6754245,2019-02-21 18:24:43,btc,1363.1718524755984,0.0,0.00000076,btc,968250.48915185,0.1970099836029979,0.1434822884210535,37
1,[],17,[],2019-02-21 18:24:44,1752.74075282,0.00000025,0.00000000000977715,6754246,2019-02-21 18:24:44,btc,0.055484923777095005,0.0,0.00000025,btc,1319.19918473,0.0,0.00043818518820499993,37
1,[],27,[],2019-02-21 18:24:46,14752.0,0.00000045,0.00000000001759887,6754247,2019-02-21 18:24:46,btc,26.15319856387233,0.0,0.00000045,btc,6763.81438508,0.0,0.00483022,37
1,[],5,[],2019-02-21 18:24:47,0.0,0,0,6754248,2019-02-21 18:24:47,btc,0.0,0.09462581,0,btc,0.0,0.0,0.0,42
1,[],12,[],2019-02-21 18:24:48,131859.79989212,0.00000086,0.000000000033633396,6754249,2019-02-21 18:24:48,btc,94.68203745282551,0.0,0.00000086,btc,101711.21495161,0.0107985496336404,0.0395411000000034,42
0,[],27,[],2019-02-21 18:24:51,0.0,0,0,6754250,2019-02-21 18:24:51,,0.00315028,0.0,0,"btc,eth",11.007,0.0,0.0,42
1,[],5,[],2019-02-21 18:24:52,0.0,0,0,6754251,2019-02-21 18:24:52,btc,0.0,0.00011295,0,btc,0.0,0.0,0.0,43
1,[],12,[],2019-02-21 18:24:53,3709302.0,0.00000002,0.000000000000782172,6754252,2019-02-21 18:24:53,btc,20007435.274505768,0.0,0.00000002,btc,38974197.25614385,1.7988011988e-06,0.03759302,43
0,[],17,[],2019-02-21 18:24:55,0.0,0,0,6754253,2019-02-21 18:24:55,btc,0.0,0.0,0,btc,0.0,0.0,0.0,43
1,[],12,[],2019-02-21 18:24:57,694450.0,0.00000005,0.00000000000195543,6754254,2019-02-21 18:24:57,btc,11115177.726584056,0.0,0.00000005,btc,1077583.39762234,7.9750249752e-06,0.01804138,44
1,[],4,[],2019-02-21 18:24:57,304163016.64405817,0.00000002,0.000000000000782172,6754255,2019-02-21 18:24:57,btc,0.1886795929653378,0.0,0.00000002,"btc,ltc",4555651.05245401,0.00013356,0.21780285780850364,49
0,[],4,[],2019-02-21 18:24:58,0.0,0,0,6754256,2019-02-21 18:24:58,,4.633523909472764,0.0,0,,4454083297.050503,0.0,0.0,52
0.0000000001259198,[],22,[],2019-02-21 18:25:48,80945862.0,1.259198e-18,4.92454709028e-23,6754257,2019-02-21 18:25:48,XMR,4366.33224183,0.0,0.00000001,XMR,248874057.67882353,9.062595332166e-12,0.80945862,57
0,[],27,[],2019-02-21 18:25:51,0.0,0,0,6754258,2019-02-21 18:25:51,,0.0,0.0,0,"btc,eth",0.0,0.0,0.0,57
0,[],17,[],2019-02-21 17:29:08,0.0,0,0,6754054,2019-02-21 17:29:08,btc,1e+24,0.0,0,btc,41481695.95832568,0.0,0.0,58
0.0000000001234102,[],4,[],2019-02-21 18:25:51,712734009.6269872,3.702306e-18,1.4479200443160001e-22,6754259,2019-02-21 18:25:51,ltc,3.272109005854676,0.0,0.00000003,ltc,1448821807.8917496,0.0,1.5624794057239868e-09,58
1,[],12,[],2019-02-21 18:25:53,1632797754.843957,0.0000000004,0.000000000000015643440000000002,6754260,2019-02-21 18:25:53,btc,224005479440.81714,0.0,0.0000000004,btc,3828868030.892409,0.03149095953006993,0.5282996393011392,58
0.0000000001259198,[],22,[],2019-02-21 18:26:55,137438.0,1.259198e-18,4.92454709028e-23,6754261,2019-02-21 18:26:55,XMR,69.8835922,0.0,0.00000001,XMR,9887963.0,0.0,0.00137438,58
1,[],5,[],2019-02-21 18:26:56,0.0,0,0,6754262,2019-02-21 18:26:56,btc,0.0,0.15673617,0,btc,0.0,0.0,0.0,61
1,[],22,[],2019-02-21 18:27:33,5149.5,0.00000011,0.000000000004301946,6754263,2019-02-21 18:27:33,BTC,1002.29597012,0.0,0.00000011,BTC,14947.700278135757,0.0,0.00051596,61
1,[],26,[],2019-02-21 18:27:33,0.0,0.00000800,0.0000000003128688,6754264,2019-02-21 18:27:33,btc,0.0,0.0,0.00000800,btc,0.0,0.0,0.0,61
1,[],27,[],2019-02-21 18:27:36,2493.55,0.00000045,0.00000000001759887,6754265,2019-02-21 18:27:36,btc,2.9662721968330614,0.0,0.00000045,"btc,eth",19197.38399471,0.0,0.00021559750359462628,61
1,[],28,[],2019-02-21 18:27:41,13882.304,0.0000005,0.0000000000195543,6754266,2019-02-21 18:27:41,btc,2.056350085685105,757.0,0.0000005,btc,9766.52450005,0.0,0.00566491304,61
1,[],4,[],2019-02-21 18:27:42,716882.57297421,0.00000282,0.00000000011028625200000001,6754267,2019-02-21 18:27:42,btc,1.205914602557189,0.0,0.00000282,btc,283402.67943102,0.18534836,0.896109285332769,67
0.0,[],25,[],2019-02-21 18:27:43,0.0,0,0,6754268,2019-02-21 18:27:43,,0.0,0.0,0.0,btc,0.0,0.0,0.0,67
1,[],12,[],2019-02-21 18:27:45,3004547.42721661,0.00000021,0.000000000008212806000000001,6754269,2019-02-21 18:27:45,btc,11115996.103312556,0.0,0.00000021,btc,1988556.88847816,0.0029875488311743,0.1044764564411096,71
,[],5,[],2018-11-20 23:02:39,1.5e-07,0.00000005,0.000000000002128045,4862160,2018-11-20 23:02:39,btc,2.84511358,0.0,,btc,0.00036572,0.0,0.07381892,74
1,[],5,[],2019-02-21 18:27:46,0.0,0,0,6754270,2019-02-21 18:27:46,btc,0.0,0.0,0,btc,0.0,0.0,0.0,75
0,[],20,[],2019-01-25 09:30:31,0.0,0,0,6495923,2019-01-25 09:30:31,btc,0.0,0.0,0,btc,0.0,0.0,0.0,81
1,[],4,[],2019-02-21 18:27:47,17197128.37031862,0.00000001,0.000000000000391086,6754271,2019-02-21 18:27:47,btc,1.040782841364371,0.0,0.00000001,btc,18994540.61173111,0.00757814,0.1719712837031862,81
1,[],4,[],2019-02-21 18:27:49,33607.60356355,0.00007630,0.00000000298398618,6754272,2019-02-21 18:27:49,btc,1.2441218319467615,0.0,0.00007630,btc,10678.03280353,0.00100653,0.5332512520535087,82
1,[],21,[],2019-02-21 18:27:49,161821.63470598,0.00007880000000000000448096421080,0.0000000030817576800000003,6754273,2019-02-21 18:27:49,btc,2.790619537703559,3745.0889549,0.000078800000000000004480964210795690405575442127883434295654296875,btc,27574.37969468,0.29056189,2.8654499614233795,82
0,[],17,[],2019-02-20 09:25:39,0.0,0,0,6732736,2019-02-20 09:25:39,btc,0.0447233088476774,0.0,0,btc,999127.19588126,0.0,0.0,84
0.0000000001234102,[],4,[],2019-02-21 18:27:50,178502442.13946292,4.936408e-18,1.930560059088e-22,6754274,2019-02-21 18:27:50,ltc,0.19531526460284898,0.0,0.00000004,ltc,120231954.33909957,0.0001,4.980287732426486e-10,85
,[],22,[],2018-11-20 23:09:34,3408.1,0.0000001,0.0000000000041895,4862324,2018-11-20 23:09:34,BTC,0.04624735,0.0,,BTC,4990.0,0.0,0.00033081,86
0,[],22,[],2019-02-21 18:28:48,0.0,0,0,6754275,2019-02-21 18:28:48,,2.0760781,0.0,0,,140622.94736842104,0.0,0.0,87
0,[],27,[],2019-02-21 18:28:51,0.0,0,0,6754276,2019-02-21 18:28:51,,0.0,0.0,0,btc,0.0,0.0,0.0,87
,[],2,[],2018-11-20 23:10:47,0.0,0,0,4862359,2018-11-20 23:10:47,,0.0,0.0,,,0.0,0.0,0.0,88
1,[],11,[],2019-02-21 18:28:53,95902.70682443,0.00015103999999999999045464937896809942685649730265140533447265625,0.000000005906962944,6754277,2019-02-21 18:28:53,btc,609.1754931408603,702.20728188,0.00015103999999999999045464937896809942685649730265140533447265625,btc,89720.24839571,0.0,6.487996859086736,89
0,[],2,[],2019-01-20 23:31:45,0.0,0,0,6477083,2019-01-20 23:31:45,,0.0,0.0,0,,0.0,0.0,0.0,91
1,[],12,[],2019-02-21 18:28:55,430847.77182469,0.000001560000000000000098813643899242631363222244544886052608489990234375,0.000000000061009416,6754278,2019-02-21 18:28:55,btc,4.299109359090921,0.0,0.000001560000000000000098813643899242631363222244544886052608489990234375,btc,52947.3823838,0.0012665807467284,0.0448194919999109,91
0,[],17,[],2019-02-21 18:28:58,0.0,0,0,6754279,2019-02-21 18:28:58,btc,0.0,0.0,0,btc,0.0,0.0,0.0,91
0,[],22,[],2019-02-21 18:29:57,0.0,0,0,6754280,2019-02-21 18:29:57,,3.1e-06,0.0,0,,2.0,0.0,0.0,91
0.0000000001234102,[],22,[],2019-02-21 18:30:46,3506520.0,4.936408e-18,1.930560059088e-22,6754281,2019-02-21 18:30:46,LTC,8.54811591,0.0,0.00000004,LTC,72080461.1,0.0,0.1050108,95
0.0000000001234102,[],4,[],2019-02-21 18:30:47,139110511.85056597,8.391893599999999e-17,3.2819521004496002e-21,6754282,2019-02-21 18:30:47,ltc,0.5768932197546037,0.0,0.00000068,ltc,49049829.53398587,0.0001,1.0616881995368598e-09,96
1,[],12,[],2019-02-21 18:30:47,244724.0,0.00000001,0.000000000000391086,6754283,2019-02-21 18:30:47,btc,255075.89595435586,0.0,0.00000001,btc,8802090.84546427,0.000284059000999,0.0024472400000000003,96
0,[],17,[],2019-02-21 18:30:59,0.0,0,0,6754284,2019-02-21 18:30:59,btc,0.0,0.0,0,btc,0.0,0.0,0.0,96
1,[],4,[],2019-02-21 18:31:00,1364673.70431151,0.00000035,0.00000000001368801,6754285,2019-02-21 18:31:00,btc,0.5377130947084623,0.0,0.00000035,btc,902495.70170586,0.04197162,0.1253941095926061,99
0,[],2,[],2019-01-20 23:23:55,0.0,0,0,6476914,2019-01-20 23:23:55,,0.0,0.0,0,,0.0,0.0,0.0,100
1,[],4,[],2019-02-21 18:31:00,202797.26534411,0.00003600,0.0000000014079096,6754286,2019-02-21 18:31:00,btc,0.9607408690089815,0.0,0.00003600,btc,24640.77251286,1.31459038,1.355610667102647,100
1,[],22,[],2019-02-21 18:31:46,50000.0,0.00000001,0.000000000000391086,6754287,2019-02-21 18:31:46,BTC,23.49896609,0.0,0.00000001,BTC,10277.22,0.0,0.0005,101
1,[],4,[],2019-02-21 18:31:47,457544.63254588,0.00000089,0.000000000034806654,6754288,2019-02-21 18:31:47,btc,0.398145954289219,0.0,0.00000089,btc,166092.81365869,0.004221,0.2302583925756007,103
1,[],12,[],2019-02-21 18:31:49,57120553.0,0.000000013,0.0000000000005084118000000001,6754289,2019-02-21 18:31:49,btc,137279450.9134845,0.0,0.000000013,btc,119862774.26747543,0.02586257345954029,0.189791168,105
1,[],27,[],2019-02-21 18:31:51,413310.89,0.00000001,0.000000000000391086,6754290,2019-02-21 18:31:51,btc,0.2139890355560939,9980.0,0.00000001,btc,389775.05581977,0.0001996,0.0041331089,105
1,[],22,[],2019-02-21 18:32:38,9328.0,0.00000001,0.000000000000391086,6754291,2019-02-21 18:32:38,BTC,51.10825004,0.0,0.00000001,BTC,468935.0,0.0,9.328e-05,107
1,[],26,[],2019-02-21 18:32:38,0.0,0.00000000,0,6754292,2019-02-21 18:32:38,btc,0.0,0.0,0.00000000,btc,0.0,0.0,0.0,107
1,[],5,[],2019-02-21 18:32:39,0.0,0,0,6754293,2019-02-21 18:32:39,btc,0.0,0.00142332,0,btc,0.0,0.0,0.0,112
1,[],22,[],2019-02-21 18:33:26,1966.0,0.00000001,0.000000000000391086,6754294,2019-02-21 18:33:26,BTC,2.81183288,0.0,0.00000001,BTC,808524.0833333334,0.0,1.966e-05,112
0,[],27,[],2019-02-21 18:33:29,0.0,0,0,6754295,2019-02-21 18:33:29,,1.35132491849924,0.0,0,"btc,eth",1328.641654,0.0,0.0,112
1,[],4,[],2019-02-21 18:33:30,443764.29458139,0.00000309,0.00000000012084557400000002,6754296,2019-02-21 18:33:30,btc,0.3064736264170988,0.0,0.00000309,btc,78847.60002752,0.02469432,0.1699350307993556,113
1,[],5,[],2019-02-21 18:33:31,0.0,0,0,6754297,2019-02-21 18:33:31,btc,0.0,0.00016901,0,btc,0.0,0.0,0.0,113
1,[],17,[],2019-02-21 16:50:22,152738.278,0.00000004,0.0000000000015680240000000001,6753889,2019-02-21 16:50:22,btc,1.33680302678,0.0,0.00000004,btc,50696.221,0.0,0.0022095311199999998,116
0,[],27,[],2019-02-21 18:33:44,0.0,0,0,6754298,2019-02-21 18:33:44,,0.0,0.0,0,btc,0.0,0.0,0.0,116
1,[],4,[],2019-02-21 18:33:45,27045.27767148,0.00002852,0.000000001115377272,6754299,2019-02-21 18:33:45,btc,1.0579131235727395,0.0,0.00002852,btc,32636.06118581,0.65014864,0.6018301947902902,120
1,[],7,[],2019-02-21 18:33:47,15673.62356682,0.00002992000000000000152597552649513801270586554892361164093017578125,0.000000001170129312,6754300,2019-02-21 18:33:47,btc,115647.02736647052,6406.11594862,0.00002992000000000000152597552649513801270586554892361164093017578125,btc,27734.01296145,0.25469736,0.0530862604493777,120
1,[],20,[],2019-02-21 18:33:50,1205687.0397,0.000000012,0.0000000000004693032000000001,6754301,2019-02-21 18:33:50,btc,31.9239877861223,117308.35,0.000000012,btc,1149876.605,0.0016014333102,0.0037187457072,125
1,[],22,[],2019-02-21 18:34:39,3053.0,0.00000001,0.000000000000391086,6754302,2019-02-21 18:34:39,BTC,0.01444887,0.0,0.00000001,BTC,296263.5111111111,0.0,3.053e-05,126
0,[],17,[],2019-02-21 17:43:43,0.0,0,0,6754098,2019-02-21 17:43:43,btc,0.0009561751951600001,0.0,0,btc,35.42829368,0.0,0.0,131
0,[],2,[],2019-01-20 23:25:46,0.0,0,0,6476969,2019-01-20 23:25:46,,0.0,0.0,0,,0.0,0.0,0.0,131
1,[],4,[],2019-02-21 18:34:40,107547.24137695,0.00001598,0.000000000624955428,6754303,2019-02-21 18:34:40,btc,0.8409443868518538,0.0,0.00001598,btc,42704.91306752,0.47863206,0.7414284913380786,131
1,[],4,[],2019-02-21 18:34:51,4557.72424784,0.00016651,0.000000006511972986000001,6754304,2019-02-21 18:34:51,btc,1.6462887882650394,0.0,0.00016651,btc,334.27808618,0.0,0.0091198358163799,135
1,[],3,[],2019-02-21 18:34:53,1493292.97238508,0.00000005,0.00000000000195543,6754305,2019-02-21 18:34:53,btc,0.1353638247247742,31600.0,0.00000005,btc,597013.30008313,0.0,0.0547479817803677,136
1,[],4,[],2019-02-21 18:34:54,87404.78795825,0.00000143,0.000000000055925298,6754306,2019-02-21 18:34:54,btc,0.1100166301017955,0.0,0.00000143,btc,54808.55597553,0.09879485,0.0753116574635232,137
1,[],12,[],2019-02-21 18:34:55,288457.3620973,0.0000013200000000000000673224496983149123252587742172181606292724609375,0.00000000005162335200000001,6754307,2019-02-21 18:34:55,btc,11807.701794235736,0.0,0.0000013200000000000000673224496983149123252587742172181606292724609375,btc,158449.51799497,0.0024075499947856,0.0147194199999545,137
1,[],4,[],2019-02-21 18:34:56,205906.81916976,0.00005062,0.000000001979677332,6754308,2019-02-21 18:34:56,btc,1.3655879980986383,0.0,0.00005062,btc,20988.34335772,0.15188943,0.3191098575155638,142
1,[],5,[],2019-02-21 18:34:57,0.0,0,0,6754309,2019-02-21 18:34:57,btc,0.0,0.25499757,0,btc,0.0,0.0,0.0,142
1,[],17,[],2019-02-21 18:34:58,22967.386363640002,0.00000088,0.000000000034415568,6754310,2019-02-21 18:34:58,btc,20.06991335298014,0.0,0.00000088,btc,2746.079105,0.0,0.0104613000000032,142
1,[],20,[],2019-02-21 18:35:00,133750.9548,0.0000451,0.00000000176379786,6754311,2019-02-21 18:35:00,btc,0.5698571129914,20.9232,0.0000451,btc,4936.1367,0.00107819622,0.2481089237193,142
1,[],22,[],2019-02-21 17:44:28,1668.2794919373457,0.00005011,0.000000001967348666,6754107,2019-02-21 17:44:28,BTC,3.00424677,0.0,0.00005011,BTC,896.9785515239478,0.0,0.0055959,142
0.0,[],25,[],2019-02-21 17:44:29,0.0,0,0,6754108,2019-02-21 17:44:29,,0.0,0.0,0.0,btc,0.0,0.0,0.0,142
1,[],28,[],2019-02-21 17:44:31,76883.0,0.00004500,0.000000001766727,6754109,2019-02-21 17:44:31,btc,0.060714749,718.0,0.00004500,btc,406.4319,0.0,0.0388422,142
0,[],22,[],2019-02-21 17:45:04,0.0,0,0,6754110,2019-02-21 17:45:04,,61.30543376,0.0,0,,751463658.3,0.0,0.0,143
1,[],21,[],2019-02-21 16:34:46,23569428.65885644,0.00000024,0.000000000009396048,6753706,2019-02-21 16:34:46,btc,59.90768473825139,10131354.59486756,0.00000024,btc,107241425.24134481,2.53249133,2.940244772991363,145
0,[],22,[],2019-02-21 17:45:40,0.0,0,0,6754111,2019-02-21 17:45:40,,4.24946284,0.0,0,,1812156.0,0.0,0.0,146
,[],22,[],2018-11-20 23:01:11,0.0,0,0,4862114,2018-11-20 23:01:11,,2.56807021,0.0,,,61828.4988236,0.0,0.0,147
1,[],12,[],2019-02-21 17:45:41,99304.11000625,0.00000251000000000000010876390933722834830632564262486994266510009765625,0.00000000009854410600000001,6754112,2019-02-21 17:45:41,btc,16.276399943271368,0.0,0.00000251000000000000010876390933722834830632564262486994266510009765625,btc,116506.3360165,0.006109418,0.0182653099999905,148
1,[],4,[],2019-02-21 17:45:42,241613.36796929,0.00000029,0.000000000011385574,6754113,2019-02-21 17:45:42,btc,0.7762723989967818,0.0,0.00000029,btc,587347.61476521,0.0,0.0568147890840236,152
0,[],22,[],2019-02-21 17:46:27,0.0,0,0,6754114,2019-02-21 17:46:27,,0.0,0.0,0,,0.0,0.0,0.0,152
1,[],5,[],2019-02-21 17:46:28,0.0,0,0,6754115,2019-02-21 17:46:28,btc,0.0,0.0001,0,btc,0.0,0.0,0.0,153
,[],16,[],2019-01-11 15:38:59,0.0,0,0,6366141,2019-01-11 15:38:59,btc,0.0,0.0,,btc,0.0,0.0,0.0,155
0,[],22,[],2019-02-21 17:47:01,0.0,0,0,6754116,2019-02-21 17:47:01,,6.74608761,0.0,0,,4644402.242592593,0.0,0.0,156
0,[],23,[],2019-01-20 23:24:29,0.0,0,0,6476932,2019-01-20 23:24:29,,0.0,0.0,0,,0.0,0.0,0.0,156
1,[],22,[],2019-02-21 17:47:53,7073.8,0.00005300,0.0000000020808118,6754117,2019-02-21 17:47:53,BTC,1.80343699,0.0,0.00005300,BTC,899.6422341958436,0.0,0.00104336,157
0,[],22,[],2019-02-21 17:48:42,0.0,0,0,6754118,2019-02-21 17:48:42,,50175.68008609,0.0,0,,54479136.04179466,0.0,0.0,158
,[],17,[],2018-11-20 22:56:10,0.0,0,0,4861976,2018-11-20 22:56:10,btc,1.1265625,0.0,,btc,1000.0,0.0,0.0,159
,[],20,[],2018-11-20 22:56:12,0.0,0,0,4861977,2018-11-20 22:56:12,btc,11912.7940471,0.0,,btc,34413894.3617,0.0,0.0,159
1,[],12,[],2019-02-21 17:48:43,183169.35948501,0.000007639999999999999696627221712486033311506616882979869842529296875,0.000000000299950984,6754119,2019-02-21 17:48:43,btc,6.656183911854435,0.0,0.000007639999999999999696627221712486033311506616882979869842529296875,btc,14354.924700970001,0.015121924512064,0.1011347708079627,168
1,[],17,[],2019-02-21 17:48:44,29784.95,0.000001,0.0000000000392606,6754120,2019-02-21 17:48:44,btc,0.03026736251542,0.0,0.000001,btc,144.46171372,0.0,0.00716147,168
0,[],22,[],2019-02-21 17:49:17,0.0,0,0,6754121,2019-02-21 17:49:17,,1.14695792,0.0,0,,779972.8900917594,0.0,0.0,169
1,[],22,[],2019-02-21 17:50:07,150000.0,0.0000003,0.00000000001177818,6754122,2019-02-21 17:50:07,BTC,13.25692089,0.0,0.0000003,BTC,154323.0692833196,0.002915,0.0195,171
1,[],22,[],2019-02-21 17:50:44,152929.125,0.00000008,0.000000000003140848,6754123,2019-02-21 17:50:44,BTC,2.66644514,0.0,0.00000008,BTC,275350.58731670975,0.00164919,0.0089885,173
1,[],5,[],2019-02-21 17:50:45,0.0,0,0,6754124,2019-02-21 17:50:45,btc,0.0,0.02054094,0,btc,0.0,0.0,0.0,175
1,[],22,[],2019-02-21 17:51:22,45784.0,0.0000003,0.00000000001177818,6754125,2019-02-21 17:51:22,BTC,0.5289391,0.0,0.0000003,BTC,142708.91384013777,0.0,0.0052016,176
1,[],7,[],2019-02-21 17:51:24,0.0,0,0,6754126,2019-02-21 17:51:24,btc,410918.74289475416,1062692.30769,0,btc,117566910.84971198,0.01062692,0.0,178
0,[],22,[],2019-02-21 17:53:55,0.0,0,0,6754127,2019-02-21 17:53:55,,1.00242428,0.0,0,,57512.0,0.0,0.0,178
0,[],2,[],2019-01-20 23:28:34,0.0,0,0,6477001,2019-01-20 23:28:34,,0.0,0.0,0,,0.0,0.0,0.0,178
1,[],5,[],2019-02-21 17:53:57,0.0,0,0,6754128,2019-02-21 17:53:57,btc,0.0,0.07766568,0,btc,0.0,0.0,0.0,179
1,[],22,[],2019-02-21 17:55:34,7050947.0,0.00000002,0.000000000000785212,6754129,2019-02-21 17:55:34,BTC,5.48914188,0.0,0.00000002,"BTC,LTC",17362807.968656633,0.00614352,0.37595966,179
0,[],23,[],2019-01-20 23:25:08,0.0,0,0,6476952,2019-01-20 23:25:08,,0.0,0.0,0,,0.0,0.0,0.0,179
1,[],17,[],2019-02-21 17:55:48,10504.725,0.0000001,0.00000000000392606,6754130,2019-02-21 17:55:48,btc,5.2010695838170005,0.0,0.0000001,btc,4994.45945,0.0,0.0010504725,180
1,[],22,[],2019-02-21 17:57:02,159349.52,0.00000025,0.00000000000981515,6754131,2019-02-21 17:57:02,BTC,0.18643388,0.0,0.00000025,"BTC,LTC",53326.84887984667,1.397e-05,0.00467147,180
1,[],26,[],2019-02-21 17:57:02,0.0,0.00000100,0.0000000000392606,6754132,2019-02-21 17:57:02,btc,0.0,100.0,0.00000100,btc,0.0,0.0,0.0,180
,[],7,[],2018-11-20 22:58:01,562227.975654,0.00000085,0.000000000036176765,4862015,2018-11-20 22:58:01,btc,21836.6059674,2491.87645172,,btc,749999.041456,0.00211021,0.127565380455,183
,[],5,[],2019-01-10 08:11:41,0.0,0,0,6347036,2019-01-10 08:11:41,btc,82.15055501,0.00261,,btc,1.19002445,0.0,0.0,187
1,[],24,[],2019-02-21 17:57:02,0.0,0.000000000001,3.92606e-17,6754133,2019-02-21 17:57:02,btc,0.0,0.0,0.000000000001,btc,0.0,0.0,0.0,187
,[],17,[],2018-11-16 20:58:10,4062536.27273,0.00000001,0.000000000000550501,4708775,2018-11-16 20:58:10,btc,3.36492563466,0.195460381006,,"btc,eth",110697919.549,0.0,0.0157628953496,187
0,[],22,[],2019-02-21 17:57:30,0.0,0,0,6754134,2019-02-21 17:57:30,,1.19374396,0.0,0,,16308.869534405507,0.0,0.0,191
0,[],22,[],2019-02-21 17:58:49,0.0,0,0,6754135,2019-02-21 17:58:49,,0.0,0.0,0,,0.0,0.0,0.0,197
0,[],23,[],2019-01-20 23:31:41,0.0,0,0,6477079,2019-01-20 23:31:41,,0.0,0.0,0,,0.0,0.0,0.0,199
0,[],22,[],2019-02-21 17:59:21,0.0,0,0,6754136,2019-02-21 17:59:21,,5.17330081,0.0,0,,21824453.0,0.0,0.0,199
1,[],26,[],2019-02-21 17:59:21,0.0,0.00000000,0,6754137,2019-02-21 17:59:21,btc,0.0,0.0,0.00000000,btc,0.0,0.0,0.0,199
0,[],17,[],2019-01-30 16:32:01,0.0,0,0,6540827,2019-01-30 16:32:01,btc,6.802544163788159,0.0,0,btc,105897.55575295,0.0,0.0,200
0,[],2,[],2019-01-20 23:30:49,0.0,0,0,6477059,2019-01-20 23:30:49,,0.0,0.0,0,,0.0,0.0,0.0,201
1,[],4,[],2019-01-25 15:51:35,2084389.58565343,0.00000936,0.000000000333526752,6499557,2019-01-25 15:51:35,btc,2.0092503037378524,0.0,0.00000936,btc,160195.80207885,0.19272417,1.242687955921835,211
1,[],7,[],2019-02-21 17:59:24,3964656.3834463,0.0000013299999999999999715787242504649867669286322779953479766845703125,0.000000000052216598,6754138,2019-02-21 17:59:24,btc,15475878.145046206,1317290.11654,0.0000013299999999999999715787242504649867669286322779953479766845703125,btc,14323142.09071841,1.81247338,2.8308006943512813,212
1,[],5,[],2019-02-21 17:59:26,0.0,0,0,6754139,2019-02-21 17:59:26,btc,0.0,0.11796675,0,btc,0.0,0.0,0.0,213
1,[],24,[],2019-02-21 17:59:26,0.0,0.000000100000,0.00000000000392606,6754140,2019-02-21 17:59:26,btc,0.0,0.0,0.000000100000,btc,0.0,0.0,0.0,213
1,[],26,[],2019-02-21 17:59:26,0.0,0.00000009,0.000000000003533454,6754141,2019-02-21 17:59:26,btc,0.0,0.0,0.00000009,btc,0.0,0.0,0.0,213
1,[],12,[],2019-01-25 02:44:32,207462.42853209,0.000001080000000000000035831255497387193287295303889550268650054931640625,0.000000000038610756000000006,6493050,2019-01-25 02:44:32,btc,85023.03793723314,0.0,0.000001080000000000000035831255497387193287295303889550268650054931640625,btc,43675.73520027,0.000146250909087,0.0348620860622024,213
1,[],22,[],2019-02-21 18:01:49,0.0,0.00000001,0.000000000000392606,6754142,2019-02-21 18:01:49,BTC,0.0,0.0,0.00000001,BTC,0.0,0.0,0.0,216
1,[],27,[],2019-02-21 18:01:52,5217804.5615,0.00000008,0.000000000003140848,6754143,2019-02-21 18:01:52,btc,363.2692626291,0.0,0.00000008,"btc,ltc",288399.241,0.0,0.05527756246,216
1,[],22,[],2019-02-21 18:02:43,305622.220524957,0.00000231,0.000000000090691986,6754144,2019-02-21 18:02:43,BTC,12673.46289736,0.0,0.00000231,BTC,355296.07192557154,0.12266516,0.45662825,217
1,[],7,[],2019-02-21 18:02:45,0.0,0,0,6754145,2019-02-21 18:02:45,btc,77969.6156418105,0.0,0,btc,137055636.5050253,0.0,0.0,219
0,[],27,[],2019-02-21 18:02:47,0.0,0,0,6754146,2019-02-21 18:02:47,,0.0740438339680921,0.0,0,btc,1536429.20709513,0.0,0.0,219
0.0000000000000052,[],28,[],2019-02-21 18:02:50,168263753.092,5.2e-18,2.0415512e-22,6754147,2019-02-21 18:02:50,doge,83804.0320117675,44934.5966,0.00100000,"btc,doge",4733437.84751,0.0,1.199038290483488e-11,219
1,[],22,[],2019-02-21 18:03:53,230616.6,0.00000021,0.000000000008244726,6754148,2019-02-21 18:03:53,BTC,2.99220321,0.0,0.00000021,BTC,86125.27041875875,0.00193681,0.02863401,221
1,[],24,[],2019-02-21 18:03:53,0.0,0.000000190000,0.000000000007459514,6754149,2019-02-21 18:03:53,btc,0.0,0.0,0.000000190000,btc,0.0,0.0,0.0,221
1,[],20,[],2019-02-21 18:03:55,43228436.1239,0.000000001,0.0000000000000392606,6754150,2019-02-21 18:03:55,btc,47.9968636290187,1015845.7339,0.000000001,btc,11147457.9984,0.0010158457339,0.0432284361239,224
0,[],22,[],2019-02-21 18:04:44,0.0,0,0,6754151,2019-02-21 18:04:44,,0.0,0.0,0,,0.0,0.0,0.0,224
1,[],26,[],2019-02-21 18:04:44,0.0,0.00000036,0.000000000014133816,6754152,2019-02-21 18:04:44,btc,0.0,0.0,0.00000036,btc,0.0,0.0,0.0,231
1,[],26,[],2019-02-21 18:04:44,0.0,0.00000006,0.000000000002355636,6754153,2019-02-21 18:04:44,btc,0.0,0.0,0.00000006,btc,0.0,0.0,0.0,234
0,[],27,[],2019-02-21 18:04:48,0.0,0,0,6754154,2019-02-21 18:04:48,,0.0113483662182,0.0,0,"btc,eth",11462.99618,0.0,0.0,234
0,[],22,[],2019-02-21 18:05:47,0.0,0,0,6754155,2019-02-21 18:05:47,,4.79250648,0.0,0,,108037273.81349206,0.0,0.0,235
1,[],4,[],2019-02-21 18:05:48,1137558.94316463,0.00000087,0.000000000034156722,6754156,2019-02-21 18:05:48,btc,0.4897458044826944,0.0,0.00000087,btc,332355.12024182,0.17179938,0.4117622360207771,236
1,[],24,[],2019-02-21 18:05:48,0.0,0.000000020010,0.000000000000785604606,6754157,2019-02-21 18:05:48,btc,0.0,0.0,0.000000020010,btc,0.0,0.0,0.0,236
1,[],20,[],2019-02-21 18:05:50,67584835.7919,0.000000057,0.0000000000022378542000000002,6754158,2019-02-21 18:05:50,btc,17.0525440673206,31909306.9571,0.000000057,btc,44293115.1132,1.9315906473502,0.3805439279436,237
1,[],22,[],2019-02-21 18:06:37,116403.0,0.00000004,0.000000000001570424,6754159,2019-02-21 18:06:37,BTC,0.0405823,0.0,0.00000004,"BTC,LTC",3164.0,0.0,0.00482009,237
1,[],4,[],2019-02-21 18:06:39,4695289.73975472,0.00000033,0.000000000012955998,6754160,2019-02-21 18:06:39,btc,0.521365862028565,0.0,0.00000033,btc,1412646.79108207,0.13601896,1.4744637838036425,238
1,[],5,[],2019-02-21 18:06:40,0.0,0,0,6754161,2019-02-21 18:06:40,btc,0.0,0.00988414,0,btc,0.0,0.0,0.0,238
0,[],22,[],2019-02-21 18:07:09,0.0,0,0,6754162,2019-02-21 18:07:09,,27.41701007,0.0,0,,370860.0639027493,0.0,0.0,249
0.0000000001234004,[],22,[],2019-02-21 18:07:51,7021097.666666667,3.702012e-18,1.453432123272e-22,6754163,2019-02-21 18:07:51,LTC,0.56670218,0.0,0.00000003,LTC,15147487.09,0.0,0.20963595,252
1,[],28,[],2019-02-21 18:07:53,4391956.698,0.0000001,0.00000000000392606,6754164,2019-02-21 18:07:53,btc,164693.72235365084,67216.1,0.0000001,btc,1231660.0351,0.0,0.2663411375,256
1,[],22,[],2019-02-21 18:08:24,2456873.6666666665,0.00000003,0.000000000001177818,6754165,2019-02-21 18:08:24,BTC,31.40136946,0.0,0.00000003,BTC,455878.4505485993,0.000495,0.05256093,258
1,[],22,[],2019-02-21 18:09:06,48751.0,0.00000001,0.000000000000392606,6754166,2019-02-21 18:09:06,BTC,2.4175745,0.0,0.00000001,BTC,1762.0,0.0,0.00048751,259
1,[],22,[],2019-02-21 18:09:53,12404.0,0.00000920,0.00000000036119752,6754167,2019-02-21 18:09:53,BTC,1398.83484813,0.0,0.00000920,"BTC,LTC",9353.117446291053,0.01569151,0.02745255,262
1,[],5,[],2019-02-21 18:09:54,0.0,0,0,6754168,2019-02-21 18:09:54,btc,0.0,0.08969471,0,btc,0.0,0.0,0.0,264
1,[],20,[],2019-02-21 18:09:56,1222051.4634,0.000002022,0.0000000000793849332,6754169,2019-02-21 18:09:56,btc,7.6838665914988,54696.8967,0.000002022,btc,106405.0146,0.181317099263,0.0320508608257,264
1,[],22,[],2019-02-21 18:10:35,36164.0,0.00000001,0.000000000000392606,6754170,2019-02-21 18:10:35,BTC,8.4442135,0.0,0.00000001,BTC,427909.69136002666,9.25e-05,0.00036164,271
0,[],22,[],2019-02-21 18:12:26,0.0,0,0,6754171,2019-02-21 18:12:26,,390.78678703,0.0,0,,15707597515.9,0.0,0.0,272
0.0000000000000052,[],28,[],2019-02-21 18:12:27,262681912249.969,4.316e-21,1.6944874960000001e-25,6754172,2019-02-21 18:12:27,doge,1146433.590854052,28587624128.491,0.00000083,doge,217278746333.12274,0.0,7.382609444420181e-10,272
1,[],22,[],2019-02-21 18:13:18,14130.796915422885,0.00000201,0.000000000078913806,6754173,2019-02-21 18:13:18,BTC,74.28857832,0.0,0.00000201,"BTC,LTC",7360.987450307482,0.09423046,0.04322274,281
1,[],22,[],2019-02-21 18:15:09,60770.0,0.00000002,0.000000000000785212,6754174,2019-02-21 18:15:09,BTC,1.33192801,0.0,0.00000002,BTC,127600.04598459575,5.594e-05,0.0010077,286
0,[],22,[],2019-02-21 18:15:37,0.0,0,0,6754175,2019-02-21 18:15:37,,43633.68212286,0.0,0,,335277129.0,0.0,0.0,294
