pairValue,buyBook,exchangeId,sellBook,updated,buyTotal,satoshiPrice,usdPrice,exchangeLogId,created,bestPair,sellTotalBtc,volume,pairPrice,activePairs,sellTotal,volumeBtc,buyTotalBtc,coinId
1,[],3,[],2019-01-25 18:39:01,105.391008089678,0.0128110900000000006715428213510676869191229343414306640625,0.000000454237693694,6501054,2019-01-25 18:39:01,btc,106.96159737838867,1.10352526,0.0128110900000000006715428213510676869191229343414306640625,btc,13.472912482751001,0.0,0.1340360014808384,1
1,[],4,[],2019-01-25 18:39:02,25090.85901397,0.01288043,0.000000456696254338,6501055,2019-01-25 18:39:02,btc,0.9894388127883472,0.0,0.01288043,btc,70.33481605,0.794747,1.4022474775171105,1
1,[],5,[],2019-01-25 18:39:04,0.22442847,0.01252178,0.000000443979744748,6501056,2019-01-25 18:39:04,btc,14578.4565856,0.01389377,0.01252178,btc,35555556.27756387,0.0,1.4462125,1
1,[],10,[],2019-01-25 18:39:06,270215.8794253,0.012795,0.000000453667197,6501057,2019-01-25 18:39:06,btc,6396.857136075887,1786.12555636,0.012795,btc,929.00047553,0.0,3.128639989967294,1
1,[],12,[],2019-01-25 18:39:09,10411.09776112,0.012510000000000000286437540353290387429296970367431640625,0.000000443562066,6501058,2019-01-25 18:39:09,btc,0.3967689002486,0.0,0.012510000000000000286437540353290387429296970367431640625,btc,25.14144304,0.1379577699898,0.102826484701,1
1,[],20,[],2019-01-25 18:39:10,1350.2693,0.010510002,0.0000003726489369132,6501059,2019-01-25 18:39:10,btc,0.0836892101406,0.5,0.010510002,btc,4.0102,0.0052550005,0.1057894651751,1
1,[],21,[],2019-01-25 18:39:11,2493.66602787,0.01305731000000000079086515115,0.000000462967817746,6501060,2019-01-25 18:39:11,btc,31.10096085682135,6917.80478329,0.01305731000000000079086515114568101125769317150115966796875,"btc,eth",2698.51784266,86.43268385959614,26.226976411355196,1
1,[],22,[],2019-01-25 18:39:15,0.0363776,0.01400000,0.0000004963924,6501061,2019-01-25 18:39:15,BTC,0.31387019,0.0,0.01400000,BTC,0.09333966666666667,0.0,0.00048472,1
1,[],24,[],2019-01-25 18:39:15,0.0,0.000000000000,0,6501062,2019-01-25 18:39:15,btc,0.0,0.0,0.000000000000,btc,0.0,0.0,0.0,1
0.0,[],25,[],2019-01-25 18:39:16,0.0,0,0,6501063,2019-01-25 18:39:16,btc,16.027299998091895,440.74982905,0.0,btc,1194.71343098,5.6129,0.0,1
1,[],26,[],2019-01-25 18:39:43,0.0,0,0,6501064,2019-01-25 18:39:43,,0.0,0.0,0,,0.0,0.0,0.0,1
1,[],28,[],2019-01-25 18:39:45,987.9,0.01131000,0.00000040101414599999997,6501065,2019-01-25 18:39:45,btc,0.162839806,10230.8,0.01131000,btc,8.9,0.0,0.024551096,1
0,[],2,[],2019-01-20 23:28:45,0.0,0,0,6477011,2019-01-20 23:28:45,,0.0,0.0,0,,0.0,0.0,0.0,1
1,[],5,[],2019-01-25 18:39:46,1.684e-05,0.00000068,0.000000000024110488,6501066,2019-01-25 18:39:46,btc,0.17205381,0.0151017,0.00000068,btc,7.413e-05,0.0,0.52152208,2
0,[],22,[],2019-01-25 18:39:49,0.0,0,0,6501067,2019-01-25 18:39:49,,0.0,0.0,0,,0.0,0.0,0.0,2
1,[],5,[],2019-01-25 18:39:50,1.42e-06,0.00000017,0.000000000006027622,6501068,2019-01-25 18:39:50,btc,3.89885261,0.22795179,0.00000017,btc,2.267e-05,0.0,2.67750626,3
1,[],12,[],2019-01-25 18:39:51,12563722.60932884,0.000000168,0.0000000000059567088,6501069,2019-01-25 18:39:51,btc,921315.4057143243,0.0,0.000000168,btc,8044201.3802511,0.03346943440004256,0.5665166142958143,3
0,[],28,[],2019-01-25 18:39:52,0.0,0,0,6501070,2019-01-25 18:39:52,,0.0,0.0,0,,0.0,0.0,0.0,3
0,[],2,[],2019-01-20 23:31:32,0.0,0,0,6477077,2019-01-20 23:31:32,,0.0,0.0,0,,0.0,0.0,0.0,4
1,[],4,[],2019-01-25 18:39:53,388727.06418247,0.00000045,0.00000000001595547,6501071,2019-01-25 18:39:53,btc,0.493764165489132,0.0,0.00000045,btc,321861.57239204,0.00729936,0.0669398616146416,4
1,[],12,[],2019-01-25 15:53:49,1222127.5219999999,0.00000003,0.000000000001069017,6499609,2019-01-25 15:53:49,btc,11013867.817925906,0.0,0.00000003,btc,969763.77092902,0.0,0.01617509044,5
0,[],2,[],2019-01-20 23:31:51,0.0,0,0,6477087,2019-01-20 23:31:51,,0.0,0.0,0,,0.0,0.0,0.0,6
1,[],11,[],2019-01-25 18:39:55,3384831.0,0.00000001,0.000000000000354566,6501072,2019-01-25 18:39:55,btc,9432.277163828405,700000.0,0.00000001,btc,41556185.65759839,0.0,0.03384831,6
1,[],3,[],2019-01-25 18:39:57,1051.093167918516,0.00015051999999999998865705952422189284334308467805385589599609375,0.000000005336927431999999,6501073,2019-01-25 18:39:57,btc,30.108593419388622,0.0,0.00015051999999999998865705952422189284334308467805385589599609375,btc,231.077492617847,0.0,0.028198323718741553,7
1,[],4,[],2019-01-25 18:39:57,24455.15906991,0.00016791,0.000000005953517706,6501074,2019-01-25 18:39:57,btc,1.8690455489441662,0.0,0.00016791,btc,10210.25205288,2.22640844,3.726145923795694,7
1,[],5,[],2019-01-25 18:39:58,0.00569219,0.00016061,0.000000005694684526,6501075,2019-01-25 18:39:58,btc,1.24578624,0.14270349,0.00016061,btc,0.01124036,0.0,1.75865679,7
1,[],20,[],2019-01-25 18:40:00,61771509.8802,0.000000001,0.0000000000000354566,6501076,2019-01-25 18:40:00,btc,121.193338259396,0.0,0.000000001,btc,26031125.3262,0.0,0.0617715098802,8
0,[],2,[],2019-01-20 23:22:42,0.0,0,0,6476876,2019-01-20 23:22:42,,0.0,0.0,0,,0.0,0.0,0.0,9
0,[],23,[],2019-01-20 23:22:48,0.0,0,0,6476878,2019-01-20 23:22:48,,0.0,0.0,0,,0.0,0.0,0.0,9
1,[],1,[],2019-01-25 18:40:01,1585681.45,0.00000190999999999999992415680542812150832787665422074496746063232421875,0.000000000067722106,6501077,2019-01-25 18:40:01,btc,7.0088827771,22029275.78,0.00000190999999999999992415680542812150832787665422074496746063232421875,btc,3592136.5,42.27405614,2.9875777925,9
1,[],4,[],2019-01-25 18:40:02,408148.56891784,0.00000193,0.000000000068431238,6501078,2019-01-25 18:40:02,btc,0.8132553790725786,0.0,0.00000193,btc,406308.18182479,1.89849834,0.715438863046685,9
1,[],28,[],2019-01-25 18:40:04,34500.0,0.00000165,0.00000000005850339,6501079,2019-01-25 18:40:04,btc,2708.7525973402,1517604.0,0.00000165,btc,8331.02,0.0,0.02854,9
1,[],4,[],2019-01-25 18:40:04,8195475.07026053,0.00000002,0.000000000000709132,6501080,2019-01-25 18:40:04,btc,0.2176847570456985,0.0,0.00000002,btc,4211774.99539122,0.00151907,0.0857388459052106,10
0,[],2,[],2019-01-20 23:23:08,0.0,0,0,6476890,2019-01-20 23:23:08,,0.0,0.0,0,,0.0,0.0,0.0,12
1,[],4,[],2019-01-25 18:40:05,2049615.4979366,0.00000147,0.000000000052121202,6501081,2019-01-25 18:40:05,btc,1.1943777267658233,0.0,0.00000147,btc,783114.36291212,2.11234606,2.8200519582496346,12
1,[],5,[],2019-01-25 18:40:07,1.261e-05,0.00000138,0.000000000048930108,6501082,2019-01-25 18:40:07,btc,0.29561782,0.74343217,0.00000138,btc,0.00010718,0.0,0.072981,12
0.0,[],25,[],2019-01-25 18:40:08,0.0,0,0,6501083,2019-01-25 18:40:08,,0.0,0.0,0.0,btc,0.0,0.0,0.0,12
1,[],4,[],2019-01-25 18:40:09,294187.54826174,0.00000661,0.000000000234368126,6501084,2019-01-25 18:40:09,btc,0.3007385409612968,0.0,0.00000661,btc,42480.82715897,0.5347948,1.295588018610985,13
1,[],10,[],2019-01-25 18:40:14,619310.63162162,0.00000671,0.000000000237913786,6501085,2019-01-25 18:40:14,btc,666784.4309068938,5203.97285013,0.00000671,btc,830179.51233089,0.0,0.8747270799308074,13
1,[],21,[],2019-01-25 18:40:15,1582624.00127101,0.000006999999999999999894995019595,0.0000000002481962,6501086,2019-01-25 18:40:15,btc,4.907665773027252,436671.14391451,0.0000069999999999999998949950195947788955663781962357461452484130859375,btc,629674.9775842,3.08389959,6.277477329132402,13
0,[],17,[],2019-01-25 15:48:21,0.0,0,0,6499443,2019-01-25 15:48:21,btc,0.0,0.0,0,btc,0.0,0.0,0.0,14
1,[],4,[],2019-01-25 18:40:16,750025.62204436,0.00000190,0.00000000006736754,6501087,2019-01-25 18:40:16,btc,0.2170015828825739,0.0,0.00000190,btc,82424.81735729,0.18555785,0.2166482892124585,14
1,[],12,[],2019-01-25 18:40:17,90240.47933816,0.000001799999999999999918546601286595265634105089702643454074859619140625,0.00000000006382187999999999,6501088,2019-01-25 18:40:17,btc,1.792057977305122,0.0,0.000001799999999999999918546601286595265634105089702643454074859619140625,btc,38914.61521423,0.0005402213852196,0.0213807164838332,14
1,[],26,[],2019-01-25 18:40:18,0.0,0.00000020,0.00000000000709132,6501089,2019-01-25 18:40:18,btc,0.0,0.0,0.00000020,btc,0.0,0.0,0.0,14
,[],12,[],2018-12-01 15:15:48,204241.84496,0.00000489,0.000000000202473384,5260204,2018-12-01 15:15:48,btc,49.5475654835,0.0,,btc,35763.2193806,0.0163153972027625,0.0203389899998,15
0,[],4,[],2019-01-25 18:40:19,0.0,0,0,6501090,2019-01-25 18:40:19,,0.0,0.0,0,,0.0,0.0,0.0,15
0,[],2,[],2019-01-20 23:23:38,0.0,0,0,6476906,2019-01-20 23:23:38,,0.0,0.0,0,,0.0,0.0,0.0,18
0,[],17,[],2019-01-25 15:48:32,0.0,0,0,6499450,2019-01-25 15:48:32,btc,0.0,0.0,0,btc,0.0,0.0,0.0,18
1,[],4,[],2019-01-25 18:40:20,27408.29406038,0.00001776,0.000000000629709216,6501091,2019-01-25 18:40:20,btc,1.2171654107503147,0.0,0.00001776,btc,6886.22267317,0.21361062,0.1144545448109177,18
1,[],10,[],2019-01-25 18:40:22,390898.90633042,0.000018,0.0000000006382188,6501092,2019-01-25 18:40:22,btc,15.55639647945007,357.10831283,0.000018,btc,10500.54211908,0.0,0.1967355964936046,18
1,[],12,[],2019-01-25 18:40:23,200318.44551726998,0.00001732000000000000019032518616679539036340429447591304779052734375,0.000000000614108312,6501093,2019-01-25 18:40:23,btc,0.2028012548781292,0.0,0.00001732000000000000019032518616679539036340429447591304779052734375,btc,2326.50643457,3.526e-05,0.0190542412134785,18
0,[],2,[],2019-01-20 23:24:19,0.0,0,0,6476924,2019-01-20 23:24:19,,0.0,0.0,0,,0.0,0.0,0.0,19
1,[],3,[],2019-01-25 18:40:25,108260.73369953402,0.0000381099999999999993448296375930794965825043618679046630859375,0.000000001351251026,6501094,2019-01-25 18:40:25,btc,1.2998652098987018,0.80529903053,0.0000381099999999999993448296375930794965825043618679046630859375,btc,8495.24261433997,0.0,0.0980552279316982,19
1,[],4,[],2019-01-25 18:40:26,63873.3558892,0.00003627,0.000000001286010882,6501095,2019-01-25 18:40:26,btc,1.6600021797011624,0.0,0.00003627,btc,34757.07391976,0.66225892,1.33211052621582,19
1,[],5,[],2019-01-25 18:40:28,0.00029437,0.00003057,0.000000001083908262,6501096,2019-01-25 18:40:28,btc,0.30952436,0.0,0.00003057,btc,0.00350564,0.0,0.19117301,19
1,[],12,[],2019-01-25 18:40:28,129522.42312129,0.0000368500000000000012441436769705660481122322380542755126953125,0.00000000130657571,6501097,2019-01-25 18:40:28,btc,1.9920402817121774,0.0,0.0000368500000000000012441436769705660481122322380542755126953125,btc,419.49251023,0.0,0.0382205220195365,19
0,[],27,[],2019-01-25 18:40:30,0.0,0,0,6501098,2019-01-25 18:40:30,,0.0,0.0,0,btc,0.0,0.0,0.0,19
1,[],4,[],2019-01-25 18:40:31,9445120.03177168,0.00000014,0.000000000004963924,6501099,2019-01-25 18:40:31,btc,0.8258869516373093,0.0,0.00000014,btc,1595401.4574161,0.00145666,0.3953498407846703,20
0,[],17,[],2019-01-25 15:49:42,0.0,0,0,6499491,2019-01-25 15:49:42,btc,0.0,0.0,0,btc,0.0,0.0,0.0,21
1,[],4,[],2019-01-25 18:40:32,127086603.32801595,0.00000002,0.000000000000709132,6501100,2019-01-25 18:40:32,btc,0.9337528255554453,0.0,0.00000002,btc,20171752.25023587,0.12825584,1.5515116507701596,21
1,[],12,[],2019-01-25 18:40:32,19817104.0,0.00000002,0.000000000000709132,6501101,2019-01-25 18:40:32,btc,668.0269170409202,0.0,0.00000002,btc,7962035.57642629,0.0142154480319687,0.26927859,21
1,[],12,[],2019-01-25 18:40:34,4650532050.531896,0.0000000001,0.00000000000000354566,6501102,2019-01-25 18:40:34,btc,621663608744.162,0.0,0.0000000001,btc,6508705307.382849,0.00229641396503496,0.4650532050531896,23
0,[],27,[],2019-01-25 18:40:36,0.0,0,0,6501103,2019-01-25 18:40:36,,0.424699,0.0,0,eth,424699.0,0.0,0.0,23
1,[],4,[],2019-01-25 18:40:37,2234790.68793673,0.00000086,0.000000000030492675999999997,6501104,2019-01-25 18:40:37,btc,0.112678067854633,0.0,0.00000086,btc,86061.15684899,0.00578103,0.4433666296231999,24
1,[],22,[],2019-01-25 18:40:40,11.76,0.00000100,0.0000000000354566,6501105,2019-01-25 18:40:40,BTC,7.415e-05,0.0,0.00000100,BTC,23.919354838709676,0.0,1.176e-05,24
0.0,[],25,[],2019-01-25 18:40:41,0.0,0,0,6501106,2019-01-25 18:40:41,,0.0,0.0,0.0,btc,0.0,0.0,0.0,24
0,[],2,[],2019-01-20 23:25:56,0.0,0,0,6476976,2019-01-20 23:25:56,,0.0,0.0,0,,0.0,0.0,0.0,26
1,[],4,[],2019-01-25 18:40:42,10034078.71364373,0.00000713,0.000000000252805558,6501107,2019-01-25 18:40:42,btc,0.4576066826133452,0.0,0.00000713,btc,36896.68649631,0.16637785,0.2569383450208136,26
1,[],10,[],2019-01-25 18:40:44,728525.92283214,0.00000674,0.000000000238977484,6501108,2019-01-25 18:40:44,btc,27.97592764544904,0.0,0.00000674,btc,12715.42087038,0.0,0.2032476308374485,26
1,[],3,[],2019-01-25 18:40:45,8045385.51415143,0.00000001,0.000000000000354566,6501109,2019-01-25 18:40:45,btc,3.0953068247746516,57323.8149298,0.00000001,btc,17844097.89243544,0.0,0.0804538551415143,27
1,[],5,[],2019-01-25 18:40:46,1e-08,0.00000001,0.000000000000354566,6501110,2019-01-25 18:40:46,btc,2.61407479,0.00054715,0.00000001,btc,4.13e-05,0.0,0.02479358,27
1,[],11,[],2019-01-25 18:40:47,10597882.41182718,0.00000005,0.0000000000017728299999999998,6501111,2019-01-25 18:40:47,btc,370.53275036350783,1000.0,0.00000005,btc,8220964.80991447,0.0,0.4932896594767663,27
1,[],4,[],2019-01-25 18:40:48,266216359.39404812,0.00000003,0.000000000001063698,6501112,2019-01-25 18:40:48,btc,3.5263506022237743,0.0,0.00000003,"btc,ltc",120050710.48255104,2.58142448,3.273764933138361,29
1,[],7,[],2019-01-25 18:40:50,40153540.04590026,0.00000003,0.0000000000010636979999999999,6501113,2019-01-25 18:40:50,btc,44465218.1023677,624973.684978,0.00000003,btc,38832495.3762703,0.02165232,0.7363371493926447,29
0,[],17,[],2019-01-25 15:50:57,0.0,0,0,6499534,2019-01-25 15:50:57,btc,0.0,0.0,0,btc,0.0,0.0,0.0,30
1,[],4,[],2019-01-25 18:40:50,1260809.48032584,0.00000038,0.000000000013473508,6501114,2019-01-25 18:40:50,btc,0.31959740121508,0.0,0.00000038,btc,494411.2891788,0.01194982,0.0658725458720022,30
1,[],4,[],2019-01-25 18:40:52,39983.42766424,0.00009299,0.000000003297109234,6501115,2019-01-25 18:40:52,btc,1.6133287905006721,0.0,0.00009299,btc,15208.34490936,1.41006367,2.9512924063084207,31
1,[],21,[],2019-01-25 18:40:53,77176.1798766,0.00009249999999999999867293654088,0.0000000032797355,6501116,2019-01-25 18:40:53,btc,5.5166579458222085,498730.43180153,0.00009249999999999999867293654087774257277487777173519134521484375,btc,56268.53358023,45.56860977,6.789415463221463,31
0,[],2,[],2019-01-20 23:28:43,0.0,0,0,6477009,2019-01-20 23:28:43,,0.0,0.0,0,,0.0,0.0,0.0,32
1,[],4,[],2019-01-25 18:30:31,132126617.6783384,0.00000005,0.0000000000017740850000000001,6500933,2019-01-25 18:30:31,btc,0.6704116951403138,0.0,0.00000005,"btc,ltc",15871664.12104916,1.26294575,1.9565150299135385,33
1,[],12,[],2019-01-25 18:30:32,24270362.0,0.00000006,0.000000000002128902,6500934,2019-01-25 18:30:32,btc,17261783.04872581,0.0,0.00000006,btc,87398864.09390602,0.3720296344755223,0.96536397,33
1,[],4,[],2019-01-25 15:51:47,121436519.49535657,0.00000002,0.000000000000712664,6499565,2019-01-25 15:51:47,btc,0.7770388655030004,0.0,0.00000002,btc,25623680.84561682,0.04566956,1.2289232726234858,34
1,[],5,[],2019-01-25 15:51:48,3e-08,0.00000002,0.000000000000712664,6499566,2019-01-25 15:51:48,btc,3.15691075,0.01219489,0.00000002,btc,1.394e-05,0.0,0.77186813,34
0,[],17,[],2019-01-25 15:49:25,0.0,0,0,6499481,2019-01-25 15:49:25,btc,0.08200904495920741,0.0,0,btc,5842697.91583647,0.0,0.0,36
0.0000000000905957,[],4,[],2019-01-25 18:40:53,2954915471.789656,3.623828e-18,1.284886198648e-22,6501117,2019-01-25 18:40:53,ltc,3.5033447602049254e-09,0.0,0.00000004,ltc,615913528.893288,0.0,7.176732632213798e-09,36
1,[],5,[],2019-01-25 18:40:54,0.0,0,0,6501118,2019-01-25 18:40:54,btc,202.44189641,0.0,0,btc,1.295e-05,0.0,0.0,36
0.0000000000905957,[],27,[],2019-01-25 18:40:57,1000000.0,9.05957e-19,3.21221549662e-23,6501119,2019-01-25 18:40:57,ltc,448.55669329,0.0,0.00000001,"ltc,eth",3581972.58,0.0,9.05957e-13,36
1,[],4,[],2019-01-25 18:40:58,439189.08697479,0.00000142,0.000000000050348371999999997,6501120,2019-01-25 18:40:58,btc,0.4382594094893932,0.0,0.00000142,btc,233451.5330803,0.00659772,0.388598306222868,37
1,[],12,[],2019-01-25 18:40:59,432313.92926208,0.000001430000000000000072932653839841155019030338735319674015045166015625,0.000000000050702938,6501121,2019-01-25 18:40:59,btc,1330.8756528896647,0.0,0.000001430000000000000072932653839841155019030338735319674015045166015625,btc,741804.48088133,0.1456455952400957,0.307003435333324,37
1,[],27,[],2019-01-25 18:41:02,3640.0609574,0.00569910,0.00000020207070906,6501122,2019-01-25 18:41:02,btc,22.37095737308125,0.001833,0.00569910,btc,2948.884381,1.045e-05,0.000368193331273,37
1,[],17,[],2019-01-25 15:49:17,1752.74075282,0.00000025,0.0000000000089083,6499476,2019-01-25 15:49:17,btc,0.05548731397418299,0.0,0.00000025,btc,1388.79251806,0.0,0.00043818518820499993,37
1,[],5,[],2019-01-25 18:41:04,1.513e-05,0.00000106,0.000000000037583996,6501123,2019-01-25 18:41:04,btc,0.13880015,0.08980827,0.00000106,btc,0.00012659,0.0,0.04488656,42
1,[],12,[],2019-01-25 18:41:05,100475.86928104,0.00000119999999999999994569773419106351042273672646842896938323974609375,0.00000000004254792,6501124,2019-01-25 18:41:05,btc,108.85415628577296,0.0,0.00000119999999999999994569773419106351042273672646842896938323974609375,btc,48887.21785629,0.0353986151178645,0.0346233099999936,42
0,[],27,[],2019-01-25 18:41:07,0.0,0,0,6501125,2019-01-25 18:41:07,,0.00315028,0.0,0,"btc,eth",11.007,0.0,0.0,42
1,[],5,[],2019-01-25 18:41:08,3e-08,0.00000002,0.000000000000709132,6501126,2019-01-25 18:41:08,btc,6.15404046,0.00027467,0.00000002,btc,1.425e-05,0.0,0.56473423,43
1,[],12,[],2019-01-25 18:41:09,5995913.0,0.00000001,0.000000000000354566,6501127,2019-01-25 18:41:09,btc,20007433.291885436,0.0,0.00000001,btc,39304157.64075924,0.0003842862637363,0.05995913,43
0,[],17,[],2019-01-25 15:47:37,0.0,0,0,6499419,2019-01-25 15:47:37,btc,0.0,0.0,0,btc,0.0,0.0,0.0,43
1,[],12,[],2019-01-25 18:41:11,762116.0,0.00000007,0.000000000002481962,6501128,2019-01-25 18:41:11,btc,11114761.219628628,0.0,0.00000007,btc,955804.89867649,0.0005037579620392,0.02040143,44
1,[],4,[],2019-01-25 18:41:12,237069106.4279541,0.00000003,0.000000000001063698,6501129,2019-01-25 18:41:12,btc,0.2221451433856081,0.0,0.00000003,"btc,ltc",6570893.73267107,0.00186615,0.6029843023743524,49
0.0000000000905957,[],4,[],2019-01-25 18:41:13,4170099331.687695,1.811914e-18,6.42443099324e-23,6501130,2019-01-25 18:41:13,ltc,5.044116688066471,0.0,0.00000002,ltc,1636710054.3110626,0.0,4.7919536628305045e-09,52
0,[],22,[],2019-01-25 18:41:16,0.0,0,0,6501131,2019-01-25 18:41:16,,3693.58898326,0.0,0,,268734317.90882355,0.0,0.0,57
0,[],27,[],2019-01-25 18:41:19,0.0,0,0,6501132,2019-01-25 18:41:19,,0.0,0.0,0,"btc,eth",0.0,0.0,0.0,57
0,[],17,[],2019-01-25 15:52:59,0.0,0,0,6499584,2019-01-25 15:52:59,btc,1e+24,0.0,0,btc,41616695.958325684,0.0,0.0,58
0.0000000000905957,[],4,[],2019-01-25 18:41:20,1510798673.539378,6.341699e-18,2.248550847634e-22,6501133,2019-01-25 18:41:20,ltc,3.3366770098166625,0.0,0.00000007,ltc,781394872.1775126,0.10989011,6.702207240446629e-09,58
1,[],12,[],2019-01-25 18:41:21,2629598197.282997,0.0000000006,0.00000000000002127396,6501134,2019-01-25 18:41:21,btc,123638817797.46794,0.0,0.0000000006,btc,2968945163.226873,0.15845147910069934,1.0333078248645633,58
0.0000000001299358,[],22,[],2019-01-25 18:41:24,137438.0,1.2993579999999999e-18,4.60708168628e-23,6501135,2019-01-25 18:41:24,XMR,69.8835922,0.0,0.00000001,XMR,9887963.0,0.0,0.00137438,58
1,[],5,[],2019-01-25 18:41:26,4.25e-06,0.00000049,0.000000000017373734,6501136,2019-01-25 18:41:26,btc,0.44476848,0.08427926,0.00000049,btc,0.00012384,0.0,0.03681301,61
1,[],22,[],2019-01-25 18:41:30,5111.5,0.00000011,0.0000000000039002259999999995,6501137,2019-01-25 18:41:30,BTC,1002.29606732,0.0,0.00000011,BTC,15028.700278135757,0.0,0.00051178,61
1,[],26,[],2019-01-25 18:41:30,0.0,0.00000800,0.0000000002836528,6501138,2019-01-25 18:41:30,btc,0.0,0.0,0.00000800,btc,0.0,0.0,0.0,61
0,[],27,[],2019-01-25 18:41:32,0.0,0,0,6501139,2019-01-25 18:41:32,,0.0,0.0,0,"btc,eth",0.0,0.0,0.0,61
0,[],28,[],2019-01-25 18:43:33,0.0,0,0,6501140,2019-01-25 18:43:33,,0.0,0.0,0,,0.0,0.0,0.0,61
1,[],4,[],2019-01-25 18:43:34,1314729.91629879,0.00000148,0.000000000052475767999999996,6501141,2019-01-25 18:43:34,btc,0.4469860510395385,0.0,0.00000148,btc,171900.61824423,0.295719,0.953176966305705,67
0.0,[],25,[],2019-01-25 18:43:35,0.0,0,0,6501142,2019-01-25 18:43:35,,0.0,0.0,0.0,btc,0.0,0.0,0.0,67
1,[],12,[],2019-01-25 18:43:37,2654182.0,0.00000008,0.000000000002836528,6501143,2019-01-25 18:43:37,btc,16893710.185620774,0.0,0.00000008,btc,2123372.13246749,0.0175515875524481,0.06407197,71
,[],5,[],2018-11-20 23:02:39,1.5e-07,0.00000005,0.000000000002128045,4862160,2018-11-20 23:02:39,btc,2.84511358,0.0,,btc,0.00036572,0.0,0.07381892,74
1,[],5,[],2019-01-25 15:53:51,3.303e-05,0.00000156,0.000000000055588884,6499610,2019-01-25 15:53:51,btc,1.42844212,0.0,0.00000156,btc,0.00015937,0.0,0.49487621,75
1,[],4,[],2019-01-25 18:43:39,64482982.32002812,0.00000001,0.000000000000354566,6501144,2019-01-25 18:43:39,btc,0.7438928706909006,0.0,0.00000001,btc,14043858.59123171,0.00078176,0.6448298232002811,81
0,[],20,[],2019-01-25 09:30:31,0.0,0,0,6495923,2019-01-25 09:30:31,btc,0.0,0.0,0,btc,0.0,0.0,0.0,81
1,[],4,[],2019-01-25 18:31:18,24506.01180581,0.00007750,0.00000000274983175,6500963,2019-01-25 18:31:18,btc,1.2305192947624013,0.0,0.00007750,btc,10922.92624796,0.00814793,0.1415223589833516,82
1,[],21,[],2019-01-25 18:31:19,386504.72140995,0.00008100999999999999856819393740,0.000000002874372517,6500964,2019-01-25 18:31:19,btc,2.8331303972792132,4668.10425352,0.000081009999999999998568193937398262960414285771548748016357421875,btc,31806.00485267,0.37909626,4.625077824851597,82
0,[],17,[],2019-01-25 15:48:27,0.0,0,0,6499446,2019-01-25 15:48:27,btc,0.0447233088476774,0.0,0,btc,999127.19588126,0.0,0.0,84
0.0000000000905957,[],4,[],2019-01-25 18:43:41,163137821.06964374,1.5401269e-17,5.460766344254e-22,6501145,2019-01-25 18:43:41,ltc,0.19754182538400292,0.0,0.00000017,ltc,80134122.88639215,0.0,1.521929783769404e-09,85
,[],22,[],2018-11-20 23:09:34,3408.1,0.0000001,0.0000000000041895,4862324,2018-11-20 23:09:34,BTC,0.04624735,0.0,,BTC,4990.0,0.0,0.00033081,86
0,[],22,[],2019-01-25 18:43:51,0.0,0,0,6501146,2019-01-25 18:43:51,,2.07810912,0.0,0,,154826.94736842104,0.0,0.0,87
0,[],27,[],2019-01-25 18:45:51,0.0,0,0,6501147,2019-01-25 18:45:51,,0.0,0.0,0,btc,0.0,0.0,0.0,87
,[],2,[],2018-11-20 23:10:47,0.0,0,0,4862359,2018-11-20 23:10:47,,0.0,0.0,,,0.0,0.0,0.0,88
1,[],11,[],2019-01-25 18:45:53,99971.94066799,0.00019708999999999999848225573639837193695711903274059295654296875,0.000000006988141294,6501148,2019-01-25 18:45:53,btc,234.32820701248178,5225.18737426,0.00019708999999999999848225573639837193695711903274059295654296875,btc,179597.50994628,0.0,7.703212903025659,89
0,[],2,[],2019-01-20 23:31:45,0.0,0,0,6477083,2019-01-20 23:31:45,,0.0,0.0,0,,0.0,0.0,0.0,91
0,[],17,[],2019-01-25 15:53:53,0.0,0,0,6499612,2019-01-25 15:53:53,btc,0.0,0.0,0,btc,0.0,0.0,0.0,91
1,[],12,[],2019-01-25 18:45:54,379711.52217998996,0.000001749999999999999973748754898694723891594549058936536312103271484375,0.00000000006204905,6501149,2019-01-25 18:45:54,btc,4576116.521998784,0.0,0.000001749999999999999973748754898694723891594549058936536312103271484375,btc,20768.30750083,0.001379139265022,0.2403390887999331,91
0.0000000000905957,[],22,[],2019-01-25 18:45:58,19170424.666666668,5.435742e-18,1.9273292979719999e-22,6501150,2019-01-25 18:45:58,LTC,8.97477495,0.0,0.00000006,LTC,75272634.1,3.15773124264e-13,0.78185727,95
1,[],4,[],2019-01-25 18:45:59,133651073.54979835,0.00000001,0.000000000000354566,6501151,2019-01-25 18:45:59,btc,1.4099803378276001,0.0,0.00000001,"btc,ltc",68881843.83496918,0.0060164,0.005610466259225441,96
1,[],12,[],2019-01-25 18:46:00,1204359.0,0.00000001,0.000000000000354566,6501152,2019-01-25 18:46:00,btc,255059.2635896603,0.0,0.00000001,btc,7846613.56674301,3.52e-06,0.01204359,96
0,[],17,[],2019-01-25 15:48:18,0.0,0,0,6499440,2019-01-25 15:48:18,btc,0.0,0.0,0,btc,0.0,0.0,0.0,96
1,[],4,[],2019-01-25 18:46:03,1521389.36895972,0.00000040,0.00000000001418264,6501153,2019-01-25 18:46:03,btc,0.1746689384224768,0.0,0.00000040,btc,309565.63633424,0.00165858,0.1520789975561429,99
1,[],4,[],2019-01-25 18:46:03,133874.35295713,0.00004234,0.0000000015012324439999999,6501154,2019-01-25 18:46:03,btc,1.1527583134757018,0.0,0.00004234,btc,23230.38038772,2.17749511,3.07514495158023,100
0,[],2,[],2019-01-20 23:23:55,0.0,0,0,6476914,2019-01-20 23:23:55,,0.0,0.0,0,,0.0,0.0,0.0,100
1,[],22,[],2019-01-25 18:46:07,50000.0,0.00000001,0.000000000000354566,6501155,2019-01-25 18:46:07,BTC,23.49896609,0.0,0.00000001,BTC,10277.22,0.0,0.0005,101
1,[],4,[],2019-01-25 18:46:07,100009.28085306,0.00000104,0.000000000036874864,6501156,2019-01-25 18:46:07,btc,0.4091924131159228,0.0,0.00000104,btc,143989.28040903,0.03182599,0.049827734676394,103
1,[],12,[],2019-01-25 15:52:51,106458555.64315775,0.000000017,0.0000000000006057763,6499579,2019-01-25 15:52:51,btc,9137278943.877607,0.0,0.000000017,btc,147770164.2767199,0.08172199489303426,0.790362743290524,105
1,[],27,[],2019-01-25 15:52:53,147312.57811249,0.00000001,0.000000000000356339,6499580,2019-01-25 15:52:53,btc,0.697426275912198,155546.46688751,0.00000001,btc,635854.00856136,0.00155546,0.0014731257811249,105
0,[],22,[],2019-01-25 18:46:12,0.0,0,0,6501157,2019-01-25 18:46:12,,1.07253299,0.0,0,,94300.0,0.0,0.0,107
1,[],26,[],2019-01-25 18:46:12,0.0,0.00000000,0,6501158,2019-01-25 18:46:12,btc,0.0,0.0,0.00000000,btc,0.0,0.0,0.0,107
1,[],5,[],2019-01-25 18:46:14,3e-08,0.00000002,0.000000000000709132,6501159,2019-01-25 18:46:14,btc,5.96657297,0.04826348,0.00000002,btc,1.589e-05,0.0,0.115451,112
1,[],22,[],2019-01-25 18:46:17,43782.0,0.00000001,0.000000000000354566,6501160,2019-01-25 18:46:17,BTC,2.84132969,0.0,0.00000001,BTC,963293.5833333334,0.0,0.00043782,112
0,[],27,[],2019-01-25 18:46:20,0.0,0,0,6501161,2019-01-25 18:46:20,,1.25356065,0.0,0,"btc,eth",1328.0,0.0,0.0,112
1,[],4,[],2019-01-25 18:46:20,454584.80618249,0.00000444,0.000000000157427304,6501162,2019-01-25 18:46:20,btc,0.4316821121210293,0.0,0.00000444,btc,71844.48558941,0.09415318,0.444237299869753,113
1,[],5,[],2019-01-25 18:46:21,3.338e-05,0.00000417,0.000000000147854022,6501163,2019-01-25 18:46:21,btc,2.20199245,0.02753563,0.00000417,btc,0.0032362,0.0,0.30942491,113
0,[],27,[],2019-01-25 18:46:24,0.0,0,0,6501164,2019-01-25 18:46:24,,0.0,0.0,0,btc,0.0,0.0,0.0,116
1,[],17,[],2019-01-25 15:48:03,233369.0,0.00000004,0.0000000000014253280000000002,6499431,2019-01-25 15:48:03,btc,1.337629057597492,0.0,0.00000004,btc,72546.975,0.0,0.00543476,116
1,[],4,[],2019-01-25 18:46:25,70955.48605279,0.00002480,0.00000000087932368,6501165,2019-01-25 18:46:25,btc,0.8208109096119981,0.0,0.00002480,btc,26936.56667634,2.2176589,1.1626330367306332,120
1,[],7,[],2019-01-25 18:46:26,4559.78474657,0.0000180099999999999986662058137909525612485595047473907470703125,0.0000000006385733659999999,6501166,2019-01-25 18:46:26,btc,95.0396475493128,2.0,0.0000180099999999999986662058137909525612485595047473907470703125,btc,26318.46238085,3.594e-05,0.0502073503832441,120
1,[],20,[],2019-01-25 18:46:28,1211987.8588,0.000000013,0.0000000000004609358,6501167,2019-01-25 18:46:28,btc,31.4064363275274,3779.7,0.000000013,btc,1108031.0964,4.91361e-05,0.0067998317606,125
1,[],22,[],2019-01-25 18:46:32,68433.0,0.00000001,0.000000000000354566,6501168,2019-01-25 18:46:32,BTC,0.01415863,0.0,0.00000001,BTC,293039.4,0.0,0.00068433,126
1,[],4,[],2019-01-25 18:46:33,317035.47468425,0.00001499,0.000000000531494434,6501169,2019-01-25 18:46:33,btc,0.6422029452693147,0.0,0.00001499,btc,33339.72567213,0.45414636,0.3872066634400639,131
0,[],2,[],2019-01-20 23:25:46,0.0,0,0,6476969,2019-01-20 23:25:46,,0.0,0.0,0,,0.0,0.0,0.0,131
0,[],17,[],2019-01-25 15:50:14,0.0,0,0,6499505,2019-01-25 15:50:14,btc,0.0008451375975800001,0.0,0,btc,30.89614684,0.0,0.0,131
1,[],4,[],2019-01-25 18:46:34,6060.83199674,0.00019893,0.000000007053381438,6501170,2019-01-25 18:46:34,btc,1.6263552933341472,0.0,0.00019893,btc,203.60257325,0.00056797,0.0102517412791822,135
1,[],3,[],2019-01-25 18:46:35,422563.20018509,0.00000004,0.000000000001418264,6501171,2019-01-25 18:46:35,btc,0.3035343704531566,257810.416667,0.00000004,btc,1410826.00189666,0.0,0.010160307337035,136
1,[],4,[],2019-01-25 18:46:37,80697.562858,0.00000179,0.000000000063467314,6501172,2019-01-25 18:46:37,btc,0.6313968388580941,0.0,0.00000179,btc,225274.17258383,0.11408937,0.0899874663334111,137
1,[],12,[],2019-01-25 18:46:38,300520.03016339,0.000001799999999999999918546601286595265634105089702643454074859619140625,0.00000000006382187999999999,6501173,2019-01-25 18:46:38,btc,11798.819678767662,0.0,0.000001799999999999999918546601286595265634105089702643454074859619140625,btc,131575.25674122,0.0677049748743467,0.0320432300000077,137
1,[],17,[],2019-01-25 15:53:39,12500.0,0.0000001,0.00000000000356339,6499603,2019-01-25 15:53:39,btc,0.5782815519287362,0.0,0.0000001,btc,4834.207754,0.0,0.00125,142
1,[],5,[],2019-01-25 18:46:39,0.00118466,0.00003268,0.0000000011587216879999999,6501174,2019-01-25 18:46:39,btc,5.96299416,2.00612641,0.00003268,btc,0.00217975,0.0,2.20606613,142
1,[],20,[],2019-01-25 18:46:41,156117.5554,0.00002512,0.000000000890669792,6501175,2019-01-25 18:46:41,btc,2.505913459594,8.5809,0.00002512,btc,5123.3293,0.0002917506,0.2782303914078,142
1,[],22,[],2019-01-25 18:46:45,990.0,0.00001880,0.00000000066658408,6501176,2019-01-25 18:46:45,BTC,0.00148984,0.0,0.00001880,BTC,14.0,0.0,0.00022106,142
0.0,[],25,[],2019-01-25 18:46:46,0.0,0,0,6501177,2019-01-25 18:46:46,,0.0,0.0,0.0,btc,0.0,0.0,0.0,142
1,[],28,[],2019-01-25 18:46:48,78430.0,0.00002000,0.000000000709132,6501178,2019-01-25 18:46:48,btc,0.052664499742,19506.0,0.00002000,btc,1386.7223,0.0,0.0242247,142
0,[],22,[],2019-01-25 15:57:33,0.0,0,0,6499726,2019-01-25 15:57:33,,59.04258297,0.0,0,,718491265.8,0.0,0.0,143
1,[],21,[],2019-01-25 18:46:49,49021162.42731521,0.0000003,0.00000000001063698,6501179,2019-01-25 18:46:49,btc,37.82320492632517,10019150.69331245,0.0000003,btc,73193216.90682034,3.09738096,9.118832831935109,145
0,[],22,[],2019-01-25 18:46:52,0.0,0,0,6501180,2019-01-25 18:46:52,,4.31668284,0.0,0,,1427838.5,0.0,0.0,146
,[],22,[],2018-11-20 23:01:11,0.0,0,0,4862114,2018-11-20 23:01:11,,2.56807021,0.0,,,61828.4988236,0.0,0.0,147
1,[],12,[],2019-01-25 17:31:48,8706684.92835146,0.00000442999999999999993717698931749993107587215490639209747314453125,0.00000000015760699599999998,6500664,2019-01-25 17:31:48,btc,17.06979669190489,0.0,0.00000442999999999999993717698931749993107587215490639209747314453125,btc,110500.72407238,0.0138661093192329,0.1246174163610782,148
1,[],4,[],2019-01-25 18:46:52,113516.4976487,0.00000037,0.000000000013118941999999999,6501181,2019-01-25 18:46:52,btc,0.6903655380733367,0.0,0.00000037,btc,513873.1719915,0.00019034,0.0318037643534905,152
0,[],22,[],2019-01-25 18:46:55,0.0,0,0,6501182,2019-01-25 18:46:55,,0.0,0.0,0,,0.0,0.0,0.0,152
1,[],5,[],2019-01-25 18:46:56,0.0,0,0,6501183,2019-01-25 18:46:56,btc,4.34002783,0.0,0,btc,0.00161275,0.0,0.0,153
,[],16,[],2019-01-11 15:38:59,0.0,0,0,6366141,2019-01-11 15:38:59,btc,0.0,0.0,,btc,0.0,0.0,0.0,155
0,[],22,[],2019-01-25 18:46:59,0.0,0,0,6501184,2019-01-25 18:46:59,,6.78848922,0.0,0,,4237721.742592593,0.0,0.0,156
0,[],23,[],2019-01-20 23:24:29,0.0,0,0,6476932,2019-01-20 23:24:29,,0.0,0.0,0,,0.0,0.0,0.0,156
1,[],22,[],2019-01-25 18:47:10,7906.0,0.00000801,0.000000000284007366,6501185,2019-01-25 18:47:10,BTC,43.81543407,0.0,0.00000801,BTC,1572.3690079421112,0.0,0.00743836,157
0,[],22,[],2019-01-25 18:47:13,0.0,0,0,6501186,2019-01-25 18:47:13,,50175.67300261,0.0,0,,53770788.04179466,0.0,0.0,158
,[],17,[],2018-11-20 22:56:10,0.0,0,0,4861976,2018-11-20 22:56:10,btc,1.1265625,0.0,,btc,1000.0,0.0,0.0,159
,[],20,[],2018-11-20 22:56:12,0.0,0,0,4861977,2018-11-20 22:56:12,btc,11912.7940471,0.0,,btc,34413894.3617,0.0,0.0,159
1,[],12,[],2019-01-25 18:47:15,185781.36068965,0.000009929999999999999794170722766661896230289130471646785736083984375,0.000000000352084038,6501187,2019-01-25 18:47:15,btc,6.650595254183188,0.0,0.000009929999999999999794170722766661896230289130471646785736083984375,btc,13918.21908934,0.0050198136,0.1039898325999625,168
1,[],17,[],2019-01-25 15:48:46,29784.95,0.000001,0.0000000000356332,6499458,2019-01-25 15:48:46,btc,0.0353989844335,0.0,0.000001,btc,196.82520268,0.0,0.00716147,168
1,[],22,[],2019-01-25 18:47:19,1433447.0,0.00000001,0.000000000000354566,6501188,2019-01-25 18:47:19,BTC,1.13388286,0.0,0.00000001,BTC,690107.5537281231,4.516e-05,0.01433447,169
1,[],22,[],2019-01-25 18:47:23,187326.51428571428,0.00000035,0.00000000001240981,6501189,2019-01-25 18:47:23,BTC,2.4703032,0.0,0.00000035,BTC,73433.88182539682,0.00580778,0.02289038,171
1,[],22,[],2019-01-25 18:47:26,75782.66666666667,0.00000019,0.000000000006736754,6501190,2019-01-25 18:47:26,BTC,2.84554134,0.0,0.00000019,BTC,240082.55255209864,2.49e-05,0.0038535,173
1,[],5,[],2019-01-25 18:47:27,8.503e-05,0.00000460,0.00000000016310035999999999,6501191,2019-01-25 18:47:27,btc,0.40862121,0.02936853,0.00000460,btc,0.0003709,0.0,0.8265959,175
1,[],22,[],2019-01-25 18:47:30,50210.0,0.00000100,0.0000000000354566,6501192,2019-01-25 18:47:30,BTC,0.56727464,0.0,0.00000100,BTC,114530.09283098554,7.46e-06,0.03611888,176
1,[],7,[],2019-01-25 18:47:32,0.0,0,0,6501193,2019-01-25 18:47:32,btc,10931.127060530913,0.0,0,btc,122071052.33791523,0.0,0.0,178
0,[],22,[],2019-01-25 18:47:34,0.0,0,0,6501194,2019-01-25 18:47:34,,1.00242428,0.0,0,,57512.0,0.0,0.0,178
0,[],2,[],2019-01-20 23:28:34,0.0,0,0,6477001,2019-01-20 23:28:34,,0.0,0.0,0,,0.0,0.0,0.0,178
1,[],5,[],2019-01-25 18:47:36,6e-08,0.00000003,0.000000000001063698,6501195,2019-01-25 18:47:36,btc,15.85835007,0.15083751,0.00000003,btc,2.114e-05,0.0,2.44482371,179
1,[],22,[],2019-01-25 18:47:40,9055700.5,0.00000002,0.000000000000709132,6501196,2019-01-25 18:47:40,BTC,5.56055643,0.0,0.00000002,"BTC,LTC",18191766.451989967,0.00230275,0.39956506,179
0,[],23,[],2019-01-20 23:25:08,0.0,0,0,6476952,2019-01-20 23:25:08,,0.0,0.0,0,,0.0,0.0,0.0,179
1,[],22,[],2019-01-25 18:47:53,1011.8709677419355,0.00000031,0.000000000010991546,6501197,2019-01-25 18:47:53,BTC,0.01978668,0.0,0.00000031,"BTC,LTC",15746.816254853482,1.9e-06,0.00026202,180
1,[],26,[],2019-01-25 18:47:53,0.0,0.00000020,0.00000000000709132,6501198,2019-01-25 18:47:53,btc,0.0,6067.27019998,0.00000020,btc,0.0,0.0,0.0,180
1,[],17,[],2019-01-25 15:52:29,10504.725,0.0000001,0.00000000000356339,6499572,2019-01-25 15:52:29,btc,5.207116757528441,0.0,0.0000001,btc,7944.1527587,0.0,0.0010504725,180
,[],7,[],2018-11-20 22:58:01,562227.975654,0.00000085,0.000000000036176765,4862015,2018-11-20 22:58:01,btc,21836.6059674,2491.87645172,,btc,749999.041456,0.00211021,0.127565380455,183
,[],5,[],2019-01-10 08:11:41,0.0,0,0,6347036,2019-01-10 08:11:41,btc,82.15055501,0.00261,,btc,1.19002445,0.0,0.0,187
1,[],24,[],2019-01-25 18:47:53,0.0,0.000000000001,3.5456599999999997e-17,6501199,2019-01-25 18:47:53,btc,0.0,0.0,0.000000000001,btc,0.0,0.0,0.0,187
,[],17,[],2018-11-16 20:58:10,4062536.27273,0.00000001,0.000000000000550501,4708775,2018-11-16 20:58:10,btc,3.36492563466,0.195460381006,,"btc,eth",110697919.549,0.0,0.0157628953496,187
0,[],22,[],2019-01-25 18:48:05,0.0,0,0,6501200,2019-01-25 18:48:05,,1.19413437,0.0,0,,14499.956201072173,0.0,0.0,191
0,[],22,[],2019-01-25 18:48:10,0.0,0,0,6501201,2019-01-25 18:48:10,,0.0,0.0,0,,0.0,0.0,0.0,197
0,[],23,[],2019-01-20 23:31:41,0.0,0,0,6477079,2019-01-20 23:31:41,,0.0,0.0,0,,0.0,0.0,0.0,199
1,[],26,[],2019-01-25 18:48:10,0.0,0.00000000,0,6501202,2019-01-25 18:48:10,btc,0.0,777031.0,0.00000000,btc,0.0,0.0,0.0,199
0,[],17,[],2019-01-25 15:51:02,0.0,0,0,6499537,2019-01-25 15:51:02,btc,6.802544163851783,0.0,0,btc,105897.55575295,0.0,0.0,200
0,[],2,[],2019-01-20 23:30:49,0.0,0,0,6477059,2019-01-20 23:30:49,,0.0,0.0,0,,0.0,0.0,0.0,201
1,[],4,[],2019-01-25 15:51:35,2084389.58565343,0.00000936,0.000000000333526752,6499557,2019-01-25 15:51:35,btc,2.0092503037378524,0.0,0.00000936,btc,160195.80207885,0.19272417,1.242687955921835,211
1,[],7,[],2019-01-25 18:48:14,18853054.564466547,0.0000011599999999999999051561623553130431218960438854992389678955078125,0.00000000004112965599999999,6501203,2019-01-25 18:48:14,btc,16317791.394420758,325707.407832,0.0000011599999999999999051561623553130431218960438854992389678955078125,btc,12756303.16039772,0.0,8.719198480515994,212
1,[],5,[],2019-01-25 18:48:16,4.03e-06,0.00000029,0.000000000010282414,6501204,2019-01-25 18:48:16,btc,0.86104234,0.05358577,0.00000029,btc,2.831e-05,0.0,0.1647969,213
1,[],24,[],2019-01-25 18:48:16,0.0,0.000000050000,0.00000000000177283,6501205,2019-01-25 18:48:16,btc,0.0,0.0,0.000000050000,btc,0.0,0.0,0.0,213
1,[],26,[],2019-01-25 18:48:16,0.0,0.00000003,0.000000000001063698,6501206,2019-01-25 18:48:16,btc,0.0,0.0,0.00000003,btc,0.0,0.0,0.0,213
1,[],12,[],2019-01-25 02:44:32,207462.42853209,0.000001080000000000000035831255497387193287295303889550268650054931640625,0.000000000038610756000000006,6493050,2019-01-25 02:44:32,btc,85023.03793723314,0.0,0.000001080000000000000035831255497387193287295303889550268650054931640625,btc,43675.73520027,0.000146250909087,0.0348620860622024,213
1,[],22,[],2019-01-25 18:48:20,303952.2,0.00000005,0.00000000000177283,6501207,2019-01-25 18:48:20,BTC,70.22069474,0.0,0.00000005,BTC,153838.86129395306,0.0,0.00594161,216
1,[],27,[],2019-01-25 18:48:22,5289686.0,0.00000015,0.00000000000531849,6501208,2019-01-25 18:48:22,btc,619.88338651916,16754.0,0.00000015,"btc,ltc",268416.09411,0.01156026,0.05754232,216
1,[],22,[],2019-01-25 18:50:24,294217.8247499803,0.00000247,0.000000000087577802,6501209,2019-01-25 18:50:24,BTC,12677.78851656,0.0,0.00000247,BTC,338628.43947094795,0.02218092,0.41454756,217
1,[],7,[],2019-01-25 18:50:24,0.0,0,0,6501210,2019-01-25 18:50:24,btc,302.59303086911063,0.0,0,btc,135155897.1214003,0.0,0.0,219
0,[],27,[],2019-01-25 18:50:26,0.0,0,0,6501211,2019-01-25 18:50:26,,0.0747309448198,0.0,0,btc,1605140.29226592,0.0,0.0,219
0.0000000000000059,[],28,[],2019-01-25 18:50:28,238816286.198,2.360059e-18,8.36796679394e-23,6501212,2019-01-25 18:50:28,doge,82414.3393717675,6258.0,0.00040001,"btc,doge",4409472.34751,0.0,1.7996548200358596e-11,219
1,[],22,[],2019-01-25 18:50:32,206302.0,0.00000077,0.000000000027301582,6501213,2019-01-25 18:50:32,BTC,2.07975653,0.0,0.00000077,BTC,15896.552123175221,0.00534025,0.02310013,221
1,[],24,[],2019-01-25 18:50:32,0.0,0.000000800000,0.00000000002836528,6501214,2019-01-25 18:50:32,btc,0.0,0.0,0.000000800000,btc,0.0,0.0,0.0,221
1,[],26,[],2019-01-25 18:50:32,0.0,0.00000020,0.00000000000709132,6501215,2019-01-25 18:50:32,btc,0.0,11579.0,0.00000020,btc,0.0,0.0,0.0,231
1,[],26,[],2019-01-25 18:37:59,0.0,0.00000004,0.0000000000014192680000000001,6501036,2019-01-25 18:37:59,btc,0.0,0.0,0.00000004,btc,0.0,0.0,0.0,234
0,[],27,[],2019-01-25 18:38:01,0.0,0,0,6501037,2019-01-25 18:38:01,,0.001146299618,0.0,0,"btc,eth",11462.99618,0.0,0.0,234
0,[],22,[],2019-01-25 15:54:19,0.0,0,0,6499623,2019-01-25 15:54:19,,3.07852116,0.0,0,,90316025.08996265,0.0,0.0,235
1,[],4,[],2019-01-25 18:50:33,623632.5020519,0.00000106,0.000000000037583996,6501216,2019-01-25 18:50:33,btc,0.1719320344561223,0.0,0.00000106,btc,134340.0646785,0.0215914,0.1437235180858218,236
1,[],24,[],2019-01-25 18:50:33,0.0,0.000000010000,0.000000000000354566,6501217,2019-01-25 18:50:33,btc,0.0,0.0,0.000000010000,btc,0.0,0.0,0.0,236
1,[],20,[],2019-01-25 18:38:04,101620705.1861,0.000000066,0.0000000000023417922,6501040,2019-01-25 18:38:04,btc,14.3757351544801,24972022.0485,0.000000066,btc,25688479.8436,1.6857152269625,1.1609311307423,237
0,[],22,[],2019-01-25 18:38:07,0.0,0,0,6501041,2019-01-25 18:38:07,,0.04083605,0.0,0,,4179.0,0.0,0.0,237
1,[],4,[],2019-01-25 18:38:07,5439658.36684312,0.00000031,0.000000000010999327,6501042,2019-01-25 18:38:07,btc,0.5608070570788992,0.0,0.00000031,btc,1664321.10155815,0.15570109,1.4990473050416697,238
1,[],5,[],2019-01-25 18:38:09,3.64e-06,0.00000031,0.000000000010999327,6501043,2019-01-25 18:38:09,btc,0.62847434,0.05999999,0.00000031,btc,2.906e-05,0.0,0.18329429,238
1,[],22,[],2019-01-25 18:50:37,258011.75,0.00000004,0.000000000001418264,6501218,2019-01-25 18:50:37,BTC,15.41132459,0.0,0.00000004,BTC,240508.69643307183,0.00113379,0.00832059,249
0.00000000009053240000000001,[],22,[],2019-01-25 18:38:16,2457300.8,4.5266200000000005e-18,1.60612172854e-22,6501045,2019-01-25 18:38:16,LTC,0.43661997,0.0,0.00000005,LTC,12803135.29,4.927913916240001e-13,0.04646212,252
1,[],28,[],2019-01-25 18:50:39,3127291.767,0.00000008,0.000000000002836528,6501219,2019-01-25 18:50:39,btc,164692.82588823125,89128.0,0.00000008,btc,1111892.6695,0.0,0.04765087994,256
0,[],27,[],2019-01-25 18:38:23,0.0,0,0,6501047,2019-01-25 18:38:23,,4.96668,0.0,0,"btc,eth",90.59,0.0,0.0,257
1,[],22,[],2019-01-25 15:53:56,55423.666666666664,0.00000006,0.000000000002138034,6499613,2019-01-25 15:53:56,BTC,35605.68126996,0.0,0.00000006,BTC,714555.3310213444,0.00022295,0.0007411,258
1,[],22,[],2019-01-25 18:50:42,6343.430666666667,0.00000750,0.0000000002659245,6501220,2019-01-25 18:50:42,BTC,4.68636067,0.0,0.00000750,BTC,6042.2512380952385,0.00160198,0.03151059,262
1,[],5,[],2019-01-25 18:38:29,4.431e-05,0.00000300,0.00000000010644510000000001,6501049,2019-01-25 18:38:29,btc,34447.92275876,0.35440316,0.00000300,btc,11111.11445231,0.0,0.20107786,264
1,[],20,[],2019-01-25 18:38:30,1778640.3867,0.000001345,0.0000000000477228865,6501050,2019-01-25 18:38:30,btc,5.0530546179332,38905.4648,0.000001345,btc,82875.9708,0.2012879050212,0.030018683058,264
1,[],22,[],2019-01-25 18:38:35,175743.0,0.00000004,0.0000000000014192680000000001,6501051,2019-01-25 18:38:35,BTC,6.43384542,0.0,0.00000004,BTC,212818.37749525445,0.00041109,0.00437663,271
0,[],22,[],2019-01-25 18:38:38,0.0,0,0,6501052,2019-01-25 18:38:38,,115.10659377,0.0,0,,11510659368.0,0.0,0.0,272
0.0000000000000057,[],28,[],2019-01-25 18:38:42,342858025610.12,5.7000000000000004e-21,2.0224569000000002e-25,6501053,2019-01-25 18:38:42,doge,4410001.925805787,1238911171.624,0.00000100,doge,133977909751.7134,0.0,5.629649375778835e-10,272
