pairValue,buyBook,exchangeId,sellBook,updated,buyTotal,satoshiPrice,usdPrice,exchangeLogId,created,bestPair,sellTotalBtc,volume,pairPrice,activePairs,sellTotal,volumeBtc,buyTotalBtc,coinId
1,[],3,[],2019-06-22 05:38:23,31496.467575265237,0.010503220000000000611262152006020187400281429290771484375,0.000001126533364320000127341987984,7751692,2019-06-22 05:38:23,btc,11.413414830652973,59.49143027,0.010503220000000000611262152006020187400281429290771484375,btc,20.411038570573,0.0,0.46696687233022305,1
1,[],4,[],2019-06-22 05:38:24,353209.60789887,0.01060001,0.000001136914672560000062349778130,7751693,2019-06-22 05:38:24,btc,9.5376024476685,0.0,0.01060001,btc,465.06298177,6.43994708,0.740764674170643,1
1,[],5,[],2019-06-22 05:38:26,0.0,0,0,7751694,2019-06-22 05:38:26,btc,0.0,0.0157652,0,btc,0.0,0.0,0.0,1
1,[],10,[],2019-06-22 05:38:28,308476.68881576,0.00410001,0.00000043975067256000006,7751695,2019-06-22 05:38:28,btc,6512.03536925288,1463.92810211,0.00410001,btc,1392.86589834,0.0,1.7442353861635909,1
1,[],12,[],2019-06-22 05:38:30,90.59188977000001,0.01058000000000000086208817862143405363894999027252197265625,0.000001134768480000000154696208016,7751696,2019-06-22 05:38:30,btc,0.3369861386252,0.0,0.01058000000000000086208817862143405363894999027252197265625,btc,30.47352128,3.211726618788,0.1852946339813,1
1,[],20,[],2019-06-22 05:38:32,919.048,0.01111001,0.000001191615232560000065349623116,7751697,2019-06-22 05:38:32,btc,0.1705716303804,0.6409,0.01111001,btc,12.5984,0.0072983298619,0.1344338683142,1
1,[],21,[],2019-06-22 05:38:33,1815.41710421,0.01058774999999999993915977825,0.000001135599714000000055752185386,7751698,2019-06-22 05:38:33,btc,9.742270004690255,4582.94631708,0.010587749999999999939159778250541421584784984588623046875,"btc,eth",1268.11212422,45.65022808338477,14.820495842017843,1
1,[],22,[],2019-06-22 05:38:37,0.0395979803020197,0.01000001,0.000001072561072560000058820548735,7751699,2019-06-22 05:38:37,BTC,0.01666796,0.0,0.01000001,BTC,0.25318100557485945,0.0,0.00021887,1
1,[],24,[],2019-06-22 05:38:37,0.0,0.000000000000,0,7751700,2019-06-22 05:38:37,btc,0.0,0.0,0.000000000000,btc,0.0,0.0,0.0,1
0.0,[],25,[],2019-06-22 05:38:38,0.0,0,0,7751701,2019-06-22 05:38:38,btc,32.29999999896374,14366.17670583,0.0,btc,2961.86775621,158.11,0.0,1
1,[],26,[],2019-06-22 05:38:40,0.0,0,0,7751702,2019-06-22 05:38:40,,0.0,0.0,0,,0.0,0.0,0.0,1
0,[],28,[],2019-06-22 05:38:42,0.0,0,0,7751703,2019-06-22 05:38:42,,0.0,0.0,0,,0.0,0.0,0.0,1
0,[],2,[],2019-01-20 23:28:45,0.0,0,0,6477011,2019-01-20 23:28:45,,0.0,0.0,0,,0.0,0.0,0.0,1
1,[],5,[],2019-06-17 14:29:02,0.0,0,0,7740076,2019-06-17 14:29:02,btc,0.0,2.72e-05,0,btc,0.0,0.0,0.0,2
1,[],22,[],2019-06-17 14:29:06,11550.3,0.0000002,0.0000000000185828,7740077,2019-06-17 14:29:06,BTC,21.00897301,0.0,0.0000002,"BTC,XMR",20678.87287795317,1.754e-05,0.00143681,2
1,[],5,[],2019-06-03 14:48:58,0.0,0,0,7731126,2019-06-03 14:48:58,btc,0.0,0.05905545,0,btc,0.0,0.0,0.0,3
1,[],12,[],2019-06-03 14:48:59,3468623.70302,0.000000116,0.000000000009823402000000002,7731127,2019-06-03 14:48:59,btc,169531.0336573751,0.0,0.000000116,btc,2361209.62379607,0.041350953071,0.33764769154428,3
0,[],28,[],2019-06-03 14:49:00,0.0,0,0,7731128,2019-06-03 14:49:00,,0.0,0.0,0,,0.0,0.0,0.0,3
0,[],2,[],2019-01-20 23:31:32,0.0,0,0,6477077,2019-01-20 23:31:32,,0.0,0.0,0,,0.0,0.0,0.0,4
1,[],4,[],2019-05-18 21:29:50,562734.9206932,0.00000010,0.000000000007298720000000001,7650946,2019-05-18 21:29:50,btc,41.9347137769675,0.0,0.00000010,btc,1123702.32192634,0.00052462,0.029254593370966,4
0,[],12,[],2019-06-02 05:03:43,0.0,0,0,7724919,2019-06-02 05:03:43,btc,625.901992874995,0.0,0,btc,1211362.4995005,0.0,0.0,5
1,[],11,[],2019-06-22 05:38:44,5365894.076736,0.00000002,0.00000000000214512,7751704,2019-06-22 05:38:44,btc,9583.528981907093,63333.333333,0.00000002,btc,73315312.62354945,0.0,0.06738688876736,6
0,[],2,[],2019-01-20 23:31:51,0.0,0,0,6477087,2019-01-20 23:31:51,,0.0,0.0,0,,0.0,0.0,0.0,6
1,[],3,[],2019-06-22 05:38:45,12693.378413430815,0.00008500000000000000610622663543836097232997417449951171875,0.000000009116760000000001,7751705,2019-06-22 05:38:45,btc,1026.3099399501589,447.889808998,0.00008500000000000000610622663543836097232997417449951171875,btc,378.862952555782,0.0,0.02954133311437147,7
1,[],4,[],2019-06-22 05:38:45,760911.06109836,0.00007801,0.00000000836704056,7751706,2019-06-22 05:38:45,btc,7.550178742754555,0.0,0.00007801,btc,56884.23672662,1.73323722,2.1641588560596325,7
1,[],5,[],2019-06-22 05:38:46,0.0,0,0,7751707,2019-06-22 05:38:46,btc,0.0,0.33382378,0,btc,0.0,0.0,0.0,7
1,[],20,[],2019-04-07 22:06:50,3201475.0482,0.000000001,0.000000000000051590000000000004,7213932,2019-04-07 22:06:50,btc,30.8005781811902,0.0,0.000000001,btc,23077405.3926,0.0,0.0032014750482,8
1,[],4,[],2019-06-22 05:38:49,1583407.00446979,0.00000052,0.00000000005577312,7751708,2019-06-22 05:38:49,btc,2.9548627375236616,0.0,0.00000052,btc,2856710.19978734,0.89560508,0.3392694482010187,9
0,[],28,[],2019-06-22 05:38:50,0.0,0,0,7751709,2019-06-22 05:38:50,,0.0,0.0,0,,0.0,0.0,0.0,9
0,[],2,[],2019-01-20 23:22:42,0.0,0,0,6476876,2019-01-20 23:22:42,,0.0,0.0,0,,0.0,0.0,0.0,9
0,[],23,[],2019-01-20 23:22:48,0.0,0,0,6476878,2019-01-20 23:22:48,,0.0,0.0,0,,0.0,0.0,0.0,9
1,[],1,[],2019-02-17 23:31:42,1822507.21,0.00000181000000000000003456111265232042484285557293333113193511962890625,0.000000000066086901,6701244,2019-02-17 23:31:42,btc,3.6990969245,17153386.5,0.00000181000000000000003456111265232042484285557293333113193511962890625,btc,1997391.71,31.11772986,3.2610482446,9
1,[],4,[],2019-02-17 11:22:43,4341674.27126056,0.00000002,0.0000000000007272960000000001,6696112,2019-02-17 11:22:43,btc,0.1997230937751353,0.0,0.00000002,btc,4109766.79808031,0.00215132,0.0479381022052112,10
1,[],4,[],2019-06-22 05:38:51,38789198.77930585,0.00000027,0.000000000028959120000000002,7751710,2019-06-22 05:38:51,btc,7.831024855685727,0.0,0.00000027,btc,10288754.83554249,1.21419322,1.4973849330983517,12
1,[],5,[],2019-06-22 05:38:52,0.0,0,0,7751711,2019-06-22 05:38:52,btc,0.0,0.07538495,0,btc,0.0,0.0,0.0,12
0.0,[],25,[],2019-06-22 05:38:54,0.0,0,0,7751712,2019-06-22 05:38:54,,0.0,0.0,0.0,btc,0.0,0.0,0.0,12
0,[],2,[],2019-01-20 23:23:08,0.0,0,0,6476890,2019-01-20 23:23:08,,0.0,0.0,0,,0.0,0.0,0.0,12
1,[],4,[],2019-06-22 05:38:55,459636.69792618,0.00000352,0.00000000037754112,7751713,2019-06-22 05:38:55,btc,1.8853177772093779,0.0,0.00000352,btc,304566.11409694,0.44391536,0.2207233348161453,13
1,[],21,[],2019-06-22 05:38:59,4262436.88043883,0.000003650000000000000205407522588,0.00000000039148440000000003,7751714,2019-06-22 05:38:59,btc,2.8074328963155875,489867.02550161,0.00000365000000000000020540752258824124254488197038881480693817138671875,btc,615601.94535546,1.78253018,3.611987386896278,13
1,[],10,[],2019-06-22 04:36:45,614714.24967103,0.00000343,0.00000000036587089700000005,7751613,2019-06-22 04:36:45,btc,666798.4582491955,24178.7673307,0.00000343,btc,891935.21076364,0.0,0.3281072667540743,13
1,[],4,[],2019-06-22 05:39:01,1227853.44552499,0.00000071,0.00000000007615176,7751715,2019-06-22 05:39:01,btc,3.2768575467284307,0.0,0.00000071,btc,781340.61674662,0.55169933,0.2546992729673839,14
1,[],12,[],2019-06-22 05:39:02,218258.8229213,0.00000054,0.000000000057918240000000004,7751716,2019-06-22 05:39:02,btc,193.68199443345694,0.0,0.00000054,btc,26501.77455449,0.000396940065,0.0168144799999779,14
1,[],26,[],2019-06-22 05:41:03,0.0,0.00000050,0.000000000053628,7751717,2019-06-22 05:41:03,btc,0.0,0.0,0.00000050,btc,0.0,0.0,0.0,14
0,[],17,[],2019-05-03 00:53:32,0.0,0,0,7558876,2019-05-03 00:53:32,btc,0.0,0.0,0,btc,0.0,0.0,0.0,14
0,[],4,[],2019-06-22 05:41:04,0.0,0,0,7751718,2019-06-22 05:41:04,,0.0,0.0,0,,0.0,0.0,0.0,15
,[],12,[],2018-12-01 15:15:48,204241.84496,0.00000489,0.000000000202473384,5260204,2018-12-01 15:15:48,btc,49.5475654835,0.0,,btc,35763.2193806,0.0163153972027625,0.0203389899998,15
1,[],4,[],2019-06-22 05:41:05,33561.78489979,0.00000987,0.00000000105861672,7751719,2019-06-22 05:41:05,btc,2.456072570337585,0.0,0.00000987,btc,17025.19847265,0.03409476,0.0637829175988972,18
1,[],10,[],2019-06-22 05:41:07,383999.38925503,0.00001019,0.00000000109293864,7751720,2019-06-22 05:41:07,btc,14.893303397838519,3381.3446036,0.00001019,btc,10926.13061925,0.0,0.128033602533903,18
1,[],12,[],2019-06-22 05:41:08,3058.81266627,0.000010679999999999999389654892212320191902108490467071533203125,0.00000000114549408,7751721,2019-06-22 05:41:08,btc,0.537595696499851,0.0,0.000010679999999999999389654892212320191902108490467071533203125,btc,1963.32171369,0.000736502881,0.0083492392238758,18
0,[],2,[],2019-01-20 23:23:38,0.0,0,0,6476906,2019-01-20 23:23:38,,0.0,0.0,0,,0.0,0.0,0.0,18
0,[],17,[],2019-05-03 00:53:39,0.0,0,0,7558882,2019-05-03 00:53:39,btc,0.0,0.0,0,btc,0.0,0.0,0.0,18
1,[],3,[],2019-06-22 05:43:09,156366.18876236377,0.000008679999999999999903675142187697844065041863359510898590087890625,0.0000000009309820800000001,7751722,2019-06-22 05:43:09,btc,193.75326207076097,13872.9553515,0.000008679999999999999903675142187697844065041863359510898590087890625,btc,21262.422848810267,0.0,0.07938722761690167,19
1,[],4,[],2019-06-22 05:43:09,356578.03149997,0.00000971,0.00000000104145576,7751723,2019-06-22 05:43:09,btc,6.5339972876247785,0.0,0.00000971,btc,273496.76320412,0.34388085,1.72036426099819,19
1,[],5,[],2019-06-22 05:43:10,0.0,0,0,7751724,2019-06-22 05:43:10,btc,0.0,0.00551598,0,btc,0.0,0.0,0.0,19
1,[],12,[],2019-06-22 05:43:12,109040.08515632,0.0000070199999999999997035075686990790444497179123573005199432373046875,0.00000000075293712,7751725,2019-06-22 05:43:12,btc,0.3670576487531036,0.0,0.0000070199999999999997035075686990790444497179123573005199432373046875,btc,2973.67008334,0.0,0.0199474313762953,19
0,[],27,[],2019-06-22 05:43:18,0.0,0,0,7751726,2019-06-22 05:43:18,,0.0,0.0,0,btc,0.0,0.0,0.0,19
0,[],2,[],2019-01-20 23:24:19,0.0,0,0,6476924,2019-01-20 23:24:19,,0.0,0.0,0,,0.0,0.0,0.0,19
1,[],4,[],2019-06-22 05:43:19,10117097.23656777,0.00000005,0.0000000000053628000000000005,7751727,2019-06-22 05:43:19,btc,6.358916255187786,0.0,0.00000005,btc,2305311.3564439,0.0,0.1191747238096551,20
0,[],4,[],2019-06-22 05:43:19,0.0,0,0,7751728,2019-06-22 05:43:19,,5679.73697203673,0.0,0,,83383573.66572832,0.0,0.0,21
0,[],12,[],2019-06-22 05:43:21,0.0,0,0,7751729,2019-06-22 05:43:21,btc,2603.600259184875,0.0,0,btc,7299043.28571426,2.5974e-07,0.0,21
0,[],17,[],2019-05-03 00:53:51,0.0,0,0,7558891,2019-05-03 00:53:51,btc,0.0,0.0,0,btc,0.0,0.0,0.0,21
1,[],12,[],2019-06-22 05:45:22,5786101568.277,0.0000000004,0.0000000000000429024,7751730,2019-06-22 05:45:22,btc,1428620268572.4243,0.0,0.0000000004,btc,2675500323.2447553,0.028158265039,1.4035998973108004,23
0.0000000002855148,[],27,[],2019-06-22 05:45:28,63209234.0,8.565444e-18,9.186952616640001e-22,7751731,2019-06-22 05:45:28,eth,1047.6846174770806,13658530.0,0.00000003,eth,5452071.24779221,1.1699137383732e-10,2.58464768099352e-10,23
1,[],4,[],2019-06-22 05:45:29,6100414.07522138,0.00000017,0.00000000001823352,7751732,2019-06-22 05:45:29,btc,10.22685272773715,0.0,0.00000017,btc,1790815.48208265,0.0,0.1345450262400025,24
0,[],22,[],2019-06-22 05:45:31,0.0,0,0,7751733,2019-06-22 05:45:31,,6.22e-05,0.0,0,,517.4264705882352,0.0,0.0,24
0.0,[],25,[],2019-06-22 05:45:32,0.0,0,0,7751734,2019-06-22 05:45:32,,0.0,0.0,0.0,btc,0.0,0.0,0.0,24
1,[],4,[],2019-06-22 05:45:34,26945780.30040253,0.00000408,0.00000000043760448,7751735,2019-06-22 05:45:34,btc,7.552887167388695,0.0,0.00000408,btc,204512.73793444,0.11422486,0.4573856777345891,26
1,[],10,[],2019-06-22 05:45:36,163287.37331711,0.00000391,0.00000000041937096,7751736,2019-06-22 05:45:36,btc,25.271631415791383,5698.14516228,0.00000391,btc,20297.64914673,0.0,0.0529087915864931,26
0,[],2,[],2019-01-20 23:25:56,0.0,0,0,6476976,2019-01-20 23:25:56,,0.0,0.0,0,,0.0,0.0,0.0,26
1,[],5,[],2019-04-26 09:47:06,0.0,0,0,7465326,2019-04-26 09:47:06,btc,0.0,0.0,0,btc,0.0,0.0,0.0,27
1,[],3,[],2019-06-17 14:30:26,13571825.64059417,0.00000001,0.00000000000092914,7740112,2019-06-17 14:30:26,btc,3.485049956644059,4264730.43754,0.00000001,btc,23500048.28518193,0.0,0.1357182564059417,27
1,[],11,[],2019-06-17 14:30:28,2031833.58157834,0.00000001,0.00000000000092914,7740113,2019-06-17 14:30:28,btc,67502.92060589766,32677.9652116,0.00000001,btc,6487362.95640949,0.0,0.0203183358157834,27
1,[],4,[],2019-06-22 05:45:37,911810536.1747755,0.00000001,0.00000000000107256,7751737,2019-06-22 05:45:37,btc,6.413908164420704,0.0,0.00000001,"btc,ltc",432369691.01442224,0.3899689,5.781033885227081,29
1,[],7,[],2019-06-22 05:45:39,88245545.39145988,0.00000001,0.00000000000107256,7751738,2019-06-22 05:45:39,btc,46548272.193677396,0.0,0.00000001,btc,36556968.40286372,0.0,0.8824554539145988,29
1,[],4,[],2019-06-22 05:45:40,15522975.90064791,0.00000005,0.0000000000053628000000000005,7751739,2019-06-22 05:45:40,btc,2.586483364758231,0.0,0.00000005,btc,2205673.51725533,0.00025,0.1731523644110231,30
0,[],17,[],2019-05-03 01:11:25,0.0,0,0,7559066,2019-05-03 01:11:25,btc,0.0,0.0,0,btc,0.0,0.0,0.0,30
1,[],4,[],2019-06-22 05:47:41,208869.48465101,0.00003901,0.00000000418405656,7751740,2019-06-22 05:47:41,btc,4.104895783160681,0.0,0.00003901,btc,57947.82467245,0.85017898,0.5335817217255157,31
1,[],21,[],2019-06-22 05:47:42,642888.99700945,0.00003950999999999999949323523096,0.00000000423768456,7751741,2019-06-22 05:47:42,btc,5.173758386710861,196419.28242882,0.0000395099999999999994932352309628953435094445012509822845458984375,btc,102407.48408151,8.48239926,3.9698617008943846,31
0,[],2,[],2019-01-20 23:28:43,0.0,0,0,6477009,2019-01-20 23:28:43,,0.0,0.0,0,,0.0,0.0,0.0,32
0,[],4,[],2019-06-22 05:47:43,0.0,0,0,7751742,2019-06-22 05:47:43,,0.0,0.0,0,,0.0,0.0,0.0,33
1,[],12,[],2019-03-30 07:55:10,40641173.964,0.00000003,0.000000000001228359,7108785,2019-03-30 07:55:10,btc,4233210.82356125,0.0,0.00000003,btc,28378394.68333462,0.0126927883965248,0.90752895892,33
0.0000000001316769,[],4,[],2019-06-22 05:47:47,149337539.09607497,7.1105526e-17,7.626494296656e-21,7751743,2019-06-22 05:47:47,ltc,4.2769462306206165,0.0,0.00000054,ltc,160521040.37168685,0.00027889,9.510655383416725e-10,34
1,[],5,[],2019-06-22 05:47:49,0.0,0,0,7751744,2019-06-22 05:47:49,btc,0.0,0.0590393,0,btc,0.0,0.0,0.0,34
0.0000000002926451,[],17,[],2019-05-02 18:17:47,200000.0,2.9264510000000002e-18,1.596703856561e-22,7556430,2019-05-02 18:17:47,eth,0.20942468735267253,0.0,0.00000001,"btc,eth",1018272.20243647,0.0,5.852902e-13,36
0.0000000001311821,[],4,[],2019-05-31 13:28:19,2417517744.0607657,1.311821e-18,1.105058333085e-22,7717483,2019-05-31 13:28:19,ltc,5.019900492391546e-08,0.0,0.00000001,ltc,7102398142.262129,0.0,3.171350544531538e-09,36
1,[],5,[],2019-05-31 13:28:21,0.0,0,0,7717484,2019-05-31 13:28:21,btc,0.0,0.0,0,btc,0.0,0.0,0.0,36
0.0000000003108179,[],27,[],2019-05-31 13:30:34,10388811.226876,6.216358000000001e-18,5.236566733830001e-22,7717485,2019-05-31 13:30:34,eth,1569.8708019850988,761866.634299,0.00000002,"ltc,eth",5084024.2511555,4.736034912207001e-12,3.3251980286483705e-11,36
1,[],4,[],2019-06-22 05:47:49,10377383.55042179,0.00000014,0.00000000001501584,7751745,2019-06-22 05:47:49,btc,19774.555201412684,0.0,0.00000014,btc,691566.47598784,0.00870619,0.1465110290013522,37
1,[],12,[],2019-06-22 05:47:51,4302124.80500003,0.00000014,0.000000000015015840000000003,7751746,2019-06-22 05:47:51,btc,7.37701582899927,0.0,0.00000014,btc,1670768.32847985,0.020923633373,0.1671039148500036,37
1,[],27,[],2019-06-22 05:49:56,11304.0,0.00000019,0.000000000020378640000000002,7751747,2019-06-22 05:49:56,btc,22.62970013895233,0.0,0.00000019,btc,4298.824295,0.0,0.00168776,37
1,[],17,[],2019-05-03 01:11:36,211752.74075282,0.00000025,0.000000000013700074999999998,7559074,2019-05-03 01:11:36,btc,0.055484923955058496,0.0,0.00000025,"btc,eth",1387.19918473,0.0,0.0005381851887916605,37
1,[],5,[],2019-06-22 05:49:57,0.0,0,0,7751748,2019-06-22 05:49:57,btc,0.0,0.48907903,0,btc,0.0,0.0,0.0,42
1,[],12,[],2019-06-22 05:49:58,220210.7392975,0.00000252999999999999991727645844152849718966535874642431735992431640625,0.00000000027135768,7751749,2019-06-22 05:49:58,btc,481.5605152265301,0.0,0.00000252999999999999991727645844152849718966535874642431735992431640625,btc,192368.72123515,0.263361690117,0.0921919975900506,42
1,[],27,[],2019-06-22 05:50:05,1581.0,0.0000005,0.000000000053628,7751750,2019-06-22 05:50:05,btc,0.07600425,0.0,0.0000005,"btc,eth",18.0,0.0,0.0005435000002999618,42
1,[],12,[],2019-03-13 09:13:29,1112112.0,0.00000001,0.000000000000386531,6919902,2019-03-13 09:13:29,btc,29058.00478931866,0.0,0.00000001,btc,5967681.93306694,9.99000999e-07,0.01112112,43
1,[],5,[],2019-04-26 22:38:52,0.0,0,0,7474154,2019-04-26 22:38:52,btc,0.0,0.02638891,0,btc,0.0,0.0,0.0,43
0,[],17,[],2019-04-26 22:38:53,0.0,0,0,7474155,2019-04-26 22:38:53,btc,0.0,0.0,0,btc,0.0,0.0,0.0,43
1,[],12,[],2019-03-05 01:54:08,639326.02,0.00000004,0.000000000001486676,6845775,2019-03-05 01:54:08,btc,11116042.728239931,0.0,0.00000004,btc,1103841.4595604,0.0003330765234764,0.014975410599999999,44
0.0000000001316769,[],4,[],2019-06-22 05:50:06,106448428.79638895,5.0037222e-17,5.366792282832e-21,7751751,2019-06-22 05:50:06,ltc,1601.9070550641516,0.0,0.00000038,ltc,26076995.72896898,0.00299403,6.302603156725827e-10,49
0.0000000001316769,[],4,[],2019-06-22 05:50:07,319249445.51158535,2.7652149e-17,2.965858893144e-21,7751752,2019-06-22 05:50:07,ltc,27276.791054507914,0.0,0.00000021,ltc,181666961.99413282,0.0,2.573074630491067e-09,52
0,[],22,[],2019-06-22 05:50:09,0.0,0,0,7751753,2019-06-22 05:50:09,,10289.80784133,0.0,0,,287058287.4566013,0.0,0.0,57
0,[],27,[],2019-06-22 05:50:17,0.0,0,0,7751754,2019-06-22 05:50:17,,0.0,0.0,0,"btc,eth",0.0,0.0,0.0,57
0,[],4,[],2019-06-22 05:50:18,0.0,0,0,7751755,2019-06-22 05:50:18,,19.716972930619168,0.0,0,,5712487275.547043,0.00085,0.0,58
1,[],12,[],2019-06-22 05:50:19,816408655.1,0.0000000001,0.0000000000000107256,7751756,2019-06-22 05:50:19,btc,34225729.245467,0.0,0.0000000001,btc,2707253448.7641926,0.002457895475,0.08164086551000001,58
0.0000000001060851,[],22,[],2019-06-22 05:52:22,126877.0,1.060851e-18,1.1378263485600002e-22,7751757,2019-06-22 05:52:22,XMR,68.17454206,0.0,0.00000001,XMR,9626402.6,0.0,0.00126877,58
1,[],17,[],2019-05-03 01:12:09,1200000.0,0.0000000001,0.00000000000000548003,7559085,2019-05-03 01:12:09,btc,1e+24,0.0,0.0000000001,"btc,eth",39516342.31952568,0.0,0.00010000000058666061,58
1,[],5,[],2019-06-17 14:31:27,0.0,0,0,7740135,2019-06-17 14:31:27,btc,0.0,0.00079154,0,btc,0.0,0.0,0.0,61
1,[],22,[],2019-06-17 14:31:30,13612.833333333334,0.00000012,0.00000000001114968,7740136,2019-06-17 14:31:30,BTC,1002.29123003,0.0,0.00000012,BTC,15014.200177125656,0.0,0.00153257,61
1,[],26,[],2019-06-17 14:31:30,0.0,0.00000050,0.000000000046457,7740137,2019-06-17 14:31:30,btc,0.0,0.0,0.00000050,btc,0.0,0.0,0.0,61
1,[],27,[],2019-06-17 14:31:36,8400.0,0.00000018,0.00000000001672452,7740138,2019-06-17 14:31:36,btc,1.9742539297246655,0.0,0.00000018,"btc,eth",10953.51663696,0.0,0.001512,61
0,[],28,[],2019-06-17 14:31:38,0.0,0,0,7740139,2019-06-17 14:31:38,,0.0,0.0,0,,0.0,0.0,0.0,61
1,[],4,[],2019-06-22 05:52:23,829866.32704331,0.00000076,0.00000000008151456000000001,7751758,2019-06-22 05:52:23,btc,3.3019610933802506,0.0,0.00000076,btc,1308231.38816281,0.09960818,0.4636866833103998,67
0.0,[],25,[],2019-06-22 05:52:25,0.0,0,0,7751759,2019-06-22 05:52:25,,0.0,0.0,0.0,btc,0.0,0.0,0.0,67
1,[],12,[],2019-06-02 06:23:14,910048.355,0.00000006,0.000000000005154929999999999,7725270,2019-06-02 06:23:14,btc,5.167005424215783,0.0,0.00000006,btc,738530.60239759,0.003159757462,0.0187188113,71
,[],5,[],2018-11-20 23:02:39,1.5e-07,0.00000005,0.000000000002128045,4862160,2018-11-20 23:02:39,btc,2.84511358,0.0,,btc,0.00036572,0.0,0.07381892,74
1,[],5,[],2019-06-22 05:52:26,0.0,0,0,7751760,2019-06-22 05:52:26,btc,0.0,0.00464022,0,btc,0.0,0.0,0.0,75
1,[],4,[],2019-06-04 03:25:15,715281.46076168,0.00000001,0.000000000000803619,7734085,2019-06-04 03:25:15,btc,581089.6218469425,0.0,0.00000001,btc,37692563.61091116,0.0,0.0071528146076168,81
0,[],20,[],2019-01-25 09:30:31,0.0,0,0,6495923,2019-01-25 09:30:31,btc,0.0,0.0,0,btc,0.0,0.0,0.0,81
1,[],4,[],2019-06-22 05:52:27,225655.77262237,0.00009601,0.00000001029764856,7751761,2019-06-22 05:52:27,btc,57.13812304280821,0.0,0.00009601,btc,113632.64631713,1.19928749,0.3170869545902914,82
1,[],21,[],2019-06-22 05:52:28,64554.57041483,0.00009267000000000000551562268081,0.000000009939413520000001,7751762,2019-06-22 05:52:28,btc,7.139246960969122,27605.55245686,0.000092670000000000005515622680807297228966490365564823150634765625,btc,58328.54471344,2.62957397,4.479639661520111,82
0,[],17,[],2019-03-25 22:42:34,0.0,0,0,7038780,2019-03-25 22:42:34,btc,0.0445064681804024,0.0,0,btc,995513.18476001,0.0,0.0,84
0.0000000001161485,[],4,[],2019-05-20 13:09:39,216715621.0206096,1.161485e-18,9.0533806701e-23,7657228,2019-05-20 13:09:39,ltc,1.6511566870244727,0.0,0.00000001,ltc,471032407.9048656,0.0,2.5171194308112273e-10,85
,[],22,[],2018-11-20 23:09:34,3408.1,0.0000001,0.0000000000041895,4862324,2018-11-20 23:09:34,BTC,0.04624735,0.0,,BTC,4990.0,0.0,0.00033081,86
1,[],22,[],2019-06-22 05:52:31,117294.0,0.00000006,0.00000000000643536,7751763,2019-06-22 05:52:31,BTC,1.81020153,0.0,0.00000006,BTC,196224.94736842104,0.0,0.00390484,87
1,[],27,[],2019-06-22 05:52:36,269523.0,0.00000003,0.00000000000321768,7751764,2019-06-22 05:52:36,btc,1.96738418326,44190.0,0.00000003,btc,516743.402,0.0048609,0.00708569,87
,[],2,[],2018-11-20 23:10:47,0.0,0,0,4862359,2018-11-20 23:10:47,,0.0,0.0,,,0.0,0.0,0.0,88
1,[],11,[],2019-06-17 14:31:59,193715.3529613,0.000073310000000000001140094962881477158589405007660388946533203125,0.00000000681152534,7740147,2019-06-17 14:31:59,btc,168.35454702024953,5791.70569014,0.000073310000000000001140094962881477158589405007660388946533203125,btc,196971.41170107,0.0,1.1996165759440112,89
0,[],2,[],2019-01-20 23:31:45,0.0,0,0,6477083,2019-01-20 23:31:45,,0.0,0.0,0,,0.0,0.0,0.0,91
1,[],12,[],2019-06-18 02:35:48,427715.74,0.00000015,0.000000000013911045000000001,7746087,2019-06-18 02:35:48,btc,116.61022144471085,0.0,0.00000015,btc,193315.55943968,0.000180759303,0.0129558314,91
1,[],22,[],2019-06-20 20:27:07,75910.0,0.00000002,0.000000000001914908,7746207,2019-06-20 20:27:07,BTC,0.49565371,0.0,0.00000002,"BTC,LTC",6.384990670617935,0.0,0.0016592,91
0,[],17,[],2019-05-03 01:12:26,0.0,0,0,7559096,2019-05-03 01:12:26,btc,0.0,0.0,0,btc,0.0,0.0,0.0,91
1,[],22,[],2019-06-22 05:52:40,106655.66666666667,0.00000003,0.00000000000321768,7751765,2019-06-22 05:52:40,BTC,11.34737936,0.0,0.00000003,"BTC,LTC",294418.0280038263,0.0,0.06917967,95
0.0000000001316769,[],4,[],2019-06-22 05:52:41,539506067.0059807,2.7652149e-17,2.965858893144e-21,7751766,2019-06-22 05:52:41,ltc,11.327138220659467,0.0,0.00000021,ltc,156608142.34976706,0.0,8.730331715350784e-10,96
0,[],12,[],2019-06-22 05:52:42,0.0,0,0,7751767,2019-06-22 05:52:42,btc,36.47432269859141,0.0,0,btc,9846623.85914086,7.872128e-06,0.0,96
0,[],17,[],2019-05-03 01:12:32,0.0,0,0,7559100,2019-05-03 01:12:32,btc,0.0,0.0,0,btc,0.0,0.0,0.0,96
1,[],4,[],2019-04-14 03:32:46,1039404.33283278,0.00000038,0.000000000019245518,7293458,2019-04-14 03:32:46,btc,4.170086055365747,0.0,0.00000038,btc,3097704.34561074,0.06260606,0.1859928211030784,99
1,[],4,[],2019-06-22 05:54:43,252997.03850409,0.00001410,0.0000000015123096,7751768,2019-06-22 05:54:43,btc,7.106673733635835,0.0,0.00001410,btc,163523.7600872,0.37005217,0.3095492090794162,100
0,[],2,[],2019-01-20 23:23:55,0.0,0,0,6476914,2019-01-20 23:23:55,,0.0,0.0,0,,0.0,0.0,0.0,100
1,[],22,[],2019-06-05 06:30:35,150000.0,0.00000002,0.000000000001558192,7740007,2019-06-05 06:30:35,BTC,28.56386409,0.0,0.00000002,BTC,12787.719,0.0,0.0017,101
1,[],4,[],2019-06-22 05:54:44,469957.63475672,0.00000158,0.00000000016946448,7751769,2019-06-22 05:54:44,btc,561.4393957589818,0.0,0.00000158,btc,744122.54482823,0.00973785,0.1459941297254718,103
1,[],12,[],2019-06-17 14:32:14,179201505.10870332,0.000000005,0.00000000000046457,7740154,2019-06-17 14:32:14,btc,113577.79366343976,0.0,0.000000005,btc,79148141.67831126,0.019059029059,0.27280986350611003,105
1,[],27,[],2019-06-17 14:32:19,18306828.03496503,0.00000002,0.00000000000185828,7740155,2019-06-17 14:32:19,btc,180.7198218385489,1083.96503497,0.00000002,btc,276513.60142659,7.588e-05,0.3661365606993006,105
1,[],22,[],2019-04-21 00:17:26,21333.0,0.00000001,0.000000000000532493,7385819,2019-04-21 00:17:26,BTC,51.38182867,0.0,0.00000001,BTC,470435.0,0.0,0.00021333,107
1,[],26,[],2019-04-21 00:17:26,0.0,0.00000000,0,7385820,2019-04-21 00:17:26,btc,0.0,0.0,0.00000000,btc,0.0,0.0,0.0,107
1,[],5,[],2019-06-22 05:54:47,0.0,0,0,7751770,2019-06-22 05:54:47,btc,0.0,0.0,0,btc,0.0,0.0,0.0,112
0,[],22,[],2019-06-22 05:54:50,0.0,0,0,7751771,2019-06-22 05:54:50,,6.79500102,0.0,0,,3375892.0833333335,0.0,0.0,112
1,[],27,[],2019-06-22 05:54:56,1.0,0.00000001,0.00000000000107256,7751772,2019-06-22 05:54:56,btc,1.14885,0.0,0.00000001,"btc,eth",39.0,0.0,1e-08,112
1,[],4,[],2019-06-22 05:54:57,1015532.78735077,0.00000060,0.0000000000643536,7751773,2019-06-22 05:54:57,btc,4.7461009389781275,0.0,0.00000060,btc,779238.06322549,0.04005421,0.2082251530620875,113
1,[],5,[],2019-06-22 05:54:58,0.0,0,0,7751774,2019-06-22 05:54:58,btc,0.0,0.0,0,btc,0.0,0.0,0.0,113
1,[],17,[],2019-04-26 02:17:47,162738.278,0.00000004,0.0000000000021069000000000002,7461287,2019-04-26 02:17:47,btc,1.3331140273775473,0.0,0.00000004,btc,51796.221,0.0,0.00230953112,116
1,[],27,[],2019-05-22 05:13:01,210000.0,0.00000001,0.00000000000079145,7666372,2019-05-22 05:13:01,btc,3919.0005001478,0.0,0.00000001,btc,128660.871,0.0,0.0021,116
1,[],4,[],2019-05-21 22:31:11,138169.03963019,0.00000701,0.000000000558364025,7664793,2019-05-21 22:31:11,btc,150.95388250938234,0.0,0.00000701,btc,344631.17141974,0.07552974,0.4288357684941946,120
1,[],7,[],2019-05-21 22:31:12,3901.07750076,0.000010679999999999999389654892212320191902108490467071533203125,0.0000000008506887,7664794,2019-05-21 22:31:12,btc,231188.94669936574,0.0,0.000010679999999999999389654892212320191902108490467071533203125,btc,4133.83151364,0.0,0.0113888422364489,120
1,[],20,[],2019-04-07 18:42:29,1914137.0852,0.000000035,0.0000000000017871910000000002,7211992,2019-04-07 18:42:29,btc,32.2497668025648,25528.85,0.000000035,btc,1001975.4986,0.00089350975,0.0152723574729,125
1,[],22,[],2019-06-17 14:32:38,10000.0,0.00000001,0.00000000000092914,7740161,2019-06-17 14:32:38,BTC,0.032061,0.0,0.00000001,BTC,299316.7611111111,0.0,0.0001,126
1,[],4,[],2019-06-22 05:54:59,2952857.96888383,0.00000425,0.00000000045583800000000003,7751775,2019-06-22 05:54:59,btc,2.347188420131634,0.0,0.00000425,btc,170110.04847109,0.0770934,0.5402907599281228,131
0,[],2,[],2019-01-20 23:25:46,0.0,0,0,6476969,2019-01-20 23:25:46,,0.0,0.0,0,,0.0,0.0,0.0,131
1,[],17,[],2019-05-03 01:13:10,10000.0,0.00000001,0.000000000000548003,7559115,2019-05-03 01:13:10,btc,0.0953976503951408,0.0,0.00000001,btc,5037.62507334,0.0,0.0001,131
1,[],4,[],2019-06-17 14:32:42,4848.49465417,0.00007919,0.00000000735785966,7740163,2019-06-17 14:32:42,btc,0.9905723729472744,0.0,0.00007919,btc,202.13055914,0.0,0.0061509344290166,135
1,[],3,[],2019-06-05 06:33:11,40600.27748212,0.00000001,0.000000000000779096,7740019,2019-06-05 06:33:11,btc,0.2308097808993716,2146378.52189,0.00000001,btc,2477992.76904676,0.0,0.0004060027748212,136
1,[],4,[],2019-06-22 05:57:01,345055.44364617,0.00000170,0.0000000001823352,7751776,2019-06-22 05:57:01,btc,110.29987877350742,0.0,0.00000170,btc,584788.97952028,0.02225041,0.4902147586732098,137
1,[],12,[],2019-06-22 05:57:02,66123.9016061,0.000001529999999999999962528346615642238504051420022733509540557861328125,0.00000000016410168,7751777,2019-06-22 05:57:02,btc,79.71322441998413,0.0,0.000001529999999999999962528346615642238504051420022733509540557861328125,btc,81717.92097078,0.00240281,0.0138697599999674,137
1,[],4,[],2019-06-22 05:57:03,280103.50328765,0.00001436,0.0000000015401961600000002,7751778,2019-06-22 05:57:03,btc,9.39496870908243,0.0,0.00001436,btc,165738.78292473,0.4825106,0.4081263044360719,142
1,[],5,[],2019-06-22 05:57:04,0.0,0,0,7751779,2019-06-22 05:57:04,btc,0.0,0.01909232,0,btc,0.0,0.0,0.0,142
1,[],20,[],2019-06-22 05:59:06,269368.339,0.0000161,0.0000000017268216000000001,7751780,2019-06-22 05:59:06,btc,1.6060500710711,49.7943,0.0000161,btc,9785.9727,0.000801821178,0.0188219425058,142
1,[],22,[],2019-06-22 05:59:09,10715.0,0.00001299,0.0000000013932554400000002,7751781,2019-06-22 05:59:09,BTC,2.99759384,0.0,0.00001299,BTC,835.7198755539798,0.0,0.00540125,142
0.0,[],25,[],2019-06-22 05:59:10,0.0,0,0,7751782,2019-06-22 05:59:10,,0.0,0.0,0.0,btc,0.0,0.0,0.0,142
0,[],28,[],2019-06-22 05:59:12,0.0,0,0,7751783,2019-06-22 05:59:12,,0.0,0.0,0,,0.0,0.0,0.0,142
1,[],17,[],2019-05-03 01:13:16,32967.38636364,0.00000088,0.000000000048224264,7559122,2019-05-03 01:13:16,btc,20.06976206696776,0.0,0.00000088,btc,2746.079105,0.0,0.0105613000000032,142
0,[],22,[],2019-06-22 05:59:14,0.0,0,0,7751784,2019-06-22 05:59:14,,1635.98618676,0.0,0,,788450755.3,0.0,0.0,143
0,[],22,[],2019-02-25 15:42:22,0.0,0,0,6783783,2019-02-25 15:42:22,,4.2131946,0.0,0,,2322156.0,0.0,0.0,146
,[],22,[],2018-11-20 23:01:11,0.0,0,0,4862114,2018-11-20 23:01:11,,2.56807021,0.0,,,61828.4988236,0.0,0.0,147
1,[],12,[],2019-04-21 06:38:04,193091.5971266,0.00000071,0.000000000037635183,7388679,2019-04-21 06:38:04,btc,2.301232411611175,0.0,0.00000071,btc,9957.48302385,0.00023528,0.0313308199999888,148
1,[],4,[],2019-03-19 21:31:25,255810.0415942,0.00000029,0.000000000011615747,6982695,2019-03-19 21:31:25,btc,218.94922712414143,0.0,0.00000029,btc,793529.37642722,0.00117,0.0608347789473395,152
0,[],22,[],2019-03-19 21:31:27,0.0,0,0,6982696,2019-03-19 21:31:27,,0.0,0.0,0,,0.0,0.0,0.0,152
1,[],5,[],2019-04-26 09:36:59,0.0,0,0,7465040,2019-04-26 09:36:59,btc,0.0,0.0,0,btc,0.0,0.0,0.0,153
,[],16,[],2019-01-11 15:38:59,0.0,0,0,6366141,2019-01-11 15:38:59,btc,0.0,0.0,,btc,0.0,0.0,0.0,155
0,[],23,[],2019-01-20 23:24:29,0.0,0,0,6476932,2019-01-20 23:24:29,,0.0,0.0,0,,0.0,0.0,0.0,156
0,[],22,[],2019-06-04 06:02:09,0.0,0,0,7734688,2019-06-04 06:02:09,,7.43375324,0.0,0,,5955762.942592593,0.0,0.0,156
1,[],22,[],2019-06-22 05:59:18,6996.0,0.00000001,0.00000000000107256,7751785,2019-06-22 05:59:18,BTC,1.7543039,0.0,0.00000001,BTC,57.0,0.0,6.996e-05,157
0,[],22,[],2019-05-21 23:40:32,0.0,0,0,7665049,2019-05-21 23:40:32,,50234.60468402,0.0,0,,54786159.03179465,0.0,0.0,158
,[],17,[],2018-11-20 22:56:10,0.0,0,0,4861976,2018-11-20 22:56:10,btc,1.1265625,0.0,,btc,1000.0,0.0,0.0,159
,[],20,[],2018-11-20 22:56:12,0.0,0,0,4861977,2018-11-20 22:56:12,btc,11912.7940471,0.0,,btc,34413894.3617,0.0,0.0,159
1,[],12,[],2019-05-24 02:51:20,9178.522006449999,0.00000191999999999999982841307998027158276954651228152215480804443359375,0.000000000151222656,7676256,2019-05-24 02:51:20,btc,149.80414728631675,0.0,0.00000191999999999999982841307998027158276954651228152215480804443359375,btc,1115.7451448499999,0.01783167678326,0.0120075778999181,168
1,[],17,[],2019-05-03 01:13:36,42852.0,0.00000002,0.000000000001096006,7559132,2019-05-03 01:13:36,btc,0.04279856251542,0.0,0.00000002,btc,274.46171372,0.0,0.00052852,168
1,[],22,[],2019-05-17 03:01:52,10.0,0.00000001,0.000000000000778341,7642059,2019-05-17 03:01:52,BTC,41.95893009,0.0,0.00000001,BTC,1753972.7737547632,0.0,1e-07,169
1,[],22,[],2019-05-30 08:38:18,202834.0,0.00000002,0.0000000000017416160000000001,7711049,2019-05-30 08:38:18,BTC,27.87002826,0.0,0.00000002,BTC,462189.5410507793,0.0,0.00211768,171
1,[],22,[],2019-05-29 08:05:18,349870.0,0.00000002,0.000000000001705894,7705265,2019-05-29 08:05:18,BTC,24.05907723,0.0,0.00000002,"BTC,LTC",1224285.4355616204,0.0,0.0039847,173
1,[],5,[],2019-06-22 05:59:19,0.0,0,0,7751786,2019-06-22 05:59:19,btc,0.0,0.0567591,0,btc,0.0,0.0,0.0,175
1,[],22,[],2019-06-17 14:33:12,90671.0,0.00000001,0.00000000000092914,7740175,2019-06-17 14:33:12,BTC,394.35459412,0.0,0.00000001,BTC,136275.61833431243,0.0,0.00090671,176
1,[],7,[],2019-06-22 05:59:21,0.0,0,0,7751787,2019-06-22 05:59:21,btc,522272.5930936198,0.0,0,btc,27773972.73829655,0.0,0.0,178
0,[],22,[],2019-06-22 05:59:24,0.0,0,0,7751788,2019-06-22 05:59:24,,1.00242428,0.0,0,,57512.0,0.0,0.0,178
0,[],2,[],2019-01-20 23:28:34,0.0,0,0,6477001,2019-01-20 23:28:34,,0.0,0.0,0,,0.0,0.0,0.0,178
1,[],5,[],2019-06-22 05:59:25,0.0,0,0,7751789,2019-06-22 05:59:25,btc,0.0,0.01343465,0,btc,0.0,0.0,0.0,179
0,[],22,[],2019-06-22 05:59:27,0.0,0,0,7751790,2019-06-22 05:59:27,,5.17403917,0.0,0,,13450788.311946675,0.0,0.0,179
0,[],23,[],2019-01-20 23:25:08,0.0,0,0,6476952,2019-01-20 23:25:08,,0.0,0.0,0,,0.0,0.0,0.0,179
1,[],22,[],2019-06-22 06:01:31,734605.7070953437,0.00000041,0.000000000043974960000000005,7751791,2019-06-22 06:01:31,BTC,40.61588481,0.0,0.00000041,"BTC,LTC",168961.62502857723,0.00096613,0.57174026,180
1,[],26,[],2019-06-22 06:01:31,0.0,0.00000010,0.000000000010725600000000001,7751792,2019-06-22 06:01:31,btc,0.0,0.0,0.00000010,btc,0.0,0.0,0.0,180
1,[],17,[],2019-05-03 01:13:56,20504.725000000002,0.0000001,0.00000000000548003,7559141,2019-05-03 01:13:56,btc,5.2010695838400265,0.0,0.0000001,btc,5033.45945,0.0,0.0011504725,180
,[],7,[],2018-11-20 22:58:01,562227.975654,0.00000085,0.000000000036176765,4862015,2018-11-20 22:58:01,btc,21836.6059674,2491.87645172,,btc,749999.041456,0.00211021,0.127565380455,183
,[],5,[],2019-01-10 08:11:41,0.0,0,0,6347036,2019-01-10 08:11:41,btc,82.15055501,0.00261,,btc,1.19002445,0.0,0.0,187
,[],17,[],2018-11-16 20:58:10,4062536.27273,0.00000001,0.000000000000550501,4708775,2018-11-16 20:58:10,btc,3.36492563466,0.195460381006,,"btc,eth",110697919.549,0.0,0.0157628953496,187
1,[],24,[],2019-05-22 21:04:52,0.0,0.000000000014,0.0000000000000010960978,7670219,2019-05-22 21:04:52,btc,0.0,0.0,0.000000000014,btc,0.0,0.0,0.0,187
0,[],22,[],2019-04-25 02:54:07,0.0,0,0,7447896,2019-04-25 02:54:07,,7.54794454,0.0,0,,76361.7243344055,0.0,0.0,191
0,[],22,[],2019-06-17 14:33:34,0.0,0,0,7740182,2019-06-17 14:33:34,,0.0,0.0,0,,0.0,0.0,0.0,197
0,[],23,[],2019-01-20 23:31:41,0.0,0,0,6477079,2019-01-20 23:31:41,,0.0,0.0,0,,0.0,0.0,0.0,199
0,[],22,[],2019-06-22 06:01:35,0.0,0,0,7751793,2019-06-22 06:01:35,,10.58263174,0.0,0,,84280969.0,0.0,0.0,199
1,[],26,[],2019-06-22 06:01:35,0.0,0.00000000,0,7751794,2019-06-22 06:01:35,btc,0.0,0.0,0.00000000,btc,0.0,0.0,0.0,199
0,[],2,[],2019-01-20 23:30:49,0.0,0,0,6477059,2019-01-20 23:30:49,,0.0,0.0,0,,0.0,0.0,0.0,201
1,[],4,[],2019-01-25 15:51:35,2084389.58565343,0.00000936,0.000000000333526752,6499557,2019-01-25 15:51:35,btc,2.0092503037378524,0.0,0.00000936,btc,160195.80207885,0.19272417,1.242687955921835,211
1,[],7,[],2019-06-22 06:01:37,1170054124.6898527,0.00000018,0.00000000001930608,7751795,2019-06-22 06:01:37,btc,1346840.2653139164,0.0,0.00000018,btc,6166479.26464841,0.0,11.954344045954047,212
1,[],12,[],2019-01-25 02:44:32,207462.42853209,0.000001080000000000000035831255497387193287295303889550268650054931640625,0.000000000038610756000000006,6493050,2019-01-25 02:44:32,btc,85023.03793723314,0.0,0.000001080000000000000035831255497387193287295303889550268650054931640625,btc,43675.73520027,0.000146250909087,0.0348620860622024,213
1,[],5,[],2019-05-30 00:07:46,0.0,0,0,7709357,2019-05-30 00:07:46,btc,0.0,0.06425239,0,btc,0.0,0.0,0.0,213
1,[],24,[],2019-05-30 00:07:46,0.0,0.000000399202,0.0000000000344859829346,7709358,2019-05-30 00:07:46,btc,0.0,0.0,0.000000399202,btc,0.0,0.0,0.0,213
1,[],26,[],2019-05-30 00:07:47,0.0,0.00000040,0.000000000034554919999999996,7709359,2019-05-30 00:07:47,btc,0.0,0.0,0.00000040,btc,0.0,0.0,0.0,213
0,[],22,[],2019-06-22 06:01:40,0.0,0,0,7751796,2019-06-22 06:01:40,,9.56923849,0.0,0,,3661587.2040649247,0.0,0.0,216
0,[],27,[],2019-06-22 06:01:47,0.0,0,0,7751797,2019-06-22 06:01:47,,95.90976801917752,0.0,0,"btc,ltc",638074.407688,0.0,0.0,216
1,[],22,[],2019-06-22 06:01:51,481535.4852813853,0.0000003,0.0000000000321768,7751798,2019-06-22 06:01:51,BTC,12055.91513703,0.0,0.0000003,BTC,495987.3626290264,3.5e-05,0.03158025,217
1,[],7,[],2019-06-22 06:01:52,0.0,0,0,7751799,2019-06-22 06:01:52,btc,1234862.069144521,0.0,0,btc,89337195.01569474,0.0,0.0,219
0,[],27,[],2019-06-22 06:01:57,0.0,0,0,7751800,2019-06-22 06:01:57,,250.36597143533322,0.0,0,btc,7934668.36581025,0.0,0.0,219
0,[],28,[],2019-06-22 06:01:59,0.0,0,0,7751801,2019-06-22 06:01:59,,0.0,0.0,0,,0.0,0.0,0.0,219
1,[],22,[],2019-05-23 16:41:05,172069.0,0.00000004,0.0000000000031167080000000004,7674065,2019-05-23 16:41:05,BTC,56.76466137,0.0,0.00000004,BTC,127061.6482738741,0.0,0.00393676,221
1,[],24,[],2019-05-23 16:41:05,0.0,0.000000010000,0.0000000000007791770000000001,7674066,2019-05-23 16:41:05,btc,0.0,0.0,0.000000010000,btc,0.0,0.0,0.0,221
1,[],20,[],2019-06-17 14:34:11,26882155.8301,0.000000003,0.000000000000278742,7740192,2019-06-17 14:34:11,btc,100050.81956632523,233521.3529,0.000000003,btc,38769742.8604,0.0007925640587,0.0306863532672,224
0,[],22,[],2019-06-17 14:34:13,0.0,0,0,7740193,2019-06-17 14:34:13,,0.0,0.0,0,,0.0,0.0,0.0,224
1,[],26,[],2019-06-22 06:02:00,0.0,0.00000022,0.00000000002359632,7751802,2019-06-22 06:02:00,btc,0.0,0.0,0.00000022,btc,0.0,0.0,0.0,231
1,[],26,[],2019-06-22 06:02:00,0.0,0.00000005,0.0000000000053628000000000005,7751803,2019-06-22 06:02:00,btc,0.0,0.0,0.00000005,btc,0.0,0.0,0.0,234
0.0000000002855148,[],27,[],2019-06-22 06:02:06,100.0,2.855148e-18,3.06231753888e-22,7751804,2019-06-22 06:02:06,eth,0.0,0.0,0.00000001,"btc,eth",0.0,0.0,2.855148e-16,234
1,[],4,[],2019-05-22 17:06:12,91780.56053785,0.00000078,0.000000000061977552,7669277,2019-05-22 17:06:12,btc,5.573372450018177,0.0,0.00000078,btc,729173.93529783,0.0,0.0307060663355679,236
1,[],24,[],2019-05-22 17:06:12,0.0,0.000000010000,0.000000000000794584,7669278,2019-05-22 17:06:12,btc,0.0,0.0,0.000000010000,btc,0.0,0.0,0.0,236
1,[],5,[],2019-06-22 06:02:08,0.0,0,0,7751805,2019-06-22 06:02:08,btc,0.0,3.925818,0,btc,0.0,0.0,0.0,237
1,[],20,[],2019-06-22 06:02:10,63424743.9661,0.00000009,0.00000000000965304,7751806,2019-06-22 06:02:10,btc,8187498.980923971,38155386.315,0.00000009,btc,35940495.6469,3.7367804198103,2.016086917873,237
1,[],22,[],2019-06-22 06:02:13,2084614.0,0.00000004,0.00000000000429024,7751807,2019-06-22 06:02:13,BTC,1.20112207,0.0,0.00000004,"BTC,LTC",14507.148717948718,0.0,0.02587451,237
1,[],4,[],2019-06-22 06:02:14,41984366.38802029,0.00000007,0.00000000000750792,7751808,2019-06-22 06:02:14,btc,2.6388679316075323,0.0,0.00000007,btc,12373911.91423674,0.05794326,0.8762370126600854,238
1,[],5,[],2019-06-22 06:02:15,0.0,0,0,7751809,2019-06-22 06:02:15,btc,0.0,0.00011822,0,btc,0.0,0.0,0.0,238
0,[],22,[],2019-03-12 16:49:32,0.0,0,0,6914458,2019-03-12 16:49:32,,0.40415746,0.0,0,,526736.5639027493,0.0,0.0,249
0,[],22,[],2019-05-28 23:53:45,0.0,0,0,7703643,2019-05-28 23:53:45,,13.44714864,0.0,0,,43777534.3426455,0.0,0.0,252
0,[],28,[],2019-06-22 06:02:17,0.0,0,0,7751810,2019-06-22 06:02:17,,0.0,0.0,0,,0.0,0.0,0.0,256
1,[],22,[],2019-06-22 06:02:20,569233.0,0.00000001,0.00000000000107256,7751811,2019-06-22 06:02:20,BTC,31464.57209943,0.0,0.00000001,BTC,1031813.2230878276,0.00023236,0.00569233,258
1,[],22,[],2019-05-19 18:12:02,400.0,0.00000001,0.0000000000007957800000000001,7653905,2019-05-19 18:12:02,BTC,2.415167,0.0,0.00000001,BTC,157.0,0.0,4e-06,259
1,[],5,[],2019-06-22 06:02:21,0.0,0,0,7751812,2019-06-22 06:02:21,btc,0.0,0.10061026,0,btc,0.0,0.0,0.0,264
1,[],20,[],2019-06-22 06:02:23,910746.064,0.000000421,0.000000000045154776000000005,7751813,2019-06-22 06:02:23,btc,1.018396785891,25478.2931,0.000000421,btc,62959.9021,0.015569544255,0.0073977341829,264
0,[],22,[],2019-04-12 17:57:27,0.0,0,0,7278186,2019-04-12 17:57:27,,66.37522201,0.0,0,,677842.4169881374,0.0,0.0,271
0,[],22,[],2019-06-22 06:02:25,0.0,0,0,7751814,2019-06-22 06:02:25,,33050469.74148113,0.0,0,,14261527780.7,0.0,0.0,272
0,[],28,[],2019-06-22 06:02:26,0.0,0,0,7751815,2019-06-22 06:02:26,,0.0,0.0,0,,0.0,0.0,0.0,272
1,[],22,[],2019-05-23 07:12:29,219930.0,0.00000004,0.000000000003048688,7671985,2019-05-23 07:12:29,BTC,426.77835217,0.0,0.00000004,BTC,248664.3325962929,0.0,0.00739728,281
1,[],22,[],2019-06-22 06:02:31,26735.1,0.00000002,0.00000000000214512,7751816,2019-06-22 06:02:31,BTC,2.67895761,0.0,0.00000002,"BTC,LTC",1078668.9093393278,0.00032682,0.00478582,286
0,[],22,[],2019-06-17 14:34:53,0.0,0,0,7740207,2019-06-17 14:34:53,,7337915.80475575,0.0,0,,2078527309.6797826,0.0,0.0,294
