pairValue,buyBook,exchangeId,sellBook,updated,buyTotal,satoshiPrice,usdPrice,exchangeLogId,created,bestPair,sellTotalBtc,volume,pairPrice,activePairs,sellTotal,volumeBtc,buyTotalBtc,coinId
1,[],3,[],2019-09-02 20:46:20,964.654639359735,0.007036760000000000410402822836886116419918835163116455078125,0.0000007275095061200001,7988855,2019-09-02 20:46:20,btc,9.328908614429777,6.3505542869,0.007036760000000000410402822836886116419918835163116455078125,btc,34.754412500251,0.0,0.2782765958966923,1
1,[],4,[],2019-09-02 20:46:21,24955.74241726,0.00711647,0.00000073575048389,7988856,2019-09-02 20:46:21,btc,5.22974773570374,0.0,0.00711647,btc,407.44902832,0.41189141,0.3636014241049766,1
1,[],12,[],2019-09-02 20:46:26,145.16518113,0.0070600000000000003030908857226677355356514453887939453125,0.0000007299122200000001,7988857,2019-09-02 20:46:26,btc,0.3110102743676,0.0,0.0070600000000000003030908857226677355356514453887939453125,btc,32.34702412,0.746358497242,0.19568926503769998,1
1,[],20,[],2019-09-02 20:46:28,1932.2609,0.007200652,0.000000744453808324,7988858,2019-09-02 20:46:28,btc,0.2269410104661,3.2774,0.007200652,btc,19.2567,0.024545261914,0.1287074784429,1
1,[],21,[],2019-09-02 20:46:29,2732.81783988,0.007091450000000000010447198662,0.0000007331637411500001,7988859,2019-09-02 20:46:29,btc,8.107312868734416,1761.4600768300002,0.007091450000000000010447198661722723045386373996734619140625,"btc,eth",1490.72761135,10.411492573946374,15.818820830562093,1
1,[],22,[],2019-09-02 20:46:34,0.5198816666666667,0.00600000,0.0000006203220000000001,7988860,2019-09-02 20:46:34,BTC,0.01700334,0.0,0.00600000,BTC,0.283670650841137,0.0,0.00302178,1
1,[],24,[],2019-09-02 20:46:34,0.0,0.000000000000,0,7988861,2019-09-02 20:46:34,btc,0.0,0.0,0.000000000000,btc,0.0,0.0,0.0,1
0.0,[],25,[],2019-09-02 20:46:39,0.0,0,0,7988862,2019-09-02 20:46:39,btc,13.751699999713109,2708.83304545,0.0,btc,1870.08567051,19.7896,0.0,1
1,[],26,[],2019-09-02 21:08:18,0.0,0,0,7988863,2019-09-02 21:08:18,,0.0,0.0,0,,0.0,0.0,0.0,1
1,[],28,[],2019-09-02 21:08:32,1042.4,0.007000000000,0.0000007237090000000001,7988864,2019-09-02 21:08:32,btc,0.380448042,2586.0739,0.007000000000,btc,23.8751,0.0,0.284286096,1
1,[],10,[],2019-07-13 08:58:05,251434.9725798,0.00271069,0.00000031407274150500003,7812232,2019-07-13 08:58:05,btc,6515.317158446701,1686.04548878,0.00271069,btc,2002.66956917,0.0,1.2639712180673435,1
1,[],5,[],2019-07-06 00:27:44,0.0,0,0,7800775,2019-07-06 00:27:44,btc,0.0,0.00190933,0,btc,0.0,0.0,0.0,1
0,[],2,[],2019-01-20 23:28:45,0.0,0,0,6477011,2019-01-20 23:28:45,,0.0,0.0,0,,0.0,0.0,0.0,1
1,[],22,[],2019-09-02 21:08:36,9495.2,0.0000002,0.0000000000206774,7988865,2019-09-02 21:08:36,BTC,21.00878619,0.0,0.0000002,"BTC,XMR",19931.59287795317,0.0,0.00102579,2
1,[],5,[],2019-07-06 00:28:14,0.0,0,0,7800785,2019-07-06 00:28:14,btc,0.0,0.00208797,0,btc,0.0,0.0,0.0,2
1,[],12,[],2019-08-28 21:17:40,5010914.74249396,0.000000058,0.000000000005696249600000001,7978048,2019-08-28 21:17:40,btc,43110.2619967908,0.0,0.000000058,btc,9228654.41588682,0.002779447687,0.20908922188989368,3
0,[],28,[],2019-08-28 21:17:42,0.0,0,0,7978049,2019-08-28 21:17:42,,0.0,0.0,0,,0.0,0.0,0.0,3
1,[],5,[],2019-06-03 14:48:58,0.0,0,0,7731126,2019-06-03 14:48:58,btc,0.0,0.05905545,0,btc,0.0,0.0,0.0,3
0,[],2,[],2019-01-20 23:31:32,0.0,0,0,6477077,2019-01-20 23:31:32,,0.0,0.0,0,,0.0,0.0,0.0,4
1,[],4,[],2019-08-19 07:13:39,5576051.9095195,0.00000012,0.000000000012681852,7911861,2019-08-19 07:13:39,btc,25.86361324985451,0.0,0.00000012,btc,1094878.27526979,0.00024951,0.0793524101309535,4
0,[],2,[],2019-01-20 23:31:51,0.0,0,0,6477087,2019-01-20 23:31:51,,0.0,0.0,0,,0.0,0.0,0.0,6
1,[],11,[],2019-08-15 15:27:29,324074.0,0.00000001,0.0000000000010065590000000001,7900084,2019-08-15 15:27:29,btc,9583.47119397936,4910218.0,0.00000001,btc,78345418.50750598,0.0,0.00324074,6
1,[],3,[],2019-09-02 21:08:39,11457.50660677463,0.00007365999999999999609499867769812908591120503842830657958984375,0.00000000761548642,7988866,2019-09-02 21:08:39,btc,1026.299350558659,0.0,0.00007365999999999999609499867769812908591120503842830657958984375,btc,418.298328509976,0.0,0.02377671989910769,7
1,[],4,[],2019-09-02 21:08:39,53519.42248593,0.00006913,0.00000000714714331,7988867,2019-09-02 21:08:39,btc,11.377391709389597,0.0,0.00006913,btc,76864.52379164,0.72203112,1.9909412536305837,7
1,[],5,[],2019-07-06 00:28:21,0.0,0,0,7800789,2019-07-06 00:28:21,btc,0.0,0.38662001,0,btc,0.0,0.0,0.0,7
1,[],5,[],2019-07-05 17:50:59,0.0,0,0,7799863,2019-07-05 17:50:59,btc,0.0,0.04857279,0,btc,0.0,0.0,0.0,12
0,[],2,[],2019-01-20 23:23:08,0.0,0,0,6476890,2019-01-20 23:23:08,,0.0,0.0,0,,0.0,0.0,0.0,12
1,[],4,[],2019-09-02 21:08:40,22293860.21030523,0.00000019,0.000000000019643530000000002,7988868,2019-09-02 21:08:40,btc,5.551959478253566,0.0,0.00000019,btc,11405506.92080603,0.2655371,1.308749023646982,12
0.0,[],25,[],2019-09-02 21:08:47,0.0,0,0,7988869,2019-09-02 21:08:47,,0.0,0.0,0.0,btc,0.0,0.0,0.0,12
1,[],4,[],2019-09-02 21:08:48,1057008.43933558,0.00000120,0.00000000012406440000000002,7988870,2019-09-02 21:08:48,btc,2.7159547417563137,0.0,0.00000120,btc,801403.217725,0.21529816,0.4311553606264708,13
1,[],10,[],2019-09-02 21:08:50,694720.43997654,0.00000113,0.00000000011682731,7988871,2019-09-02 21:08:50,btc,666828.3250568954,18537.3678705,0.00000113,btc,1011347.08561734,0.0,0.0810528971506265,13
1,[],21,[],2019-09-02 21:08:51,5972268.9706913605,0.000001170000000000000021170673721,0.00000000012096279,7988872,2019-09-02 21:08:51,btc,3.854412598867032,255342.95534503,0.000001170000000000000021170673721038202330646527116186916828155517578125,btc,2009921.64645413,0.28912326,1.8282475133958802,13
0,[],17,[],2019-08-21 20:54:35,0.0,0,0,7923253,2019-08-21 20:54:35,btc,0.0,0.0,0,btc,0.0,0.0,0.0,14
1,[],4,[],2019-09-02 21:08:52,1227144.44544049,0.00000061,0.00000000006306607,7988873,2019-09-02 21:08:52,btc,2.30986766307232,0.0,0.00000061,btc,855372.01695883,0.02355488,0.1697872146649157,14
1,[],12,[],2019-09-02 21:08:53,240145.74543944,0.00000064,0.00000000006616768000000001,7988874,2019-09-02 21:08:53,btc,181.98774417890576,0.0,0.00000064,btc,37131.39118966,0.002488904317,0.0243578681721198,14
1,[],26,[],2019-09-02 21:08:53,0.0,0,0,7988875,2019-09-02 21:08:53,,0.0,0.0,0,,0.0,0.0,0.0,14
0,[],4,[],2019-09-02 21:08:54,0.0,0,0,7988876,2019-09-02 21:08:54,,0.0,0.0,0,,0.0,0.0,0.0,15
,[],12,[],2018-12-01 15:15:48,204241.84496,0.00000489,0.000000000202473384,5260204,2018-12-01 15:15:48,btc,49.5475654835,0.0,,btc,35763.2193806,0.0163153972027625,0.0203389899998,15
0,[],17,[],2019-08-21 20:54:42,0.0,0,0,7923259,2019-08-21 20:54:42,btc,0.0,0.0,0,btc,0.0,0.0,0.0,18
0,[],2,[],2019-01-20 23:23:38,0.0,0,0,6476906,2019-01-20 23:23:38,,0.0,0.0,0,,0.0,0.0,0.0,18
1,[],4,[],2019-09-02 21:08:55,29268.08950633,0.00000703,0.00000000072681061,7988877,2019-09-02 21:08:55,btc,2.4535034296740825,0.0,0.00000703,btc,26212.86966063,0.00347323,0.0387736817874513,18
1,[],10,[],2019-09-02 21:08:57,367254.7452132,0.00000693,0.00000000071647191,7988878,2019-09-02 21:08:57,btc,14.891225436144572,4118.36107803,0.00000693,btc,12595.53755532,0.0,0.1135458670710756,18
1,[],12,[],2019-09-02 21:08:58,12009.88365154,0.0000068299999999999998285724576996269519213456078432500362396240234375,0.0000000007061332100000001,7988879,2019-09-02 21:08:58,btc,0.5640966920908984,0.0,0.0000068299999999999998285724576996269519213456078432500362396240234375,btc,1818.45181128,0.001290798407,0.014945090795621901,18
0,[],27,[],2019-08-12 16:48:42,0.0,0,0,7891818,2019-08-12 16:48:42,,0.0,0.0,0,btc,0.0,0.0,0.0,19
0,[],2,[],2019-01-20 23:24:19,0.0,0,0,6476924,2019-01-20 23:24:19,,0.0,0.0,0,,0.0,0.0,0.0,19
1,[],3,[],2019-09-02 21:08:58,155219.68536030521,0.000004930000000000000232188400450805687569300062023103237152099609375,0.0000000005096979100000001,7988880,2019-09-02 21:08:58,btc,190.42279017865613,680.231926831,0.000004930000000000000232188400450805687569300062023103237152099609375,btc,32386.262588631027,0.0,0.0521740858299515,19
1,[],4,[],2019-09-02 21:08:59,483369.05215413,0.00000461,0.00000000047661407,7988881,2019-09-02 21:08:59,btc,2.9941963705392354,0.0,0.00000461,btc,277393.66733627,0.05849555,1.2274909404852277,19
1,[],12,[],2019-09-02 21:09:00,129924.56516447,0.0000044700000000000004012350347804005679108740878291428089141845703125,0.0000000004621398900000001,7988882,2019-09-02 21:09:00,btc,0.3194997468230003,0.0,0.0000044700000000000004012350347804005679108740878291428089141845703125,btc,3372.31508773,0.0,0.0198528899998731,19
1,[],5,[],2019-07-06 02:01:19,0.0,0,0,7800799,2019-07-06 02:01:19,btc,0.0,0.0,0,btc,0.0,0.0,0.0,19
1,[],4,[],2019-08-19 09:56:57,10479102.32813501,0.00000006,0.00000000000640596,7912317,2019-08-19 09:56:57,btc,4.984292824562718,0.0,0.00000006,btc,2305413.8842246,0.0,0.1263090499480169,20
0,[],17,[],2019-08-21 20:54:51,0.0,0,0,7923265,2019-08-21 20:54:51,btc,0.0,0.0,0,btc,0.0,0.0,0.0,21
0,[],4,[],2019-09-02 21:09:01,0.0,0,0,7988883,2019-09-02 21:09:01,,44497.70129564759,0.0,0,,175173772.1834771,0.0,0.0,21
0,[],12,[],2019-09-02 21:09:02,0.0,0,0,7988884,2019-09-02 21:09:02,btc,2617.123960590949,0.0,0,btc,8715277.89310687,0.0,0.0,21
0.0000000002204393,[],27,[],2019-07-29 17:24:02,79794022.5,8.5971327e-17,8.21370058158e-21,7852364,2019-07-29 17:24:02,eth,1253.5830452782222,787155.0,0.00000039,eth,2317982.66147653,6.7672759904685e-11,2.1948587434632156e-09,23
1,[],12,[],2019-09-02 21:09:04,4326317094.662566,0.0000000026,0.0000000000002688062,7988885,2019-09-02 21:09:04,btc,167285627299.84265,0.0,0.0000000026,btc,1928197701.5469158,0.314255241624,3.062506397459738,23
1,[],4,[],2019-09-02 21:09:04,5976700.60390489,0.00000018,0.000000000018609660000000002,7988886,2019-09-02 21:09:04,btc,7.853877652840009,0.0,0.00000018,btc,2380148.66947222,0.00696435,0.1214450974587395,24
0,[],22,[],2019-09-02 21:09:06,0.0,0,0,7988887,2019-09-02 21:09:06,,2.9367775,0.0,0,,2936.7775,0.0,0.0,24
0.0,[],25,[],2019-09-02 21:09:13,0.0,0,0,7988888,2019-09-02 21:09:13,,0.0,0.0,0.0,btc,0.0,0.0,0.0,24
1,[],4,[],2019-09-02 21:09:13,26981386.21788424,0.00000350,0.00000000036185450000000003,7988889,2019-09-02 21:09:13,btc,106.6792289630467,0.0,0.00000350,btc,1081542.17806921,0.28036634,0.527352594435222,26
1,[],10,[],2019-09-02 21:09:15,214123.8969425,0.00000362,0.00000000037426094000000006,7988890,2019-09-02 21:09:15,btc,25.713631822736208,6816.09090227,0.00000362,btc,19669.85341025,0.0,0.0336125310429105,26
0,[],2,[],2019-01-20 23:25:56,0.0,0,0,6476976,2019-01-20 23:25:56,,0.0,0.0,0,,0.0,0.0,0.0,26
0.0000000000650644,[],4,[],2019-09-02 21:09:15,980631619.2872633,4.0990572e-17,4.237892267364e-21,7988891,2019-09-02 21:09:15,ltc,11.467049591184251,0.0,0.00000063,ltc,937172095.461495,0.00058044,8.125956823034615e-09,29
1,[],7,[],2019-09-02 21:09:16,0.0,0,0,7988892,2019-09-02 21:09:16,btc,1236994.0342190317,0.0,0,btc,40273135.417950094,0.0,0.0,29
0,[],17,[],2019-08-21 20:55:05,0.0,0,0,7923275,2019-08-21 20:55:05,btc,0.0,0.0,0,btc,0.0,0.0,0.0,30
1,[],4,[],2019-09-02 21:09:17,15022812.42613771,0.00000007,0.000000000007237090000000001,7988893,2019-09-02 21:09:17,btc,2.4946619432829475,0.0,0.00000007,btc,1919168.99948496,0.0,0.1714829635988889,30
1,[],4,[],2019-09-02 21:09:17,211333.7620647,0.00002803,0.0000000028979376100000003,7988894,2019-09-02 21:09:17,btc,2.322797247824168,0.0,0.00002803,btc,52654.08728348,0.19036937,0.4798004360592872,31
1,[],21,[],2019-09-02 21:09:18,6360294.16048687,0.00002786999999999999913058261469,0.00000000288139569,7988895,2019-09-02 21:09:18,btc,5.855642270134127,75109.16836541,0.00002786999999999999913058261469256393638715962879359722137451171875,btc,175866.73073464,2.14201706,4.11174010752128,31
0,[],2,[],2019-01-20 23:28:43,0.0,0,0,6477009,2019-01-20 23:28:43,,0.0,0.0,0,,0.0,0.0,0.0,32
0,[],4,[],2019-09-02 21:09:19,0.0,0,0,7988896,2019-09-02 21:09:19,,0.0,0.0,0,,0.0,0.0,0.0,33
1,[],12,[],2019-03-30 07:55:10,40641173.964,0.00000003,0.000000000001228359,7108785,2019-03-30 07:55:10,btc,4233210.82356125,0.0,0.00000003,btc,28378394.68333462,0.0126927883965248,0.90752895892,33
0.0000000000650644,[],4,[],2019-09-02 21:09:20,38034667.78436936,2.602576e-17,2.6907252491200003e-21,7988897,2019-09-02 21:09:20,ltc,6.122020666724087,0.0,0.0000004,ltc,193094349.30272081,0.0,3.3772003234223953e-10,34
1,[],5,[],2019-07-06 02:03:46,0.0,0,0,7800811,2019-07-06 02:03:46,btc,0.0,0.0,0,btc,0.0,0.0,0.0,34
1,[],27,[],2019-08-12 16:26:17,6255.0,0.00000019,0.000000000021630303,7891745,2019-08-12 16:26:17,btc,22.61101824371233,0.0,0.00000019,btc,4198.924835,0.0,0.00091445,37
1,[],17,[],2019-08-21 20:55:15,210000.45146899,0.00000025,0.000000000025489949999999998,7923282,2019-08-21 20:55:15,btc,0.003138923777095,0.0,0.00000025,"btc,eth",803.94918473,0.0,0.0001001128676138302,37
1,[],4,[],2019-09-02 21:09:21,10884877.19192412,0.00000012,0.00000000001240644,7988898,2019-09-02 21:09:21,btc,19773.22272274895,0.0,0.00000012,btc,2445321.11340281,0.0002398,0.1550303342600019,37
1,[],12,[],2019-09-02 21:09:22,8040416.18181818,0.00000012,0.00000000001240644,7988899,2019-09-02 21:09:22,btc,1798.365841528049,0.0,0.00000012,btc,2345481.59619783,0.008331701816,0.226409068181818,37
0,[],27,[],2019-08-12 16:26:27,0.0,0,0,7891747,2019-08-12 16:26:27,,0.001005,0.0,0,"btc,eth",3.0,0.0,0.0,42
1,[],12,[],2019-09-02 21:09:23,210527.14107934,0.00000092,0.00000000009511604,7988900,2019-09-02 21:09:23,btc,486.6727241246845,0.0,0.00000092,btc,155257.54265745,0.074170391011,0.045623529551685596,42
1,[],5,[],2019-07-06 02:03:47,0.0,0,0,7800812,2019-07-06 02:03:47,btc,0.0,0.14382058,0,btc,0.0,0.0,0.0,42
1,[],12,[],2019-03-13 09:13:29,1112112.0,0.00000001,0.000000000000386531,6919902,2019-03-13 09:13:29,btc,29058.00478931866,0.0,0.00000001,btc,5967681.93306694,9.99000999e-07,0.01112112,43
1,[],5,[],2019-04-26 22:38:52,0.0,0,0,7474154,2019-04-26 22:38:52,btc,0.0,0.02638891,0,btc,0.0,0.0,0.0,43
0,[],17,[],2019-04-26 22:38:53,0.0,0,0,7474155,2019-04-26 22:38:53,btc,0.0,0.0,0,btc,0.0,0.0,0.0,43
0.0000000000650644,[],4,[],2019-09-02 21:09:24,109409923.2534714,3.5134776e-17,3.632479086312e-21,7988901,2019-09-02 21:09:24,ltc,8614.718839208168,0.0,0.00000054,ltc,26658520.26416283,0.0,4.028555236060228e-10,49
0.0000000000673771,[],4,[],2019-09-01 13:37:52,277776288.3690458,1.4149191e-17,1.3535738675004002e-21,7981780,2019-09-01 13:37:52,ltc,31254.223411918138,0.0,0.00000021,ltc,165508145.920071,0.0,2.8136254903293817e-10,52
0,[],27,[],2019-08-12 16:26:37,0.0,0,0,7891750,2019-08-12 16:26:37,,0.0,0.0,0,"btc,eth",0.0,0.0,0.0,57
0,[],22,[],2019-09-02 21:09:26,0.0,0,0,7988902,2019-09-02 21:09:26,,10290.06395626,0.0,0,,285312171.3316013,0.0,0.0,57
1,[],17,[],2019-08-21 20:55:25,1200000.0,0.0000000001,0.00000000000001019598,7923289,2019-08-21 20:55:25,btc,1e+24,0.0,0.0000000001,"btc,eth",39506342.31952568,0.0,0.00010000000036633021,58
0.0000000000650644,[],4,[],2019-09-02 21:09:27,1282077486.074778,6.50644e-19,6.7268131228e-23,7988903,2019-09-02 21:09:27,ltc,19.781628701319356,0.0,0.00000001,ltc,5289986583.883715,0.0,8.341760238496378e-10,58
0,[],12,[],2019-09-02 21:09:28,0.0,0,0,7988904,2019-09-02 21:09:28,btc,72897411.68759955,0.0,0,btc,5259556744.598386,0.001665784214,0.0,58
0.0000000000707106,[],22,[],2019-09-02 21:09:32,626877.0,7.071059999999999e-19,7.310556802200001e-23,7988905,2019-09-02 21:09:32,XMR,68.17454206,0.0,0.00000001,XMR,9626402.6,0.0,0.00626877,58
0,[],27,[],2019-07-29 19:34:56,0.0,0,0,7852673,2019-07-29 19:34:56,,1.97314195,0.0,0,"btc,eth",10936.9,0.0,0.0,61
0,[],22,[],2019-08-22 14:00:27,0.0,0,0,7929496,2019-08-22 14:00:27,,1000.95212109,0.0,0,,9656.689066014545,0.0,0.0,61
1,[],26,[],2019-08-22 14:00:27,0.0,0,0,7929497,2019-08-22 14:00:27,,0.0,0.0,0,,0.0,0.0,0.0,61
1,[],28,[],2019-08-22 14:00:41,40000.0,0.00000004,0.000000000004031476,7929498,2019-08-22 14:00:41,btc,0.242343945415105,338.0,0.00000004,btc,8016.46650005,0.0,0.001,61
1,[],5,[],2019-06-17 14:31:27,0.0,0,0,7740135,2019-06-17 14:31:27,btc,0.0,0.00079154,0,btc,0.0,0.0,0.0,61
1,[],4,[],2019-09-02 21:09:32,2074375.396324,0.00000072,0.00000000007443864000000001,7988906,2019-09-02 21:09:32,btc,3.1399406386891773,0.0,0.00000072,btc,1305648.35125533,0.03134473,0.99123091871899,67
0.0,[],25,[],2019-09-02 21:09:35,0.0,0,0,7988907,2019-09-02 21:09:35,,0.0,0.0,0.0,btc,0.0,0.0,0.0,67
1,[],12,[],2019-06-02 06:23:14,910048.355,0.00000006,0.000000000005154929999999999,7725270,2019-06-02 06:23:14,btc,5.167005424215783,0.0,0.00000006,btc,738530.60239759,0.003159757462,0.0187188113,71
,[],5,[],2018-11-20 23:02:39,1.5e-07,0.00000005,0.000000000002128045,4862160,2018-11-20 23:02:39,btc,2.84511358,0.0,,btc,0.00036572,0.0,0.07381892,74
1,[],5,[],2019-07-06 00:15:01,0.0,0,0,7800749,2019-07-06 00:15:01,btc,0.0,0.01883861,0,btc,0.0,0.0,0.0,75
1,[],4,[],2019-09-02 21:09:35,168081.41092894,0.00006000,0.000000006203220000000001,7988908,2019-09-02 21:09:35,btc,55.27787799128654,0.0,0.00006000,btc,116492.33504467,0.86115951,0.3312074407491409,82
1,[],21,[],2019-09-02 21:09:36,777212.13697005,0.00005882999999999999747547427265,0.00000000608225721,7988909,2019-09-02 21:09:36,btc,3.8778016564862785,24227.53590381,0.0000588299999999999974754742726457124035732704214751720428466796875,btc,46774.05085275,1.46828364,1.1761510971087572,82
0,[],4,[],2019-07-23 20:51:52,0.0,0,0,7830376,2019-07-23 20:51:52,,1.6413985531662756,0.0,0,,620289065.5915176,0.0,0.0,85
,[],22,[],2018-11-20 23:09:34,3408.1,0.0000001,0.0000000000041895,4862324,2018-11-20 23:09:34,BTC,0.04624735,0.0,,BTC,4990.0,0.0,0.00033081,86
1,[],27,[],2019-08-06 12:06:36,100155.0,0.00000003,0.000000000003516594,7875448,2019-08-06 12:06:36,btc,7.177196150774,345.0,0.00000003,btc,287406.89336,1.035e-05,0.00300465,87
1,[],22,[],2019-09-02 21:09:39,174356.0,0.00000002,0.0000000000020677400000000002,7988910,2019-09-02 21:09:39,BTC,1.79779281,0.0,0.00000002,BTC,891453.4764823451,0.0004,0.00230724,87
,[],2,[],2018-11-20 23:10:47,0.0,0,0,4862359,2018-11-20 23:10:47,,0.0,0.0,,,0.0,0.0,0.0,88
0,[],2,[],2019-01-20 23:31:45,0.0,0,0,6477083,2019-01-20 23:31:45,,0.0,0.0,0,,0.0,0.0,0.0,91
1,[],12,[],2019-08-21 08:36:52,425737.18747014,0.00000027,0.00000000002755863,7920587,2019-08-21 08:36:52,btc,589.0196553122464,0.0,0.00000027,btc,329461.8088511,0.000457377432,0.0207804367963476,91
0,[],17,[],2019-08-21 08:36:53,0.0,0,0,7920588,2019-08-21 08:36:53,btc,0.0,0.0,0,btc,0.0,0.0,0.0,91
1,[],22,[],2019-08-21 08:36:57,54200.0,0.00000003,0.00000000000306207,7920589,2019-08-21 08:36:57,BTC,1.05335,0.0,0.00000003,"BTC,LTC",1839.95,0.0,0.002326,91
0,[],17,[],2019-08-21 20:55:48,0.0,0,0,7923301,2019-08-21 20:55:48,btc,0.0,0.0,0,btc,0.0,0.0,0.0,96
0.0000000000650644,[],4,[],2019-09-02 21:09:40,598317405.8102404,9.109016e-18,9.41753837192e-22,7988911,2019-09-02 21:09:40,ltc,17.777242300376372,0.0,0.00000014,ltc,217985727.89726803,0.0,7.164794639770562e-10,96
0,[],12,[],2019-09-02 21:09:41,0.0,0,0,7988912,2019-09-02 21:09:41,btc,109.43202983456544,0.0,0,btc,12005664.45654345,0.002858891109,0.0,96
0,[],2,[],2019-01-20 23:23:55,0.0,0,0,6476914,2019-01-20 23:23:55,,0.0,0.0,0,,0.0,0.0,0.0,100
1,[],4,[],2019-09-02 21:09:41,125171.60432959,0.00001205,0.00000000124581335,7988913,2019-09-02 21:09:41,btc,7.584314344200252,0.0,0.00001205,btc,183496.60156392,0.08761459,0.3596596426795451,100
1,[],22,[],2019-09-02 01:52:50,146000.0,0.00000002,0.0000000000019461180000000003,7985214,2019-09-02 01:52:50,BTC,26.50623849,0.0,0.00000002,BTC,10383.92,0.0,0.00162,101
1,[],27,[],2019-08-12 16:30:59,2050161.9,0.00000005,0.0000000000056921850000000005,7891762,2019-08-12 16:30:59,btc,261.32824567561846,0.0,0.00000005,btc,285690.80442935,0.0,0.060251537,105
1,[],12,[],2019-08-26 10:09:37,94297270.0,0.000000001,0.00000000000010357180000000001,7965278,2019-08-26 10:09:37,btc,339276.63475285517,0.0,0.000000001,btc,137493066.90169865,0.002908079082,0.09429727,105
1,[],27,[],2019-08-12 16:31:06,1.0,0.00000001,0.000000000001138437,7891764,2019-08-12 16:31:06,btc,0.0,0.0,0.00000001,"btc,eth",0.0,0.0,1e-08,112
0,[],22,[],2019-09-02 21:09:45,0.0,0,0,7988914,2019-09-02 21:09:45,,6.8000547,0.0,0,,3881260.0833333335,0.0,0.0,112
1,[],5,[],2019-07-06 00:19:31,0.0,0,0,7800761,2019-07-06 00:19:31,btc,0.0,0.0,0,btc,0.0,0.0,0.0,112
1,[],5,[],2019-07-06 00:19:43,0.0,0,0,7800765,2019-07-06 00:19:43,btc,0.0,0.0,0,btc,0.0,0.0,0.0,113
1,[],4,[],2019-08-23 18:16:44,371097.09099114,0.00000094,0.000000000097689594,7938037,2019-08-23 18:16:44,btc,6.337079582375524,0.0,0.00000094,btc,946945.41992512,0.00337055,0.1031406582583925,113
1,[],17,[],2019-08-21 20:55:59,212000.0,0.00000004,0.000000000004078392,7923307,2019-08-21 20:55:59,btc,1.3335225243619424,1.12e-06,0.00000004,btc,55804.73574154,0.0,0.00218,116
1,[],27,[],2019-08-02 18:48:59,95525.16595526,0.00000001,0.000000000001045936,7866367,2019-08-02 18:48:59,btc,3918.96487209,0.0,0.00000001,btc,88497.69,0.0,0.0009552516595526,116
1,[],4,[],2019-09-02 21:09:46,22986121.76546217,0.00000079,0.00000000008167573000000001,7988915,2019-09-02 21:09:46,btc,130.00335757775872,0.0,0.00000079,btc,1351044.96087313,0.00010079,1.5124556357544088,120
1,[],7,[],2019-09-02 21:09:47,2993.98549346,0.00000795000000000000011670352184633969727656221948564052581787109375,0.00000000082192665,7988916,2019-09-02 21:09:47,btc,115616.31650693946,0.0,0.00000795000000000000011670352184633969727656221948564052581787109375,btc,4537.13059959,0.0,0.0052421146563368,120
1,[],17,[],2019-08-21 20:56:04,10000.0,0.00000001,0.000000000001019598,7923311,2019-08-21 20:56:04,btc,0.0953976503951408,0.0,0.00000001,btc,5037.62507334,0.0,0.0001,131
0,[],2,[],2019-01-20 23:25:46,0.0,0,0,6476969,2019-01-20 23:25:46,,0.0,0.0,0,,0.0,0.0,0.0,131
1,[],4,[],2019-09-02 21:09:48,1059456.46907435,0.00000214,0.00000000022124818000000002,7988917,2019-09-02 21:09:48,btc,1.9959923052615887,0.0,0.00000214,btc,319372.78279528,0.03976189,0.3524706891241252,131
1,[],4,[],2019-08-20 14:43:19,8549.6097675,0.00005121,0.0000000054409242329999995,7915998,2019-08-20 14:43:19,btc,0.2921428325204394,0.0,0.00005121,btc,235.83446249,0.0,0.0027602632940558,135
1,[],3,[],2019-07-13 16:51:20,187.26592867,0.00000001,0.000000000001140965,7813490,2019-07-13 16:51:20,btc,419.77407087449336,1935513.62324,0.00000001,btc,3179086.72005867,0.0,1.8726592866999999e-06,136
1,[],4,[],2019-09-02 21:09:49,539201.38799459,0.00000387,0.00000000040010769,7988918,2019-09-02 21:09:49,btc,23.06712300911286,0.0,0.00000387,btc,499377.75827913,0.1221199,1.0075670494872464,137
1,[],12,[],2019-09-02 21:09:50,106329.62287714,0.00000350999999999999985175378434953952222485895617865025997161865234375,0.00000000036288837,7988919,2019-09-02 21:09:50,btc,34.707828018458784,0.0,0.00000350999999999999985175378434953952222485895617865025997161865234375,btc,39461.10083561,0.000541112657,0.0221992199998922,137
1,[],17,[],2019-08-21 20:56:08,32967.38636364,0.00000088,0.00000000008972462400000001,7923315,2019-08-21 20:56:08,btc,20.069762065592148,0.0,0.00000088,btc,2746.079105,0.0,0.0105613000000032,142
1,[],4,[],2019-09-02 21:09:51,325830.06701465,0.00003154,0.0000000032608259800000005,7988920,2019-09-02 21:09:51,btc,3.9058407313069172,0.0,0.00003154,btc,85073.84172998,0.77097976,1.806233781347237,142
1,[],20,[],2019-09-02 21:09:53,108349.2172,0.000023579,0.000000002437762073,7988921,2019-09-02 21:09:53,btc,1.274962301801,4.6717,0.000023579,btc,3550.1665,0.0001099998482,0.0052023950217,142
1,[],22,[],2019-09-02 21:09:56,10619.88,0.00000200,0.000000000206774,7988922,2019-09-02 21:09:56,BTC,1.55898515,0.0,0.00000200,BTC,835.8398331062671,0.0,0.00416696,142
0.0,[],25,[],2019-09-02 21:09:58,0.0,0,0,7988923,2019-09-02 21:09:58,,0.0,0.0,0.0,btc,0.0,0.0,0.0,142
1,[],28,[],2019-09-02 21:10:09,10096920.0,0.000031660000,0.0000000032732324200000003,7988924,2019-09-02 21:10:09,btc,0.39981382,745.0,0.000031660000,btc,1848.485,0.0,1.4849732,142
1,[],5,[],2019-07-06 02:06:10,0.0,0,0,7800822,2019-07-06 02:06:10,btc,0.0,0.00140707,0,btc,0.0,0.0,0.0,142
0,[],22,[],2019-08-21 15:01:35,0.0,0,0,7922332,2019-08-21 15:01:35,,68.14027224,0.0,0,,718000153.5744588,0.0,0.0,143
0,[],22,[],2019-02-25 15:42:22,0.0,0,0,6783783,2019-02-25 15:42:22,,4.2131946,0.0,0,,2322156.0,0.0,0.0,146
,[],22,[],2018-11-20 23:01:11,0.0,0,0,4862114,2018-11-20 23:01:11,,2.56807021,0.0,,,61828.4988236,0.0,0.0,147
1,[],12,[],2019-04-21 06:38:04,193091.5971266,0.00000071,0.000000000037635183,7388679,2019-04-21 06:38:04,btc,2.301232411611175,0.0,0.00000071,btc,9957.48302385,0.00023528,0.0313308199999888,148
1,[],5,[],2019-04-26 09:36:59,0.0,0,0,7465040,2019-04-26 09:36:59,btc,0.0,0.0,0,btc,0.0,0.0,0.0,153
0,[],23,[],2019-01-20 23:24:29,0.0,0,0,6476932,2019-01-20 23:24:29,,0.0,0.0,0,,0.0,0.0,0.0,156
0,[],22,[],2019-09-02 21:10:14,0.0,0,0,7988925,2019-09-02 21:10:14,,6.87813965,0.0,0,,4570228.592592592,0.0,0.0,156
1,[],22,[],2019-09-02 21:10:19,6996.0,0.00000001,0.0000000000010338700000000001,7988926,2019-09-02 21:10:19,BTC,1.7547719,0.0,0.00000001,BTC,64.8,0.0,6.996e-05,157
0,[],22,[],2019-08-17 00:05:41,0.0,0,0,7905012,2019-08-17 00:05:41,,50234.60468402,0.0,0,,54786159.03179465,0.0,0.0,158
,[],17,[],2018-11-20 22:56:10,0.0,0,0,4861976,2018-11-20 22:56:10,btc,1.1265625,0.0,,btc,1000.0,0.0,0.0,159
,[],20,[],2018-11-20 22:56:12,0.0,0,0,4861977,2018-11-20 22:56:12,btc,11912.7940471,0.0,,btc,34413894.3617,0.0,0.0,159
1,[],22,[],2019-09-02 21:10:22,4610.318181818182,0.00000001,0.0000000000010338700000000001,7988927,2019-09-02 21:10:22,BTC,22.8346726,0.0,0.00000001,"BTC,LTC",290317.6604070517,1e-06,0.00046386,171
0.0000000000673541,[],22,[],2019-09-01 13:42:31,94000.0,6.73541e-19,6.440985022670001e-23,7981916,2019-09-01 13:42:31,LTC,17.608184,0.0,0.00000001,LTC,1485441.0846050987,0.0,0.00094,173
1,[],5,[],2019-07-06 02:08:45,0.0,0,0,7800830,2019-07-06 02:08:45,btc,0.0,0.00700197,0,btc,0.0,0.0,0.0,175
0,[],22,[],2019-08-19 04:17:22,0.0,0,0,7911532,2019-08-19 04:17:22,,393.97295672,0.0,0,,135375.61833431243,0.0,0.0,176
1,[],7,[],2019-07-01 10:15:32,0.0,0,0,7783526,2019-07-01 10:15:32,btc,521516.2326888725,0.0,0,btc,26809253.73522063,0.0,0.0,178
0,[],22,[],2019-09-02 21:10:26,0.0,0,0,7988928,2019-09-02 21:10:26,,1.00205534,0.0,0,,62828.0,0.0,0.0,178
0,[],2,[],2019-01-20 23:28:34,0.0,0,0,6477001,2019-01-20 23:28:34,,0.0,0.0,0,,0.0,0.0,0.0,178
1,[],5,[],2019-07-06 02:08:50,0.0,0,0,7800832,2019-07-06 02:08:50,btc,0.0,6.904e-05,0,btc,0.0,0.0,0.0,179
0,[],23,[],2019-01-20 23:25:08,0.0,0,0,6476952,2019-01-20 23:25:08,,0.0,0.0,0,,0.0,0.0,0.0,179
0,[],22,[],2019-09-02 21:10:28,0.0,0,0,7988929,2019-09-02 21:10:28,,10.36918575,0.0,0,,14931737.231946677,0.0,0.0,179
1,[],17,[],2019-08-21 20:57:03,32504.725000000002,0.00000015,0.00000000001529397,7923326,2019-08-21 20:57:03,btc,5.201614863967379,8e-06,0.00000015,btc,5020.40125,0.0,0.0029504724999999997,180
1,[],22,[],2019-09-02 21:10:33,751314.3889277389,0.00000039,0.00000000004032093,7988930,2019-09-02 21:10:33,BTC,2.96467913,0.0,0.00000039,"BTC,LTC",244501.30246977898,0.0006552,0.60451136,180
1,[],26,[],2019-09-02 21:10:33,0.0,0,0,7988931,2019-09-02 21:10:33,,0.0,0.0,0,,0.0,0.0,0.0,180
,[],7,[],2018-11-20 22:58:01,562227.975654,0.00000085,0.000000000036176765,4862015,2018-11-20 22:58:01,btc,21836.6059674,2491.87645172,,btc,749999.041456,0.00211021,0.127565380455,183
,[],5,[],2019-01-10 08:11:41,0.0,0,0,6347036,2019-01-10 08:11:41,btc,82.15055501,0.00261,,btc,1.19002445,0.0,0.0,187
,[],17,[],2018-11-16 20:58:10,4062536.27273,0.00000001,0.000000000000550501,4708775,2018-11-16 20:58:10,btc,3.36492563466,0.195460381006,,"btc,eth",110697919.549,0.0,0.0157628953496,187
1,[],24,[],2019-05-22 21:04:52,0.0,0.000000000014,0.0000000000000010960978,7670219,2019-05-22 21:04:52,btc,0.0,0.0,0.000000000014,btc,0.0,0.0,0.0,187
0,[],23,[],2019-01-20 23:31:41,0.0,0,0,6477079,2019-01-20 23:31:41,,0.0,0.0,0,,0.0,0.0,0.0,199
0,[],22,[],2019-09-02 21:10:35,0.0,0,0,7988932,2019-09-02 21:10:35,,6.97417052,0.0,0,,108405779.0,0.0,0.0,199
1,[],26,[],2019-09-02 21:10:35,0.0,0,0,7988933,2019-09-02 21:10:35,,0.0,0.0,0,,0.0,0.0,0.0,199
1,[],4,[],2019-01-25 15:51:35,2084389.58565343,0.00000936,0.000000000333526752,6499557,2019-01-25 15:51:35,btc,2.0092503037378524,0.0,0.00000936,btc,160195.80207885,0.19272417,1.242687955921835,211
1,[],7,[],2019-07-01 02:21:28,1170054124.6898527,0.00000018,0.000000000019815389999999997,7782694,2019-07-01 02:21:28,btc,1346735.6331920293,0.0,0.00000018,btc,5516233.71348162,0.0,11.954344045954047,212
0,[],22,[],2019-08-19 07:38:07,0.0,0,0,7911940,2019-08-19 07:38:07,,6.8412543,0.0,0,,3272264.174064925,0.0,0.0,216
1,[],27,[],2019-08-12 16:37:52,320029.088,0.00000001,0.000000000001138437,7891783,2019-08-12 16:37:52,btc,176.0318120012664,0.0,0.00000001,"btc,ltc",485496.05456794,0.0,0.00320029088,216
1,[],22,[],2019-09-02 21:10:41,536941.7952380952,0.00000015,0.000000000015508050000000002,7988934,2019-09-02 21:10:41,BTC,12055.78369171,0.0,0.00000015,BTC,557839.5834835075,8.405e-05,0.03845155,217
0,[],22,[],2019-08-29 16:52:21,0.0,0,0,7978120,2019-08-29 16:52:21,,4.69007484,0.0,0,,180254.70709740353,0.0,0.0,221
1,[],24,[],2019-08-29 16:52:22,0.0,0.000000010000,0.000000000000950592,7978121,2019-08-29 16:52:22,btc,0.0,0.0,0.000000010000,btc,0.0,0.0,0.0,221
1,[],26,[],2019-09-02 21:10:41,0.0,0,0,7988935,2019-09-02 21:10:41,,0.0,0.0,0,,0.0,0.0,0.0,231
0.0000000001859265,[],27,[],2019-08-12 16:38:10,100.0,1.859265e-18,2.1166560688050002e-22,7891787,2019-08-12 16:38:10,eth,0.0,0.0,0.00000001,"btc,eth",0.0,0.0,1.8592649999999999e-16,234
1,[],26,[],2019-09-02 21:10:41,0.0,0,0,7988936,2019-09-02 21:10:41,,0.0,0.0,0,,0.0,0.0,0.0,234
1,[],5,[],2019-07-06 02:11:21,0.0,0,0,7800842,2019-07-06 02:11:21,btc,0.0,0.10652887,0,btc,0.0,0.0,0.0,237
1,[],20,[],2019-09-02 21:10:43,26050099.872,0.000000029,0.0000000000029982230000000002,7988937,2019-09-02 21:10:43,btc,514.7914134466516,5084923.5555,0.000000029,btc,39501661.4963,0.1460925825824,0.2471385047428,237
1,[],22,[],2019-09-02 21:10:48,1837861.0,0.00000001,0.0000000000010338700000000001,7988938,2019-09-02 21:10:48,BTC,1.20569942,0.0,0.00000001,"BTC,LTC",60432.94871794872,6.270000000127526e-06,0.01837861,237
1,[],5,[],2019-07-06 02:11:32,0.0,0,0,7800846,2019-07-06 02:11:32,btc,0.0,0.05525444,0,btc,0.0,0.0,0.0,238
1,[],4,[],2019-08-18 21:55:28,28766182.9187235,0.00000006,0.0000000000062177580000000004,7910606,2019-08-18 21:55:28,btc,2.1262004590211685,0.0,0.00000006,btc,15667280.40051822,0.02567584,0.5811165339764514,238
0.0000000000711565,[],22,[],2019-08-17 13:20:25,419253.0,7.115650000000001e-19,7.3700771814e-23,7906682,2019-08-17 13:20:25,LTC,0.40427224,0.0,0.00000001,LTC,496363.0639027493,0.0,0.00419253,249
0,[],22,[],2019-09-02 21:10:50,0.0,0,0,7988939,2019-09-02 21:10:50,,13.4488406,0.0,0,,43819581.3426455,0.0,0.0,252
1,[],28,[],2019-09-02 21:10:59,4228648.939,0.00000024,0.00000000002481288,7988940,2019-09-02 21:10:59,btc,164697.39273652819,167864.529,0.00000024,btc,3148845.1474,0.0,0.37497022651,256
0.0000000000916764,[],22,[],2019-07-23 20:12:22,1517.0,9.16764e-19,9.31930943616e-23,7830286,2019-07-23 20:12:22,LTC,31474.63788373,0.0,0.00000001,LTC,1024398.9185893413,0.0,1.517e-05,258
1,[],5,[],2019-07-02 14:44:15,0.0,0,0,7788374,2019-07-02 14:44:15,btc,0.0,0.02775788,0,btc,0.0,0.0,0.0,264
1,[],20,[],2019-09-02 21:11:01,919952.4804,0.0000003,0.000000000031016100000000004,7988941,2019-09-02 21:11:01,btc,0.4653027598526,7442.3522,0.0000003,btc,37814.3871,0.0023105392762,0.0104248902739,264
0,[],22,[],2019-08-27 11:47:19,0.0,0,0,7977618,2019-08-27 11:47:19,,33050469.74148113,0.0,0,,14261527780.7,0.0,0.0,272
0.0000000000000025860000000000002,[],28,[],2019-08-27 11:47:30,139196263259.852,3.1032000000000002e-22,3.1535059752e-26,7977619,2019-08-27 11:47:30,doge,1708945031879160.8,7392150085.764,0.00000012,doge,49126229218.319,0.0,3.124217329408538e-11,272
0,[],22,[],2019-09-02 21:11:03,0.0,0,0,7988942,2019-09-02 21:11:03,,73.4668573,0.0,0,,1523613.3487135023,0.0,0.0,286
