pairValue,buyBook,exchangeId,sellBook,updated,buyTotal,satoshiPrice,usdPrice,exchangeLogId,created,bestPair,sellTotalBtc,volume,pairPrice,activePairs,sellTotal,volumeBtc,buyTotalBtc,coinId
1,[],3,[],2019-02-22 08:32:18,30554.725495596293,0.012820379999999999276472095743883983232080936431884765625,0.000000506748596184,6757430,2019-02-22 08:32:18,btc,61.11866390959491,1.37353457225,0.012820379999999999276472095743883983232080936431884765625,btc,25.554537988907,0.0,0.24946438176858335,1
1,[],4,[],2019-02-22 08:32:19,120061.28386855,0.01291632,0.000000510540797376,6757431,2019-02-22 08:32:19,btc,9.158782643061317,0.0,0.01291632,btc,256.1640102,0.6162648,1.2065962848235823,1
1,[],5,[],2019-02-22 08:32:21,0.0,0,0,6757432,2019-02-22 08:32:21,btc,0.0,0.27816192,0,btc,0.0,0.0,0.0,1
1,[],10,[],2019-02-22 08:32:23,414303.90181472,0.01165,0.00000046048722,6757433,2019-02-22 08:32:23,btc,6524.6951158625825,1036.30263567,0.01165,btc,1202.14235218,0.0,5.31477450068909,1
1,[],12,[],2019-02-22 08:32:26,10431.6003246,0.0128599999999999999034105968576113809831440448760986328125,0.000000508314648,6757434,2019-02-22 08:32:26,btc,0.2796411700048,0.0,0.0128599999999999999034105968576113809831440448760986328125,btc,13.90620422,0.1507846546167,0.3001885836382,1
1,[],20,[],2019-02-22 08:32:27,1152.7302,0.0106,0.00000041898408,6757435,2019-02-22 08:32:27,btc,0.0630660786722,0.0,0.0106,btc,2.9601,0.0,0.1067393885231,1
1,[],21,[],2019-02-22 08:32:28,2210.86218616,0.01287930999999999971683539712,0.000000509077910508,6757436,2019-02-22 08:32:28,btc,23.63257982759462,4297.3801215700005,0.01287930999999999971683539712330457405187189579010009765625,"btc,eth",2225.34591185,52.62583217485726,24.109281549402855,1
1,[],22,[],2019-02-22 08:33:21,0.0163776,0.01300000,0.0000005138484,6757437,2019-02-22 08:33:21,BTC,0.31423927,0.0,0.01300000,BTC,0.11751954901960784,0.0,0.00020972,1
1,[],24,[],2019-02-22 08:33:21,0.0,0.000000000000,0,6757438,2019-02-22 08:33:21,btc,0.0,0.0,0.000000000000,btc,0.0,0.0,0.0,1
0.0,[],25,[],2019-02-22 08:33:22,0.0,0,0,6757439,2019-02-22 08:33:22,btc,14.273599997971393,564.53051312,0.0,btc,1073.79115447,7.2317,0.0,1
1,[],26,[],2019-02-22 08:33:31,0.0,0,0,6757440,2019-02-22 08:33:31,,0.0,0.0,0,,0.0,0.0,0.0,1
1,[],28,[],2019-02-22 08:33:33,993.21,0.01323000,0.000000522939564,6757441,2019-02-22 08:33:33,btc,0.162839806,18774.85,0.01323000,btc,8.9,0.0,0.090071836,1
0,[],2,[],2019-01-20 23:28:45,0.0,0,0,6477011,2019-01-20 23:28:45,,0.0,0.0,0,,0.0,0.0,0.0,1
1,[],5,[],2019-02-22 08:33:35,0.0,0,0,6757442,2019-02-22 08:33:35,btc,0.0,0.00154106,0,btc,0.0,0.0,0.0,2
0,[],22,[],2019-02-22 08:33:57,0.0,0,0,6757443,2019-02-22 08:33:57,,0.0,0.0,0,,0.0,0.0,0.0,2
1,[],5,[],2019-02-22 08:33:58,0.0,0,0,6757444,2019-02-22 08:33:58,btc,0.0,0.23739494,0,btc,0.0,0.0,0.0,3
1,[],12,[],2019-02-22 08:33:59,12048588.2083,0.000000172,0.0000000000067986096000000004,6757445,2019-02-22 08:33:59,btc,924396.5466212085,0.0,0.000000172,btc,8382093.21787687,0.08289860890104177,0.4805602156819,3
0,[],28,[],2019-02-22 08:34:01,0.0,0,0,6757446,2019-02-22 08:34:01,,0.0,0.0,0,,0.0,0.0,0.0,3
0,[],2,[],2019-01-20 23:31:32,0.0,0,0,6477077,2019-01-20 23:31:32,,0.0,0.0,0,,0.0,0.0,0.0,4
1,[],4,[],2019-02-22 08:34:02,400333.88749235,0.00000032,0.000000000012648576,6757447,2019-02-22 08:34:02,btc,31.576426407239886,0.0,0.00000032,btc,685876.08766458,0.0,0.0547125982646265,4
1,[],12,[],2019-02-21 15:21:17,1297518.5219999999,0.00000003,0.000000000001178625,6753381,2019-02-21 15:21:17,btc,11013879.586285478,0.0,0.00000003,btc,1205406.24379976,0.001562545568112,0.01981748044,5
0,[],2,[],2019-01-20 23:31:51,0.0,0,0,6477087,2019-01-20 23:31:51,,0.0,0.0,0,,0.0,0.0,0.0,6
1,[],11,[],2019-02-22 08:34:04,1706804.5,0.00000002,0.000000000000790536,6757448,2019-02-22 08:34:04,btc,9432.817435181234,1076145.0,0.00000002,btc,41369686.95347657,0.0,0.017568045,6
1,[],3,[],2019-02-22 08:34:06,1091.956916111364,0.00015101000000000000598847360588905530676129274070262908935546875,0.000000005968942068,6757449,2019-02-22 08:34:06,btc,27.605796873748474,0.0,0.00015101000000000000598847360588905530676129274070262908935546875,btc,249.144760639695,0.0,0.03419747781770456,7
1,[],4,[],2019-02-22 08:34:06,355576.37808732,0.00023016,0.000000009097488288,6757450,2019-02-22 08:34:06,btc,12.596818635262581,0.0,0.00023016,btc,42633.96181745,3.99464735,6.046809096497993,7
1,[],5,[],2019-02-22 08:34:07,0.0,0,0,6757451,2019-02-22 08:34:07,btc,0.0,0.85788208,0,btc,0.0,0.0,0.0,7
1,[],20,[],2019-02-20 02:16:17,39399275.8418,0.000000001,0.0000000000000390183,6728586,2019-02-20 02:16:17,btc,116.9737569154545,525.0,0.000000001,btc,56932965.8895,5.25e-07,0.0393992758418,8
1,[],4,[],2019-02-22 08:34:10,1900605.82269534,0.00000175,0.0000000000691719,6757452,2019-02-22 08:34:10,btc,3.702394251412357,0.0,0.00000175,btc,1838924.98906748,2.79028167,0.5191207605353605,9
0,[],2,[],2019-01-20 23:22:42,0.0,0,0,6476876,2019-01-20 23:22:42,,0.0,0.0,0,,0.0,0.0,0.0,9
1,[],28,[],2019-02-22 08:34:12,44667.0,0.00000175,0.0000000000691719,6757453,2019-02-22 08:34:12,btc,2708.762911537195,3658258.92,0.00000175,btc,12613.2201,0.0,0.04554025,9
0,[],23,[],2019-01-20 23:22:48,0.0,0,0,6476878,2019-01-20 23:22:48,,0.0,0.0,0,,0.0,0.0,0.0,9
1,[],1,[],2019-02-17 23:31:42,1822507.21,0.00000181000000000000003456111265232042484285557293333113193511962890625,0.000000000066086901,6701244,2019-02-17 23:31:42,btc,3.6990969245,17153386.5,0.00000181000000000000003456111265232042484285557293333113193511962890625,btc,1997391.71,31.11772986,3.2610482446,9
1,[],4,[],2019-02-17 11:22:43,4341674.27126056,0.00000002,0.0000000000007272960000000001,6696112,2019-02-17 11:22:43,btc,0.1997230937751353,0.0,0.00000002,btc,4109766.79808031,0.00215132,0.0479381022052112,10
1,[],4,[],2019-02-22 08:34:13,2856233.23138015,0.00000147,0.000000000058104395999999996,6757454,2019-02-22 08:34:13,btc,16.453980825117082,0.0,0.00000147,btc,7320723.06743117,2.38793733,2.857592604600859,12
1,[],5,[],2019-02-22 08:34:13,0.0,0,0,6757455,2019-02-22 08:34:13,btc,0.0,0.76192661,0,btc,0.0,0.0,0.0,12
0.0,[],25,[],2019-02-22 08:34:15,0.0,0,0,6757456,2019-02-22 08:34:15,,0.0,0.0,0.0,btc,0.0,0.0,0.0,12
0,[],2,[],2019-01-20 23:23:08,0.0,0,0,6476890,2019-01-20 23:23:08,,0.0,0.0,0,,0.0,0.0,0.0,12
1,[],4,[],2019-02-22 08:34:15,1310937.55006514,0.00000593,0.000000000234393924,6757457,2019-02-22 08:34:15,btc,3.5250075018620235,0.0,0.00000593,btc,477322.64524988,0.46414101,1.340633155234981,13
1,[],10,[],2019-02-22 08:34:18,487164.77371724,0.00000583,0.000000000230441244,6757458,2019-02-22 08:34:18,btc,666802.470496066,6126.11872221,0.00000583,btc,723683.59109637,0.0,0.3236041192825985,13
1,[],21,[],2019-02-22 08:34:19,505321.84717039,0.000006019999999999999960517693687,0.000000000237951336,6757459,2019-02-22 08:34:19,btc,6.359743268845979,340821.48610645,0.00000601999999999999996051769368676787053118459880352020263671875,btc,981772.91680354,2.01944445,2.7590454876688977,13
1,[],4,[],2019-02-22 08:34:20,986246.23281671,0.00000138,0.000000000054546984,6757460,2019-02-22 08:34:20,btc,12.7208599780567,0.0,0.00000138,btc,865064.01904986,0.10741552,0.4091922426575655,14
1,[],12,[],2019-02-22 08:34:21,111208.19607843,0.000001300000000000000047051663780439678674838432925753295421600341796875,0.000000000051384840000000003,6757461,2019-02-22 08:34:21,btc,5.309809799420226,0.0,0.000001300000000000000047051663780439678674838432925753295421600341796875,btc,32714.78078516,0.0011308089006826,0.0179692799999986,14
0,[],17,[],2019-02-22 08:34:23,0.0,0,0,6757462,2019-02-22 08:34:23,btc,0.0,0.0,0,btc,0.0,0.0,0.0,14
1,[],26,[],2019-02-22 08:34:23,0.0,0.00000050,0.0000000000197634,6757463,2019-02-22 08:34:23,btc,0.0,0.0,0.00000050,btc,0.0,0.0,0.0,14
0,[],4,[],2019-02-22 08:34:24,0.0,0,0,6757464,2019-02-22 08:34:24,,0.0,0.0,0,,0.0,0.0,0.0,15
,[],12,[],2018-12-01 15:15:48,204241.84496,0.00000489,0.000000000202473384,5260204,2018-12-01 15:15:48,btc,49.5475654835,0.0,,btc,35763.2193806,0.0163153972027625,0.0203389899998,15
1,[],4,[],2019-02-22 08:34:25,26897.41068894,0.00001809,0.000000000715039812,6757465,2019-02-22 08:34:25,btc,1.2574997965975023,0.0,0.00001809,btc,9477.1439945,0.02532606,0.0997995832390989,18
1,[],10,[],2019-02-22 08:34:27,780038.86841219,0.00001776,0.000000000701995968,6757466,2019-02-22 08:34:27,btc,15.542650981472766,21932.2188186,0.00001776,btc,10850.37807742,0.0,0.136654690567656,18
1,[],12,[],2019-02-22 08:34:28,199433.07394874998,0.00001815999999999999892411582658180435601025237701833248138427734375,0.000000000717806688,6757467,2019-02-22 08:34:28,btc,21.9797217875333,0.0,0.00001815999999999999892411582658180435601025237701833248138427734375,btc,1744.43913463,2.50705218381e-05,0.0400208194558271,18
0,[],2,[],2019-01-20 23:23:38,0.0,0,0,6476906,2019-01-20 23:23:38,,0.0,0.0,0,,0.0,0.0,0.0,18
0,[],17,[],2019-02-22 06:33:41,0.0,0,0,6757059,2019-02-22 06:33:41,btc,0.0,0.0,0,btc,0.0,0.0,0.0,18
1,[],3,[],2019-02-22 08:34:39,120776.55875134739,0.00002220000000000000090123221385685070572435506619513034820556640625,0.00000000087749496,6757468,2019-02-22 08:34:39,btc,0.562685580307966,0.21768707483,0.00002220000000000000090123221385685070572435506619513034820556640625,btc,9524.56963067002,0.0,0.07966721993169824,19
1,[],4,[],2019-02-22 08:34:40,346431.62317028,0.00001905,0.00000000075298554,6757469,2019-02-22 08:34:40,btc,2.674233904653844,0.0,0.00001905,btc,81558.36523153,1.85894629,2.2560815474745843,19
1,[],5,[],2019-02-22 08:34:41,0.0,0,0,6757470,2019-02-22 08:34:41,btc,0.0,0.0,0,btc,0.0,0.0,0.0,19
1,[],12,[],2019-02-22 08:34:42,128816.0,0.0000224199999999999987948702540041523434410919435322284698486328125,0.0000000008861908559999999,6757471,2019-02-22 08:34:42,btc,1.282177285528249,0.0,0.0000224199999999999987948702540041523434410919435322284698486328125,btc,365.1508782,0.00044876,0.03021488,19
0,[],27,[],2019-02-22 08:34:43,0.0,0,0,6757472,2019-02-22 08:34:43,,0.0,0.0,0,btc,0.0,0.0,0.0,19
0,[],2,[],2019-01-20 23:24:19,0.0,0,0,6476924,2019-01-20 23:24:19,,0.0,0.0,0,,0.0,0.0,0.0,19
1,[],4,[],2019-02-22 08:34:44,8070160.95424551,0.00000013,0.000000000005138484,6757473,2019-02-22 08:34:44,btc,7.376065179582633,0.0,0.00000013,btc,2843149.4360639,0.0,0.2584025451781454,20
1,[],4,[],2019-02-22 08:34:45,104150384.86437024,0.00000002,0.000000000000790536,6757474,2019-02-22 08:34:45,btc,360.01099823782266,0.0,0.00000002,btc,55684427.81417261,0.003234,1.1707481411680452,21
1,[],12,[],2019-02-22 08:34:45,18647376.0,0.00000002,0.000000000000790536,6757475,2019-02-22 08:34:45,btc,670.3900728834847,0.0,0.00000002,btc,8549207.32857329,0.00039488,0.24518776,21
0,[],17,[],2019-02-22 07:36:42,0.0,0,0,6757272,2019-02-22 07:36:42,btc,0.0,0.0,0,btc,0.0,0.0,0.0,21
1,[],12,[],2019-02-22 08:34:48,3054569197.531895,0.0000000001,0.00000000000000395268,6757476,2019-02-22 08:34:48,btc,880865843018.1824,0.0,0.0000000001,btc,4916913676.93451,0.00216435478051988,0.3054569197531895,23
0.0000000003682456,[],27,[],2019-02-22 08:34:49,2000.0,3.682456e-18,1.455557018208e-22,6757477,2019-02-22 08:34:49,eth,1.3429826565934113,0.0,0.00000001,eth,1964879.85514486,0.0,7.364912e-15,23
1,[],4,[],2019-02-22 08:34:50,281669.77442223,0.00000060,0.00000000002371608,6757478,2019-02-22 08:34:50,btc,8.429613452268702,0.0,0.00000060,btc,1470531.88017427,0.00350479,0.1381979570821121,24
1,[],22,[],2019-02-22 08:35:25,11.76,0.00000100,0.0000000000395268,6757479,2019-02-22 08:35:25,BTC,7.415e-05,0.0,0.00000100,BTC,23.919354838709676,0.0,1.176e-05,24
0.0,[],25,[],2019-02-22 08:35:26,0.0,0,0,6757480,2019-02-22 08:35:26,,0.0,0.0,0.0,btc,0.0,0.0,0.0,24
1,[],4,[],2019-02-22 08:35:27,26865482.24043116,0.00000612,0.000000000241904016,6757481,2019-02-22 08:35:27,btc,129.11043733241138,0.0,0.00000612,btc,215602.67572271,0.08848715,0.4778626589793586,26
1,[],10,[],2019-02-22 08:35:29,690951.08687772,0.00000585,0.00000000023123177999999998,6757482,2019-02-22 08:35:29,btc,25.92844858494226,6182.91628239,0.00000585,btc,14495.96052667,0.0,0.2175158525472874,26
0,[],2,[],2019-01-20 23:25:56,0.0,0,0,6476976,2019-01-20 23:25:56,,0.0,0.0,0,,0.0,0.0,0.0,26
1,[],3,[],2019-02-22 08:35:29,7034251.70213569,0.00000001,0.000000000000395268,6757483,2019-02-22 08:35:29,btc,2.82825642819826,217.5,0.00000001,btc,18068492.95734499,0.0,0.0703425170213569,27
1,[],5,[],2019-02-22 08:35:30,0.0,0,0,6757484,2019-02-22 08:35:30,btc,0.0,0.0,0,btc,0.0,0.0,0.0,27
1,[],11,[],2019-02-22 08:35:31,9803584.35433359,0.00000005,0.00000000000197634,6757485,2019-02-22 08:35:31,btc,67506.54015390559,8080.0,0.00000005,btc,8318063.39032784,0.0,0.458287845339645,27
1,[],4,[],2019-02-22 08:35:32,1432851855.0726426,0.00000002,0.000000000000790536,6757486,2019-02-22 08:35:32,btc,9.963105724421732,0.0,0.00000002,"btc,ltc",465687952.64765024,0.5849685,9.429869819910408,29
1,[],7,[],2019-02-22 08:35:35,37614056.70347409,0.00000001,0.000000000000395268,6757487,2019-02-22 08:35:35,btc,44465227.247764155,121027.286402,0.00000001,btc,59016658.33419364,0.0,0.3761405670347409,29
1,[],4,[],2019-02-22 08:35:36,1434105.07944451,0.00000031,0.000000000012253308,6757488,2019-02-22 08:35:36,btc,2.3037839237993443,0.0,0.00000031,btc,1505657.85567314,0.00068499,0.1071714408612428,30
0,[],17,[],2019-02-22 08:35:48,0.0,0,0,6757489,2019-02-22 08:35:48,btc,0.0,0.0,0,btc,0.0,0.0,0.0,30
1,[],4,[],2019-02-22 08:35:49,1132062.85616584,0.00005903,0.000000002333267004,6757490,2019-02-22 08:35:49,btc,5.184385219145055,0.0,0.00005903,btc,59674.9012909,1.79039702,1.4359709708255743,31
1,[],21,[],2019-02-22 08:35:49,44159.06820704,0.00006010999999999999877280457139,0.0000000023759559479999998,6757491,2019-02-22 08:35:49,btc,3.3405883623049415,107804.13545577,0.0000601099999999999987728045713897273572001722641289234161376953125,btc,50690.18468102,6.28767487,2.17024219958478,31
0,[],2,[],2019-01-20 23:28:43,0.0,0,0,6477009,2019-01-20 23:28:43,,0.0,0.0,0,,0.0,0.0,0.0,32
1,[],4,[],2019-02-22 08:35:51,366364956.2884615,0.00000004,0.000000000001581072,6757492,2019-02-22 08:35:51,btc,11.51564585320515,0.0,0.00000004,"btc,ltc",196543655.6588968,0.42225644,8.490862699694302,33
1,[],12,[],2019-02-22 08:35:51,15125042.379,0.00000005,0.00000000000197634,6757493,2019-02-22 08:35:51,btc,35620504.861581646,0.0,0.00000005,btc,89169764.01798175,0.018793255844157,0.49485570895,33
1,[],4,[],2019-02-22 08:35:52,129578661.0327251,0.00000001,0.000000000000395268,6757494,2019-02-22 08:35:52,btc,4.665924006958136,0.0,0.00000001,btc,100810129.88046296,0.01405507,1.2957866103272508,34
1,[],5,[],2019-02-22 08:35:53,0.0,0,0,6757495,2019-02-22 08:35:53,btc,0.0,0.51208848,0,btc,0.0,0.0,0.0,34
0.0000000001241054,[],4,[],2019-02-22 08:35:55,1046293970.9310471,2.482108e-18,9.81097864944e-23,6757496,2019-02-22 08:35:55,ltc,2.7026368530549623e-08,0.0,0.00000002,ltc,3203543030.7569056,0.0,1.9935179421511683e-09,36
1,[],5,[],2019-02-22 08:35:56,0.0,0,0,6757497,2019-02-22 08:35:56,btc,0.0,0.0,0,btc,0.0,0.0,0.0,36
0,[],17,[],2019-02-22 08:36:07,0.0,0,0,6757498,2019-02-22 08:36:07,btc,0.0746458232965017,0.0,0,btc,4103573.70243647,0.0,0.0,36
0.0000000003682456,[],27,[],2019-02-22 08:36:09,2000.0,3.682456e-18,1.455557018208e-22,6757499,2019-02-22 08:36:09,eth,114.1676941557863,0.0,0.00000001,"ltc,eth",4107666.4875004,0.0,7.364912e-15,36
1,[],4,[],2019-02-22 08:36:11,334149.24112348,0.00000074,0.000000000029249832,6757500,2019-02-22 08:36:11,btc,19772.483905064262,0.0,0.00000074,btc,565733.11112482,0.00870465,0.170751130522168,37
1,[],12,[],2019-02-22 08:36:12,585115.52484787,0.00000075,0.0000000000296451,6757501,2019-02-22 08:36:12,btc,1347.0703833421821,0.0,0.00000075,btc,848099.7596505,0.1883552495956763,0.1976032111730264,37
1,[],27,[],2019-02-22 08:36:25,14685.567,0.00000045,0.00000000001778706,6757502,2019-02-22 08:36:25,btc,25.83024737411233,66.433,0.00000045,btc,6763.38138508,2.989e-05,0.00480032515,37
1,[],17,[],2019-02-22 07:38:23,1752.74075282,0.00000025,0.000000000009838675,6757298,2019-02-22 07:38:23,btc,0.055484923777095005,0.0,0.00000025,btc,1319.19918473,0.0,0.00043818518820499993,37
1,[],5,[],2019-02-22 08:38:25,0.0,0,0,6757503,2019-02-22 08:38:25,btc,0.0,0.06595529,0,btc,0.0,0.0,0.0,42
1,[],12,[],2019-02-22 08:38:27,133391.87381036,0.00000088,0.000000000034783584,6757504,2019-02-22 08:38:27,btc,94.67815710163869,0.0,0.00000088,btc,98228.84096303,0.0121407508204652,0.0408039999999641,42
0.0000000003682456,[],27,[],2019-02-22 08:38:29,2000.0,3.682456e-18,1.455557018208e-22,6757505,2019-02-22 08:38:29,eth,0.00315028,0.0,0.00000001,"btc,eth",11.007,0.0,7.364912e-15,42
1,[],5,[],2019-02-22 08:38:30,0.0,0,0,6757506,2019-02-22 08:38:30,btc,0.0,0.0001592,0,btc,0.0,0.0,0.0,43
1,[],12,[],2019-02-22 08:38:31,3709219.0,0.00000002,0.000000000000790536,6757507,2019-02-22 08:38:31,btc,20007435.27450556,0.0,0.00000002,btc,38974190.26313686,2.0795804194e-06,0.037591360000000004,43
0,[],17,[],2019-02-22 08:38:43,0.0,0,0,6757508,2019-02-22 08:38:43,btc,0.0,0.0,0,btc,0.0,0.0,0.0,43
1,[],12,[],2019-02-22 08:38:44,694410.0,0.00000005,0.00000000000197634,6757509,2019-02-22 08:38:44,btc,11115177.726581058,0.0,0.00000005,btc,1077573.39762234,3e-06,0.01803938,44
1,[],4,[],2019-02-22 08:38:45,304163016.64405817,0.00000002,0.000000000000790536,6757510,2019-02-22 08:38:45,btc,474.5713450006928,0.0,0.00000002,"btc,ltc",12283111.22500239,0.0,0.21780285781362355,49
0,[],4,[],2019-02-22 08:38:46,0.0,0,0,6757511,2019-02-22 08:38:46,,25.469936318708594,0.0,0,,10614531538.587873,0.0,0.0,52
0.0000000001279593,[],22,[],2019-02-22 08:39:23,80945862.0,1.279593e-18,5.0578216592400004e-23,6757512,2019-02-22 08:39:23,XMR,4366.33224183,0.0,0.00000001,XMR,248874057.67882353,0.0,0.80945862,57
0.0000000003682456,[],27,[],2019-02-22 08:39:25,2000.0,3.682456e-18,1.455557018208e-22,6757513,2019-02-22 08:39:25,eth,0.0,0.0,0.00000001,"btc,eth",0.0,0.0,7.364912e-15,57
0.0000000001241054,[],4,[],2019-02-22 08:39:27,888865436.5259873,3.723162e-18,1.471646797416e-22,6757514,2019-02-22 08:39:27,ltc,18.829624572460645,0.0,0.00000003,ltc,3902686949.0730495,0.0,2.102984328051167e-09,58
1,[],12,[],2019-02-22 08:39:28,1666693430.5081315,0.0000000005,0.000000000000019763400000000002,6757515,2019-02-22 08:39:28,btc,224005479405.1983,0.0,0.0000000005,btc,3598148780.2232523,0.18634968539271998,0.5433232050332264,58
0,[],17,[],2019-02-22 08:39:39,0.0,0,0,6757516,2019-02-22 08:39:39,btc,1e+24,0.0,0,btc,41401875.8285055,0.0,0.0,58
0.0000000001279593,[],22,[],2019-02-22 08:40:09,137438.0,1.279593e-18,5.0578216592400004e-23,6757517,2019-02-22 08:40:09,XMR,69.8835922,0.0,0.00000001,XMR,9887963.0,0.0,0.00137438,58
1,[],5,[],2019-02-22 08:40:11,0.0,0,0,6757518,2019-02-22 08:40:11,btc,0.0,0.1301139,0,btc,0.0,0.0,0.0,61
1,[],22,[],2019-02-22 07:41:47,5149.5,0.00000011,0.000000000004329017,6757315,2019-02-22 07:41:47,BTC,1002.29597012,0.0,0.00000011,BTC,14947.700278135757,0.0,0.00051596,61
1,[],26,[],2019-02-22 07:41:47,0.0,0.00000800,0.0000000003148376,6757316,2019-02-22 07:41:47,btc,0.0,0.0,0.00000800,btc,0.0,0.0,0.0,61
1,[],27,[],2019-02-22 07:41:49,2493.55,0.00000045,0.000000000017709615,6757317,2019-02-22 07:41:49,btc,2.9493343005130614,0.0,0.00000045,"btc,eth",19197.38399471,0.0,0.0002155975035960659,61
1,[],28,[],2019-02-22 07:41:56,13882.304,0.0000005,0.00000000001967735,6757318,2019-02-22 07:41:56,btc,2.056328285685105,742.0,0.0000005,btc,9746.52450005,0.0,0.00566491304,61
1,[],4,[],2019-02-22 07:41:58,1507083.39419788,0.00000281,0.000000000110586707,6757319,2019-02-22 07:41:58,btc,11.237816772825045,0.0,0.00000281,btc,787186.28993826,0.10918775,1.4570860051745527,67
0.0,[],25,[],2019-02-22 07:41:59,0.0,0,0,6757320,2019-02-22 07:41:59,,0.0,0.0,0.0,btc,0.0,0.0,0.0,67
1,[],12,[],2019-02-22 07:42:01,3013226.65045743,0.00000024,0.000000000009445127999999999,6757321,2019-02-22 07:42:01,btc,11115996.098772569,0.0,0.00000024,btc,1971476.89946717,0.0040177827472535,0.1063246364411115,71
,[],5,[],2018-11-20 23:02:39,1.5e-07,0.00000005,0.000000000002128045,4862160,2018-11-20 23:02:39,btc,2.84511358,0.0,,btc,0.00036572,0.0,0.07381892,74
1,[],5,[],2019-02-22 07:42:02,0.0,0,0,6757322,2019-02-22 07:42:02,btc,0.0,0.0,0,btc,0.0,0.0,0.0,75
1,[],4,[],2019-02-22 05:36:06,17197128.37031862,0.00000001,0.00000000000039634299999999997,6756911,2019-02-22 05:36:06,btc,11394.388595673243,0.0,0.00000001,btc,34744270.17624532,0.00757814,0.1719712837031862,81
0,[],20,[],2019-01-25 09:30:31,0.0,0,0,6495923,2019-01-25 09:30:31,btc,0.0,0.0,0,btc,0.0,0.0,0.0,81
1,[],4,[],2019-02-22 07:42:04,33616.21297362,0.00007617,0.0000000029976474989999998,6757323,2019-02-22 07:42:04,btc,17.759261797688744,0.0,0.00007617,btc,12589.36448171,0.00491305,0.5340010252856258,82
1,[],21,[],2019-02-22 07:42:06,49027.2301893,0.00007729000000000000030354191383,0.000000003041724763,6757324,2019-02-22 07:42:06,btc,2.26233529409355,4629.10192327,0.000077290000000000000303541913826421705380198545753955841064453125,btc,23721.74948504,0.35938434,2.7633636968033706,82
0,[],17,[],2019-02-22 06:38:23,0.0,0,0,6757121,2019-02-22 06:38:23,btc,0.0447233088476774,0.0,0,btc,999127.19588126,0.0,0.0,84
0.0000000001232042,[],4,[],2019-02-22 07:42:18,178208060.19435862,6.16021e-18,2.42433216487e-22,6757325,2019-02-22 07:42:18,ltc,1.7856235756019039,0.0,0.00000005,ltc,403875165.54244745,0.0,4.967860234103131e-10,85
,[],22,[],2018-11-20 23:09:34,3408.1,0.0000001,0.0000000000041895,4862324,2018-11-20 23:09:34,BTC,0.04624735,0.0,,BTC,4990.0,0.0,0.00033081,86
0,[],22,[],2019-02-22 07:42:53,0.0,0,0,6757326,2019-02-22 07:42:53,,2.0760781,0.0,0,,140622.94736842104,0.0,0.0,87
0,[],27,[],2019-02-22 07:42:55,0.0,0,0,6757327,2019-02-22 07:42:55,,0.0,0.0,0,btc,0.0,0.0,0.0,87
,[],2,[],2018-11-20 23:10:47,0.0,0,0,4862359,2018-11-20 23:10:47,,0.0,0.0,,,0.0,0.0,0.0,88
1,[],11,[],2019-02-22 07:42:57,90748.52107786,0.00014610999999999999530465866204309577369713224470615386962890625,0.000000005750115217,6757328,2019-02-22 07:42:57,btc,610.1709244312681,178.6429313,0.00014610999999999999530465866204309577369713224470615386962890625,btc,95877.3855743,0.0,5.953364323902944,89
0,[],17,[],2019-02-22 06:38:58,0.0,0,0,6757127,2019-02-22 06:38:58,btc,0.0,0.0,0,btc,0.0,0.0,0.0,91
0,[],2,[],2019-01-20 23:31:45,0.0,0,0,6477083,2019-01-20 23:31:45,,0.0,0.0,0,,0.0,0.0,0.0,91
1,[],12,[],2019-02-22 07:42:57,430324.59368255,0.00000154999999999999998279913253351747215447176131419837474822998046875,0.000000000060999785,6757329,2019-02-22 07:42:57,btc,4.298672626509426,0.0,0.00000154999999999999998279913253351747215447176131419837474822998046875,btc,52910.03850779,0.0002985493999968,0.0440370144000058,91
0,[],22,[],2019-02-22 07:43:40,0.0,0,0,6757330,2019-02-22 07:43:40,,3.1e-06,0.0,0,,2.0,0.0,0.0,91
0.0000000001232042,[],22,[],2019-02-22 07:44:06,3506520.0,4.928168e-18,1.939465731896e-22,6757331,2019-02-22 07:44:06,LTC,8.54674091,0.0,0.00000004,LTC,72080461.1,0.0,0.1050108,95
0.0000000001232042,[],4,[],2019-02-22 07:44:07,138477624.17408568,7.392252e-17,2.909198597844e-21,6757332,2019-02-22 07:44:07,ltc,12.436992816631173,0.0,0.0000006,ltc,149511244.0846561,0.0001,1.002306234595214e-09,96
1,[],12,[],2019-02-22 07:44:07,244006.0,0.00000001,0.000000000000393547,6757333,2019-02-22 07:44:07,btc,255075.89595435586,0.0,0.00000001,btc,8802090.84546427,0.00028973,0.00244006,96
0,[],17,[],2019-02-22 07:44:09,0.0,0,0,6757334,2019-02-22 07:44:09,btc,0.0,0.0,0,btc,0.0,0.0,0.0,96
1,[],4,[],2019-02-22 07:44:10,1329846.87884489,0.00000031,0.000000000012199957,6757335,2019-02-22 07:44:10,btc,3.237232884895916,0.0,0.00000031,btc,2450488.6775595,0.04380143,0.1141150488759637,99
0,[],2,[],2019-01-20 23:23:55,0.0,0,0,6476914,2019-01-20 23:23:55,,0.0,0.0,0,,0.0,0.0,0.0,100
1,[],4,[],2019-02-22 07:44:11,182404.22096358,0.00003100,0.0000000012199957,6757336,2019-02-22 07:44:11,btc,7.629598474440501,0.0,0.00003100,btc,118477.42571868,2.00699236,0.4849622485774617,100
1,[],22,[],2019-02-22 07:45:11,50000.0,0.00000001,0.000000000000393547,6757337,2019-02-22 07:45:11,BTC,23.49896609,0.0,0.00000001,BTC,10277.22,0.0,0.0005,101
1,[],4,[],2019-02-22 07:45:11,457602.21337915,0.00000086,0.000000000033845042,6757338,2019-02-22 07:45:11,btc,257.7101666843823,0.0,0.00000086,btc,505903.29749921,0.00177372,0.2302824990105587,103
1,[],12,[],2019-02-22 07:45:14,51844330.156,0.000000013,0.0000000000005116111,6757339,2019-02-22 07:45:14,btc,137279450.89571533,0.0,0.000000013,btc,119077394.78795488,0.04110431838754341,0.131868696028,105
1,[],27,[],2019-02-22 07:45:16,413310.89,0.00000001,0.000000000000393547,6757340,2019-02-22 07:45:16,btc,0.2139890355560939,9980.0,0.00000001,btc,389775.05581977,0.0001996,0.0041331089,105
1,[],22,[],2019-02-22 07:46:03,9328.0,0.00000001,0.000000000000393547,6757341,2019-02-22 07:46:03,BTC,51.10837004,0.0,0.00000001,BTC,470435.0,0.0,9.328e-05,107
1,[],26,[],2019-02-22 07:46:03,0.0,0.00000000,0,6757342,2019-02-22 07:46:03,btc,0.0,0.0,0.00000000,btc,0.0,0.0,0.0,107
1,[],5,[],2019-02-22 07:46:04,0.0,0,0,6757343,2019-02-22 07:46:04,btc,0.0,0.00142414,0,btc,0.0,0.0,0.0,112
1,[],22,[],2019-02-22 07:46:47,1966.0,0.00000001,0.000000000000393547,6757344,2019-02-22 07:46:47,BTC,2.81183288,0.0,0.00000001,BTC,808524.0833333334,0.0,1.966e-05,112
0.0000000003669455,[],27,[],2019-02-22 07:46:50,2000.0,3.669455e-18,1.444103006885e-22,6757345,2019-02-22 07:46:50,eth,1.35132491849924,0.0,0.00000001,"btc,eth",1328.641654,0.0,7.33891e-15,112
1,[],4,[],2019-02-22 07:46:51,451976.08389385,0.00000312,0.00000000012278666399999998,6757346,2019-02-22 07:46:51,btc,6.356236498953455,0.0,0.00000312,btc,325553.94847108,0.04030112,0.19816773581079,113
1,[],5,[],2019-02-22 07:46:52,0.0,0,0,6757347,2019-02-22 07:46:52,btc,0.0,0.00016901,0,btc,0.0,0.0,0.0,113
1,[],17,[],2019-02-22 05:40:21,152738.278,0.00000004,0.000000000001585372,6756938,2019-02-22 05:40:21,btc,1.33680302678,0.0,0.00000004,btc,50696.221,0.0,0.0022095311199999998,116
0,[],27,[],2019-02-22 07:47:04,0.0,0,0,6757348,2019-02-22 07:47:04,,0.0,0.0,0,btc,0.0,0.0,0.0,116
1,[],4,[],2019-02-22 07:47:06,70749.80646818,0.00002819,0.0000000011094089929999999,6757349,2019-02-22 07:47:06,btc,26.74051083220489,0.0,0.00002819,btc,59155.39611822,0.47918379,0.8717030805427792,120
1,[],7,[],2019-02-22 07:47:08,210716.94702602,0.00002146999999999999942019469900689188079923042096197605133056640625,0.0000000008449454089999999,6757350,2019-02-22 07:47:08,btc,115647.18760602873,6741.45055791,0.00002146999999999999942019469900689188079923042096197605133056640625,btc,37886.29178851,0.26475611,0.0655113748616899,120
1,[],20,[],2019-02-22 07:47:13,1205470.0397,0.000000012,0.0000000000004722564,6757351,2019-02-22 07:47:13,btc,31.9239877861223,1057.6,0.000000012,btc,1149876.605,1.26912e-05,0.0037161417072,125
1,[],22,[],2019-02-22 07:47:40,3053.0,0.00000001,0.000000000000393547,6757352,2019-02-22 07:47:40,BTC,0.01444887,0.0,0.00000001,BTC,296263.5111111111,0.0,3.053e-05,126
0,[],17,[],2019-02-22 06:43:17,0.0,0,0,6757151,2019-02-22 06:43:17,btc,0.0009561751951600001,0.0,0,btc,35.42829368,0.0,0.0,131
0,[],2,[],2019-01-20 23:25:46,0.0,0,0,6476969,2019-01-20 23:25:46,,0.0,0.0,0,,0.0,0.0,0.0,131
1,[],4,[],2019-02-22 07:47:41,101805.48272128,0.00001515,0.000000000596223705,6757353,2019-02-22 07:47:41,btc,24.25673153040627,0.0,0.00001515,btc,137966.88518342,0.22797554,0.6497779871781038,131
1,[],4,[],2019-02-22 05:40:55,4557.66065727,0.00016738,0.000000006633989134,6756945,2019-02-22 05:40:55,btc,1.6462887882650394,0.0,0.00016738,btc,334.27808618,0.0,0.0091212437237543,135
1,[],3,[],2019-02-22 07:47:53,1494906.66238508,0.00000005,0.0000000000019677349999999998,6757354,2019-02-22 07:47:53,btc,0.1358217413247742,19186.31,0.00000005,btc,597822.99008313,0.0,0.0548386662803677,136
1,[],4,[],2019-02-22 07:47:54,318746.20366282,0.00000164,0.000000000064541708,6757355,2019-02-22 07:47:54,btc,38.87151893812412,0.0,0.00000164,btc,634924.39807857,0.08435578,0.1608134385737997,137
1,[],12,[],2019-02-22 07:47:56,288748.44631211,0.00000137000000000000001212029608621545406776931486092507839202880859375,0.000000000053915939,6757356,2019-02-22 07:47:56,btc,11807.701815129576,0.0,0.00000137000000000000001212029608621545406776931486092507839202880859375,btc,158497.38316351,0.0004473486949201,0.0151358799999578,137
1,[],4,[],2019-02-22 07:47:57,207282.45901198,0.00004751,0.000000001869741797,6757357,2019-02-22 07:47:57,btc,28.480335877770038,0.0,0.00004751,btc,42566.50675868,0.12230536,0.3841870715394449,142
1,[],5,[],2019-02-22 07:47:58,0.0,0,0,6757358,2019-02-22 07:47:58,btc,0.0,0.1166599,0,btc,0.0,0.0,0.0,142
1,[],17,[],2019-02-22 07:48:00,22967.386363640002,0.00000088,0.000000000034632136,6757359,2019-02-22 07:48:00,btc,20.069913352981978,0.0,0.00000088,btc,2746.079105,0.0,0.0104613000000032,142
1,[],20,[],2019-02-22 07:48:02,133495.7644,0.0000451,0.0000000017748969699999999,6757360,2019-02-22 07:48:02,btc,0.5019588885584,11.856,0.0000451,btc,3876.6846,0.0006692655,0.2417000720137,142
1,[],22,[],2019-02-22 07:48:36,1670.2794996606253,0.00004651,0.000000001830387097,6757361,2019-02-22 07:48:36,BTC,3.00424677,0.0,0.00004651,BTC,896.9785515239478,0.0,0.00544952,142
0.0,[],25,[],2019-02-22 07:48:37,0.0,0,0,6757362,2019-02-22 07:48:37,,0.0,0.0,0.0,btc,0.0,0.0,0.0,142
1,[],28,[],2019-02-22 07:48:43,76883.0,0.00004500,0.0000000017709615,6757363,2019-02-22 07:48:43,btc,0.059933722,564.0,0.00004500,btc,406.4319,0.0,0.0388422,142
0,[],22,[],2019-02-22 07:48:55,0.0,0,0,6757364,2019-02-22 07:48:55,,61.2711456,0.0,0,,748034842.3,0.0,0.0,143
1,[],21,[],2019-02-22 07:48:56,50986190.3756793,0.00000024,0.000000000009445127999999999,6757365,2019-02-22 07:48:56,btc,40.41187278494714,8628964.27224811,0.00000024,btc,83546950.76047651,2.1507017,3.3885701301878663,145
0,[],22,[],2019-02-22 07:49:04,0.0,0,0,6757366,2019-02-22 07:49:04,,4.24946284,0.0,0,,1812156.0,0.0,0.0,146
,[],22,[],2018-11-20 23:01:11,0.0,0,0,4862114,2018-11-20 23:01:11,,2.56807021,0.0,,,61828.4988236,0.0,0.0,147
1,[],12,[],2019-02-22 07:49:05,99304.11000625,0.00000251000000000000010876390933722834830632564262486994266510009765625,0.000000000098780297,6757367,2019-02-22 07:49:05,btc,16.289114457143967,0.0,0.00000251000000000000010876390933722834830632564262486994266510009765625,btc,116927.71783468,0.0063260413766176,0.0182653099999905,148
1,[],4,[],2019-02-22 07:49:07,240513.36796929,0.00000028,0.000000000011019316,6757368,2019-02-22 07:49:07,btc,219.94015463817132,0.0,0.00000028,btc,792818.66646363,0.000319,0.0564957890840236,152
0,[],22,[],2019-02-22 07:49:18,0.0,0,0,6757369,2019-02-22 07:49:18,,0.0,0.0,0,,0.0,0.0,0.0,152
1,[],5,[],2019-02-22 07:49:19,0.0,0,0,6757370,2019-02-22 07:49:19,btc,0.0,1e-06,0,btc,0.0,0.0,0.0,153
,[],16,[],2019-01-11 15:38:59,0.0,0,0,6366141,2019-01-11 15:38:59,btc,0.0,0.0,,btc,0.0,0.0,0.0,155
0,[],23,[],2019-01-20 23:24:29,0.0,0,0,6476932,2019-01-20 23:24:29,,0.0,0.0,0,,0.0,0.0,0.0,156
0,[],22,[],2019-02-22 07:49:40,0.0,0,0,6757371,2019-02-22 07:49:40,,6.74608761,0.0,0,,4644402.242592593,0.0,0.0,156
1,[],22,[],2019-02-22 07:50:19,7073.8,0.00005300,0.0000000020857991,6757372,2019-02-22 07:50:19,BTC,1.80343699,0.0,0.00005300,BTC,899.6422341958436,0.0,0.00104336,157
0,[],22,[],2019-02-22 07:50:37,0.0,0,0,6757373,2019-02-22 07:50:37,,50175.68008609,0.0,0,,54479136.04179466,0.0,0.0,158
,[],17,[],2018-11-20 22:56:10,0.0,0,0,4861976,2018-11-20 22:56:10,btc,1.1265625,0.0,,btc,1000.0,0.0,0.0,159
,[],20,[],2018-11-20 22:56:12,0.0,0,0,4861977,2018-11-20 22:56:12,btc,11912.7940471,0.0,,btc,34413894.3617,0.0,0.0,159
1,[],12,[],2019-02-22 07:50:39,182948.68830716,0.00000921999999999999981571165152960389832514920271933078765869140625,0.000000000362850334,6757374,2019-02-22 07:50:39,btc,6.6583081622659765,0.0,0.00000921999999999999981571165152960389832514920271933078765869140625,btc,14574.64059133,0.002587530530687,0.100109403249352,168
1,[],17,[],2019-02-22 07:50:40,29784.95,0.000001,0.0000000000393547,6757375,2019-02-22 07:50:40,btc,0.03026736251542,0.0,0.000001,btc,144.46171372,0.0,0.00716147,168
0,[],22,[],2019-02-22 07:50:51,0.0,0,0,6757376,2019-02-22 07:50:51,,1.14695792,0.0,0,,779972.8900917594,0.0,0.0,169
1,[],22,[],2019-02-22 07:51:07,166150.0,0.00000018,0.000000000007083846,6757377,2019-02-22 07:51:07,BTC,13.25764634,0.0,0.00000018,BTC,155847.43098544728,0.000668,0.020438,171
1,[],22,[],2019-02-22 07:51:32,152929.125,0.00000008,0.000000000003148376,6757378,2019-02-22 07:51:32,BTC,2.66658866,0.0,0.00000008,BTC,276056.09731670975,0.00156826,0.0089885,173
1,[],5,[],2019-02-22 07:51:33,0.0,0,0,6757379,2019-02-22 07:51:33,btc,0.0,0.07060067,0,btc,0.0,0.0,0.0,175
1,[],22,[],2019-02-22 07:51:56,45784.0,0.0000003,0.00000000001180641,6757380,2019-02-22 07:51:56,BTC,0.5289391,0.0,0.0000003,BTC,142708.91384013777,0.0,0.0052016,176
1,[],7,[],2019-02-22 07:51:57,0.0,0,0,6757381,2019-02-22 07:51:57,btc,410932.427678026,0.0,0,btc,117633836.32502417,0.0,0.0,178
0,[],22,[],2019-02-22 07:52:11,0.0,0,0,6757382,2019-02-22 07:52:11,,1.00242428,0.0,0,,57512.0,0.0,0.0,178
0,[],2,[],2019-01-20 23:28:34,0.0,0,0,6477001,2019-01-20 23:28:34,,0.0,0.0,0,,0.0,0.0,0.0,178
1,[],5,[],2019-02-22 07:52:12,0.0,0,0,6757383,2019-02-22 07:52:12,btc,0.0,0.10571493,0,btc,0.0,0.0,0.0,179
1,[],22,[],2019-02-22 07:52:39,7050947.0,0.00000002,0.000000000000787094,6757384,2019-02-22 07:52:39,BTC,5.49671688,0.0,0.00000002,"BTC,LTC",17615307.968656633,0.0,0.37595966,179
0,[],23,[],2019-01-20 23:25:08,0.0,0,0,6476952,2019-01-20 23:25:08,,0.0,0.0,0,,0.0,0.0,0.0,179
0.0000000001232042,[],22,[],2019-02-22 07:53:49,128605.4,1.232042e-17,4.84866432974e-22,6757385,2019-02-22 07:53:49,LTC,0.19391521,0.0,0.0000001,LTC,57443.36975556538,0.0,0.00130544,180
1,[],26,[],2019-02-22 07:53:49,0.0,0.00000100,0.0000000000393547,6757386,2019-02-22 07:53:49,btc,0.0,100.0,0.00000100,btc,0.0,0.0,0.0,180
1,[],17,[],2019-02-22 05:53:44,10504.725,0.0000001,0.000000000003963429999999999,6756975,2019-02-22 05:53:44,btc,5.2010695838170005,0.0,0.0000001,btc,4994.45945,0.0,0.0010504725,180
,[],7,[],2018-11-20 22:58:01,562227.975654,0.00000085,0.000000000036176765,4862015,2018-11-20 22:58:01,btc,21836.6059674,2491.87645172,,btc,749999.041456,0.00211021,0.127565380455,183
1,[],24,[],2019-02-22 07:53:49,0.0,0.000000000001,3.93547e-17,6757387,2019-02-22 07:53:49,btc,0.0,0.0,0.000000000001,btc,0.0,0.0,0.0,187
,[],5,[],2019-01-10 08:11:41,0.0,0,0,6347036,2019-01-10 08:11:41,btc,82.15055501,0.00261,,btc,1.19002445,0.0,0.0,187
,[],17,[],2018-11-16 20:58:10,4062536.27273,0.00000001,0.000000000000550501,4708775,2018-11-16 20:58:10,btc,3.36492563466,0.195460381006,,"btc,eth",110697919.549,0.0,0.0157628953496,187
0,[],22,[],2019-02-22 07:54:05,0.0,0,0,6757388,2019-02-22 07:54:05,,1.19374396,0.0,0,,16308.869534405507,0.0,0.0,191
0,[],22,[],2019-02-22 07:54:58,0.0,0,0,6757389,2019-02-22 07:54:58,,0.0,0.0,0,,0.0,0.0,0.0,197
0,[],22,[],2019-02-22 07:55:37,0.0,0,0,6757390,2019-02-22 07:55:37,,5.17330081,0.0,0,,21824453.0,0.0,0.0,199
1,[],26,[],2019-02-22 07:55:37,0.0,0.00000000,0,6757391,2019-02-22 07:55:37,btc,0.0,0.0,0.00000000,btc,0.0,0.0,0.0,199
0,[],23,[],2019-01-20 23:31:41,0.0,0,0,6477079,2019-01-20 23:31:41,,0.0,0.0,0,,0.0,0.0,0.0,199
0,[],17,[],2019-01-30 16:32:01,0.0,0,0,6540827,2019-01-30 16:32:01,btc,6.802544163788159,0.0,0,btc,105897.55575295,0.0,0.0,200
0,[],2,[],2019-01-20 23:30:49,0.0,0,0,6477059,2019-01-20 23:30:49,,0.0,0.0,0,,0.0,0.0,0.0,201
1,[],4,[],2019-01-25 15:51:35,2084389.58565343,0.00000936,0.000000000333526752,6499557,2019-01-25 15:51:35,btc,2.0092503037378524,0.0,0.00000936,btc,160195.80207885,0.19272417,1.242687955921835,211
1,[],7,[],2019-02-22 07:55:41,4182601.47785468,0.000001390000000000000032391082004090687718189656152389943599700927734375,0.000000000054703033,6757392,2019-02-22 07:55:41,btc,15475877.15344946,1106557.14519,0.000001390000000000000032391082004090687718189656152389943599700927734375,btc,13527182.14476663,0.0,3.1305799340088956,212
1,[],5,[],2019-02-22 07:55:42,0.0,0,0,6757393,2019-02-22 07:55:42,btc,0.0,0.1277484,0,btc,0.0,0.0,0.0,213
1,[],24,[],2019-02-22 07:55:42,0.0,0.000000150000,0.000000000005903205,6757394,2019-02-22 07:55:42,btc,0.0,0.0,0.000000150000,btc,0.0,0.0,0.0,213
1,[],26,[],2019-02-22 07:55:42,0.0,0.00000009,0.000000000003541923,6757395,2019-02-22 07:55:42,btc,0.0,0.0,0.00000009,btc,0.0,0.0,0.0,213
1,[],12,[],2019-01-25 02:44:32,207462.42853209,0.000001080000000000000035831255497387193287295303889550268650054931640625,0.000000000038610756000000006,6493050,2019-01-25 02:44:32,btc,85023.03793723314,0.0,0.000001080000000000000035831255497387193287295303889550268650054931640625,btc,43675.73520027,0.000146250909087,0.0348620860622024,213
1,[],22,[],2019-02-22 07:56:33,119971.0,0.00000001,0.000000000000393547,6757396,2019-02-22 07:56:33,BTC,2.19671377,0.0,0.00000001,BTC,271112.59081706154,2.9e-07,0.00119971,216
1,[],27,[],2019-02-22 07:56:36,1266906.5615,0.00000008,0.000000000003148376,6757397,2019-02-22 07:56:36,btc,355.9340332129,41297.4,0.00000008,"btc,ltc",218416.501,0.00330379,0.0351987224600616,216
1,[],22,[],2019-02-22 07:56:54,279018.17209638556,0.00000250,0.00000000009838675,6757398,2019-02-22 07:56:54,BTC,12673.48901049,0.0,0.00000250,BTC,357431.3220963033,0.11622037,0.42187581,217
1,[],7,[],2019-02-22 07:56:56,0.0,0,0,6757399,2019-02-22 07:56:56,btc,77969.6155208115,0.0,0,btc,137043536.6050253,0.0,0.0,219
0,[],27,[],2019-02-22 07:56:58,0.0,0,0,6757400,2019-02-22 07:56:58,,0.0740438339680921,0.0,0,btc,1536429.20709513,0.0,0.0,219
0.0000000000000052,[],28,[],2019-02-22 07:57:00,168262604.092,4.31652e-18,1.69875349644e-22,6757401,2019-02-22 07:57:00,doge,83813.6478917675,14210.0,0.00083010,"btc,doge",4822399.34751,0.0,1.198831752510288e-11,219
1,[],22,[],2019-02-22 07:57:33,196135.6,0.00000012,0.0000000000047225639999999995,6757402,2019-02-22 07:57:33,BTC,3.00159283,0.0,0.00000012,BTC,106936.27041875875,0.01432235,0.02066356,221
1,[],24,[],2019-02-22 07:57:33,0.0,0.000000200000,0.000000000007870939999999999,6757403,2019-02-22 07:57:33,btc,0.0,0.0,0.000000200000,btc,0.0,0.0,0.0,221
1,[],20,[],2019-02-22 07:57:36,43228436.1239,0.000000001,0.0000000000000393547,6757404,2019-02-22 07:57:36,btc,47.9968636290187,1015745.7339,0.000000001,btc,11147457.9984,0.0010157457339,0.0432284361239,224
0,[],22,[],2019-02-22 07:58:03,0.0,0,0,6757405,2019-02-22 07:58:03,,0.0,0.0,0,,0.0,0.0,0.0,224
1,[],26,[],2019-02-22 07:58:03,0.0,0.00000036,0.000000000014167692,6757406,2019-02-22 07:58:03,btc,0.0,0.0,0.00000036,btc,0.0,0.0,0.0,231
1,[],26,[],2019-02-22 07:58:03,0.0,0.00000006,0.0000000000023612819999999998,6757407,2019-02-22 07:58:03,btc,0.0,0.0,0.00000006,btc,0.0,0.0,0.0,234
0.0000000003669455,[],27,[],2019-02-22 07:58:07,2000.0,3.669455e-18,1.444103006885e-22,6757408,2019-02-22 07:58:07,eth,0.0113483662182,0.0,0.00000001,"btc,eth",11462.99618,0.0,7.33891e-15,234
0,[],22,[],2019-02-22 07:58:29,0.0,0,0,6757409,2019-02-22 07:58:29,,4.02258988,0.0,0,,106046393.81349206,0.0,0.0,235
1,[],4,[],2019-02-22 07:58:31,1139962.79129095,0.00000092,0.000000000036206324,6757410,2019-02-22 07:58:31,btc,4.654552763397898,0.0,0.00000092,btc,1040920.49719249,0.18245673,0.4092572145239267,236
1,[],24,[],2019-02-22 07:58:31,0.0,0.000000020010,0.000000000000787487547,6757411,2019-02-22 07:58:31,btc,0.0,0.0,0.000000020010,btc,0.0,0.0,0.0,236
1,[],20,[],2019-02-22 07:58:33,64735143.6644,0.000000065,0.0000000000025580555,6757412,2019-02-22 07:58:33,btc,9.3980886673099,27829530.3784,0.000000065,btc,44807512.8825,1.7217089933781,0.3189660399993,237
1,[],22,[],2019-02-22 07:58:54,116403.0,0.00000004,0.000000000001574188,6757413,2019-02-22 07:58:54,BTC,0.0405823,0.0,0.00000004,"BTC,LTC",3164.0,0.0,0.00482009,237
1,[],4,[],2019-02-22 07:58:55,7492907.85083797,0.00000032,0.000000000012593504,6757414,2019-02-22 07:58:55,btc,5.211777928437755,0.0,0.00000032,btc,8063768.6556178,0.59562092,1.5964188940072725,238
1,[],5,[],2019-02-22 07:58:56,0.0,0,0,6757415,2019-02-22 07:58:56,btc,0.0,0.0113858,0,btc,0.0,0.0,0.0,238
0,[],22,[],2019-02-22 07:59:11,0.0,0,0,6757416,2019-02-22 07:59:11,,27.41701007,0.0,0,,370860.0639027493,0.0,0.0,249
0.0000000001232042,[],22,[],2019-02-22 07:59:56,7121097.666666667,3.696126e-18,1.454599298922e-22,6757417,2019-02-22 07:59:56,LTC,0.54280194,0.0,0.00000003,LTC,14549981.09,2.9446099490080003e-12,0.21263595,252
1,[],28,[],2019-02-22 07:59:58,4391956.698,0.0000001,0.0000000000039354699999999996,6757418,2019-02-22 07:59:58,btc,164693.72223419085,111183.4,0.0000001,btc,1230574.0351,0.0,0.2663411375,256
1,[],22,[],2019-02-22 08:00:54,2448447.6666666665,0.00000003,0.0000000000011806409999999999,6757419,2019-02-22 08:00:54,BTC,31.42325404,0.0,0.00000003,BTC,516668.9505485993,0.00075,0.05230815,258
1,[],22,[],2019-02-22 08:01:15,48751.0,0.00000001,0.000000000000393547,6757420,2019-02-22 08:01:15,BTC,2.4175745,0.0,0.00000001,BTC,1762.0,0.0,0.00048751,259
1,[],22,[],2019-02-22 08:01:58,12367.0,0.00001010,0.00000000039748247,6757421,2019-02-22 08:01:58,BTC,1398.83644529,0.0,0.00001010,"BTC,LTC",9433.525087401827,0.00106632,0.02744175,262
1,[],5,[],2019-02-22 08:01:59,0.0,0,0,6757422,2019-02-22 08:01:59,btc,0.0,0.13990081,0,btc,0.0,0.0,0.0,264
1,[],20,[],2019-02-22 08:02:01,1219084.4206,0.00000202,0.000000000079496494,6757423,2019-02-22 08:02:01,btc,7.6838665914988,67371.0077,0.00000202,btc,106405.0146,0.224130246221,0.0263584791732,264
1,[],22,[],2019-02-22 08:02:49,31914.0,0.00000001,0.000000000000393547,6757424,2019-02-22 08:02:49,BTC,8.4442135,0.0,0.00000001,BTC,427909.69136002666,6.5e-05,0.00031914,271
0,[],22,[],2019-02-22 08:03:18,0.0,0,0,6757425,2019-02-22 08:03:18,,390.78678703,0.0,0,,15707597515.9,0.0,0.0,272
0.0000000000000052,[],28,[],2019-02-22 08:03:20,253278339768.612,4.16e-21,1.6371555199999999e-25,6757426,2019-02-22 08:03:20,doge,5974560.496221982,15461361369.929,0.0000008,doge,207835226912.54153,0.0,7.034083809722813e-10,272
1,[],22,[],2019-02-22 08:04:28,15154.41,0.00000270,0.00000000010625769,6757427,2019-02-22 08:04:28,BTC,74.30180155,0.0,0.00000270,"BTC,LTC",7862.487639773189,0.08097667,0.04549168,281
1,[],22,[],2019-02-22 08:05:10,59394.0,0.00000002,0.000000000000787094,6757428,2019-02-22 08:05:10,BTC,1.3322851,0.0,0.00000002,BTC,139503.04598459575,9.88e-05,0.00098018,286
0,[],22,[],2019-02-22 08:05:54,0.0,0,0,6757429,2019-02-22 08:05:54,,43633.68112286,0.0,0,,335177129.0,0.0,0.0,294
