pairValue,buyBook,exchangeId,sellBook,updated,buyTotal,satoshiPrice,usdPrice,exchangeLogId,created,bestPair,sellTotalBtc,volume,pairPrice,activePairs,sellTotal,volumeBtc,buyTotalBtc,coinId
1,[],3,[],2019-05-31 07:43:11,287.74414551806,0.01109451000000000013556711309092861483804881572723388671875,0.000000918687557256,7716156,2019-05-31 07:43:11,btc,1.805749080970493,42.5649031883,0.01109451000000000013556711309092861483804881572723388671875,btc,22.564488728386,0.0,0.23729409833620685,1
1,[],4,[],2019-05-31 07:43:13,207676.37644639,0.01082500,0.0000008963706199999999,7716157,2019-05-31 07:43:13,btc,7.612737105251212,0.0,0.01082500,btc,299.3669308,1.65129771,0.4658414902979492,1
1,[],5,[],2019-05-31 07:43:15,0.0,0,0,7716158,2019-05-31 07:43:15,btc,0.0,0.01968455,0,btc,0.0,0.0,0.0,1
1,[],10,[],2019-05-31 07:43:19,312346.98667946,0.00701864,0.0000005811826963839999,7716159,2019-05-31 07:43:19,btc,6520.179485454719,1540.15363719,0.00701864,btc,1210.7656177,0.0,2.184960731285089,1
1,[],12,[],2019-05-31 07:43:22,78.39261603,0.0109999999999999993616217608405349892564117908477783203125,0.0000009108615999999999,7716160,2019-05-31 07:43:22,btc,0.1633519399244,0.0,0.0109999999999999993616217608405349892564117908477783203125,btc,14.03864124,0.364962123158,0.3258783406639,1
1,[],20,[],2019-05-31 07:43:24,934.3575,0.00920886,0.0000007625451776159999,7716161,2019-05-31 07:43:24,btc,0.2238774187474,0.5116,0.00920886,btc,17.3543,0.0054077113918,0.1015981964244,1
1,[],21,[],2019-05-31 07:43:26,1776.75688477,0.01097969000000000028283153597,0.000000909179818264,7716162,2019-05-31 07:43:26,btc,10.73765601115368,8076.37138004,0.01097969000000000028283153596930787898600101470947265625,"btc,eth",1328.44937277,79.12328334838789,16.982525516507962,1
1,[],22,[],2019-05-31 07:43:29,0.0025666666666666667,0.00900000,0.0000007452504,7716163,2019-05-31 07:43:29,BTC,0.31629903,0.0,0.00900000,BTC,0.2505752479991019,0.0,2.31e-05,1
1,[],24,[],2019-05-31 07:43:30,0.0,0.000000000000,0,7716164,2019-05-31 07:43:30,btc,0.0,0.0,0.000000000000,btc,0.0,0.0,0.0,1
0.0,[],25,[],2019-05-31 07:43:31,0.0,0,0,7716165,2019-05-31 07:43:31,btc,16.29999999921847,2037.53412103,0.0,btc,1399.49878766,22.313,0.0,1
1,[],26,[],2019-05-31 07:43:32,0.0,0,0,7716166,2019-05-31 07:43:32,,0.0,0.0,0,,0.0,0.0,0.0,1
0,[],28,[],2019-05-31 07:43:35,0.0,0,0,7716167,2019-05-31 07:43:35,,0.0,326531.65,0,,0.0,0.0,0.0,1
0,[],2,[],2019-01-20 23:28:45,0.0,0,0,6477011,2019-01-20 23:28:45,,0.0,0.0,0,,0.0,0.0,0.0,1
1,[],5,[],2019-05-31 07:43:36,0.0,0,0,7716168,2019-05-31 07:43:36,btc,0.0,0.00720481,0,btc,0.0,0.0,0.0,2
0,[],22,[],2019-05-31 07:43:38,0.0,0,0,7716169,2019-05-31 07:43:38,,0.0,0.0,0,,0.0,0.0,0.0,2
1,[],5,[],2019-05-31 07:43:39,0.0,0,0,7716170,2019-05-31 07:43:39,btc,0.0,1.14885084,0,btc,0.0,0.0,0.0,3
1,[],12,[],2019-05-31 07:43:40,1018793.4,0.00000011,0.000000000009108616,7716171,2019-05-31 07:43:40,btc,169517.4354660997,0.0,0.00000011,btc,3366106.35093614,0.229036824229,0.067008631,3
0,[],28,[],2019-05-31 07:43:42,0.0,0,0,7716172,2019-05-31 07:43:42,,0.0,0.0,0,,0.0,0.0,0.0,3
0,[],2,[],2019-01-20 23:31:32,0.0,0,0,6477077,2019-01-20 23:31:32,,0.0,0.0,0,,0.0,0.0,0.0,4
1,[],4,[],2019-05-18 21:29:50,562734.9206932,0.00000010,0.000000000007298720000000001,7650946,2019-05-18 21:29:50,btc,41.9347137769675,0.0,0.00000010,btc,1123702.32192634,0.00052462,0.029254593370966,4
0,[],12,[],2019-05-31 07:43:44,0.0,0,0,7716173,2019-05-31 07:43:44,btc,625.8985290849951,0.0,0,btc,1198811.4995005,0.0,0.0,5
0,[],2,[],2019-01-20 23:31:51,0.0,0,0,6477087,2019-01-20 23:31:51,,0.0,0.0,0,,0.0,0.0,0.0,6
1,[],11,[],2019-05-31 07:43:46,9060347.776736,0.00000002,0.000000000001656112,7716174,2019-05-31 07:43:46,btc,9582.873384042945,2833780.0,0.00000002,btc,67279346.46260394,0.0,0.13675210276736,6
1,[],3,[],2019-05-31 07:43:47,12581.00744107846,0.000088889999999999997661037642870951458462513983249664306640625,0.000000007360589784,7716175,2019-05-31 07:43:47,btc,0.049229057476341695,176.533509258,0.000088889999999999997661037642870951458462513983249664306640625,btc,173.116474304518,0.0,0.022816313239365914,7
1,[],4,[],2019-05-31 07:43:48,320772.50357702,0.00009504,0.000000007869844223999999,7716176,2019-05-31 07:43:48,btc,9.503461965919282,0.0,0.00009504,btc,52857.14630099,6.26824803,1.9189739984531669,7
1,[],5,[],2019-05-31 07:43:49,0.0,0,0,7716177,2019-05-31 07:43:49,btc,0.0,0.7112702,0,btc,0.0,0.0,0.0,7
1,[],20,[],2019-04-07 22:06:50,3201475.0482,0.000000001,0.000000000000051590000000000004,7213932,2019-04-07 22:06:50,btc,30.8005781811902,0.0,0.000000001,btc,23077405.3926,0.0,0.0032014750482,8
0,[],2,[],2019-01-20 23:22:42,0.0,0,0,6476876,2019-01-20 23:22:42,,0.0,0.0,0,,0.0,0.0,0.0,9
0,[],23,[],2019-01-20 23:22:48,0.0,0,0,6476878,2019-01-20 23:22:48,,0.0,0.0,0,,0.0,0.0,0.0,9
1,[],4,[],2019-05-31 07:43:52,21988335.90283078,0.00000049,0.000000000040574744,7716178,2019-05-31 07:43:52,btc,3.8729986717926645,0.0,0.00000049,btc,3414332.98341989,0.46034507,0.4631325511788283,9
0,[],28,[],2019-05-31 07:43:55,0.0,0,0,7716179,2019-05-31 07:43:55,,0.0,3503995.0,0,,0.0,0.0,0.0,9
1,[],1,[],2019-02-17 23:31:42,1822507.21,0.00000181000000000000003456111265232042484285557293333113193511962890625,0.000000000066086901,6701244,2019-02-17 23:31:42,btc,3.6990969245,17153386.5,0.00000181000000000000003456111265232042484285557293333113193511962890625,btc,1997391.71,31.11772986,3.2610482446,9
1,[],4,[],2019-02-17 11:22:43,4341674.27126056,0.00000002,0.0000000000007272960000000001,6696112,2019-02-17 11:22:43,btc,0.1997230937751353,0.0,0.00000002,btc,4109766.79808031,0.00215132,0.0479381022052112,10
1,[],4,[],2019-05-31 07:43:56,7245863.31468527,0.00000045,0.000000000037262519999999997,7716180,2019-05-31 07:43:56,btc,4.797662220740741,0.0,0.00000045,btc,4815541.00951901,0.95996936,1.1380770006046743,12
1,[],5,[],2019-05-31 07:43:57,0.0,0,0,7716181,2019-05-31 07:43:57,btc,0.0,0.15411556,0,btc,0.0,0.0,0.0,12
0.0,[],25,[],2019-05-31 07:44:00,0.0,0,0,7716182,2019-05-31 07:44:00,,0.0,0.0,0.0,btc,0.0,0.0,0.0,12
0,[],2,[],2019-01-20 23:23:08,0.0,0,0,6476890,2019-01-20 23:23:08,,0.0,0.0,0,,0.0,0.0,0.0,12
1,[],4,[],2019-05-31 07:44:00,329165.14941762,0.00000529,0.000000000438041624,7716183,2019-05-31 07:44:00,btc,1.7573856150101284,0.0,0.00000529,btc,228210.7834562,0.43120389,0.4369986411168694,13
1,[],10,[],2019-05-31 07:44:03,643150.80162045,0.00000525,0.00000000043472939999999997,7716184,2019-05-31 07:44:03,btc,666803.2467869937,22246.4689722,0.00000525,btc,863989.76125424,0.0,0.1937551601566211,13
1,[],21,[],2019-05-31 07:44:04,2149259.62110387,0.000005399999999999999967398040673,0.00000000044715024,7716185,2019-05-31 07:44:04,btc,2.403724498910868,826575.80281026,0.0000053999999999999999673980406733608816693958942778408527374267578125,btc,386936.02954431,4.56377111,7.566270261101621,13
1,[],4,[],2019-05-31 07:44:06,1089233.41452524,0.00000072,0.000000000059620032,7716186,2019-05-31 07:44:06,btc,4.092113639301413,0.0,0.00000072,btc,806775.22496282,0.02676477,0.1998549612200247,14
1,[],12,[],2019-05-31 07:44:08,135638.26610888,0.00000073,0.000000000060448088,7716187,2019-05-31 07:44:08,btc,14.134150797843073,0.0,0.00000073,btc,21650.79261605,0.0,0.0150733299999657,14
1,[],26,[],2019-05-31 07:46:08,0.0,0.00000050,0.0000000000414028,7716188,2019-05-31 07:46:08,btc,0.0,0.0,0.00000050,btc,0.0,0.0,0.0,14
0,[],17,[],2019-05-03 00:53:32,0.0,0,0,7558876,2019-05-03 00:53:32,btc,0.0,0.0,0,btc,0.0,0.0,0.0,14
0,[],4,[],2019-05-31 07:46:10,0.0,0,0,7716189,2019-05-31 07:46:10,,0.0,0.0,0,,0.0,0.0,0.0,15
,[],12,[],2018-12-01 15:15:48,204241.84496,0.00000489,0.000000000202473384,5260204,2018-12-01 15:15:48,btc,49.5475654835,0.0,,btc,35763.2193806,0.0163153972027625,0.0203389899998,15
1,[],4,[],2019-05-31 07:46:12,34182.88902991,0.00001158,0.000000000958888848,7716190,2019-05-31 07:46:12,btc,0.9752951647341359,0.0,0.00001158,btc,11286.00315294,0.03997198,0.0786240999663608,18
1,[],10,[],2019-05-31 07:46:14,486589.14885895,0.00001232,0.0000000010201649920000001,7716191,2019-05-31 07:46:14,btc,15.338705131929188,2606.09307456,0.00001232,btc,13130.92651416,0.0,0.071297664706306,18
1,[],12,[],2019-05-31 07:46:16,3345.85709691,0.000012089999999999999442316760134286113270718487910926342010498046875,0.0000000010011197039999998,7716192,2019-05-31 07:46:16,btc,0.4018458716690181,0.0,0.000012089999999999999442316760134286113270718487910926342010498046875,btc,1455.9362923,0.000811869194,0.0141191605938242,18
0,[],2,[],2019-01-20 23:23:38,0.0,0,0,6476906,2019-01-20 23:23:38,,0.0,0.0,0,,0.0,0.0,0.0,18
0,[],17,[],2019-05-03 00:53:39,0.0,0,0,7558882,2019-05-03 00:53:39,btc,0.0,0.0,0,btc,0.0,0.0,0.0,18
1,[],3,[],2019-05-31 07:48:17,150209.81938464905,0.00000408999999999999980433186552719604378580697812139987945556640625,0.00000000033867490399999997,7716193,2019-05-31 07:48:17,btc,0.17079040753273417,3802.61204435,0.00000408999999999999980433186552719604378580697812139987945556640625,btc,4309.313053601002,0.0,0.0533333490335717,19
1,[],4,[],2019-05-31 07:48:18,512064.03812205,0.00000806,0.0000000006674131359999999,7716194,2019-05-31 07:48:18,btc,3.8359804241524853,0.0,0.00000806,btc,175823.38130117,0.19188665,0.3962697850812434,19
1,[],5,[],2019-05-31 07:48:19,0.0,0,0,7716195,2019-05-31 07:48:19,btc,0.0,0.0,0,btc,0.0,0.0,0.0,19
1,[],12,[],2019-05-31 07:48:21,15030.21775673,0.000007109999999999999688846986922730053493069135583937168121337890625,0.000000000588747816,7716196,2019-05-31 07:48:21,btc,0.0591246186246655,0.0,0.000007109999999999999688846986922730053493069135583937168121337890625,btc,1949.55052991,0.0,0.0266946999995255,19
0,[],27,[],2019-05-31 07:48:42,0.0,0,0,7716197,2019-05-31 07:48:42,,0.0,0.0,0,btc,0.0,0.0,0.0,19
0,[],2,[],2019-01-20 23:24:19,0.0,0,0,6476924,2019-01-20 23:24:19,,0.0,0.0,0,,0.0,0.0,0.0,19
1,[],4,[],2019-05-31 07:48:44,10062076.88478525,0.00000007,0.000000000005796392,7716198,2019-05-31 07:48:44,btc,6.411239436602338,0.0,0.00000007,btc,2322306.93095912,0.0,0.1174938176872809,20
1,[],4,[],2019-05-31 07:48:45,23600633.506,0.00000001,0.0000000000008280559999999999,7716199,2019-05-31 07:48:45,btc,1771.0957495446062,0.0,0.00000001,btc,69432630.21973631,0.05258814,0.23600633506,21
1,[],12,[],2019-05-31 07:48:47,1145839.0,0.00000001,0.000000000000828056,7716200,2019-05-31 07:48:47,btc,2566.5052706028373,0.0,0.00000001,btc,4717210.64135862,0.01252012,0.01145839,21
0,[],17,[],2019-05-03 00:53:51,0.0,0,0,7558891,2019-05-03 00:53:51,btc,0.0,0.0,0,btc,0.0,0.0,0.0,21
1,[],12,[],2019-05-31 07:50:48,5215904047.05,0.0000000004,0.00000000000003312224,7716201,2019-05-31 07:50:48,btc,708410089.5272214,0.0,0.0000000004,btc,3098970444.230812,2.160667265895,1.1973252969200001,23
0.0000000003063493,[],27,[],2019-05-31 07:50:56,102682442.02004008,9.190479e-18,7.610231278824e-22,7716202,2019-05-31 07:50:56,eth,105173.3716331428,430645635.91987014,0.00000003,eth,21187342.028,5.277119565466192e-09,7.190185093866213e-10,23
1,[],4,[],2019-05-31 07:50:57,1803890.13667995,0.00000018,0.000000000014905008,7716203,2019-05-31 07:50:57,btc,13.146918356866886,0.0,0.00000018,btc,2163083.03749451,0.0,0.0519488991044527,24
1,[],22,[],2019-05-31 07:51:02,21.76,0.00000100,0.0000000000828056,7716204,2019-05-31 07:51:02,BTC,7.415e-05,0.0,0.00000100,BTC,23.919354838709676,0.0,1.186e-05,24
0.0,[],25,[],2019-05-31 07:51:03,0.0,0,0,7716205,2019-05-31 07:51:03,,0.0,0.0,0.0,btc,0.0,0.0,0.0,24
1,[],4,[],2019-05-31 07:51:04,7644435.97314823,0.00000472,0.00000000039084243199999997,7716206,2019-05-31 07:51:04,btc,14.594761681770015,0.0,0.00000472,btc,250412.54375436,0.11493623,0.2869463780215016,26
1,[],10,[],2019-05-31 07:51:06,149485.74407793,0.00000385,0.00000000031880156,7716207,2019-05-31 07:51:06,btc,25.583065616057414,5646.28277264,0.00000385,btc,22898.15511692,0.0,0.034236565286936,26
0,[],2,[],2019-01-20 23:25:56,0.0,0,0,6476976,2019-01-20 23:25:56,,0.0,0.0,0,,0.0,0.0,0.0,26
1,[],5,[],2019-04-26 09:47:06,0.0,0,0,7465326,2019-04-26 09:47:06,btc,0.0,0.0,0,btc,0.0,0.0,0.0,27
1,[],3,[],2019-05-31 07:51:07,22114296.5,0.00000001,0.000000000000828056,7716208,2019-05-31 07:51:07,btc,3.767691971603427,10079247.8707,0.00000001,btc,26162125.36111529,0.0,0.221142965,27
1,[],11,[],2019-05-31 07:51:08,2110243.08157834,0.00000002,0.000000000001656112,7716209,2019-05-31 07:51:08,btc,67503.04533244639,19676.5543251,0.00000002,btc,6590405.9414731,0.0,0.0211134458157834,27
1,[],4,[],2019-05-31 07:51:09,1087854900.4364169,0.00000001,0.0000000000008280559999999999,7716210,2019-05-31 07:51:09,btc,4.832694965529553,0.0,0.00000001,"btc,ltc",288460218.9628666,0.00498929,7.493147074125432,29
1,[],7,[],2019-05-31 07:51:11,85490543.33155985,0.00000001,0.000000000000828056,7716211,2019-05-31 07:51:11,btc,46548272.12531079,45116.0758483,0.00000001,btc,35025178.2079238,0.00045116,0.8549054333155985,29
1,[],4,[],2019-05-31 07:51:12,15254680.11601546,0.00000006,0.000000000004968336,7716212,2019-05-31 07:51:12,btc,2.7023772376036272,0.0,0.00000006,btc,2102648.09973194,0.0,0.1693992723165774,30
0,[],17,[],2019-05-03 01:11:25,0.0,0,0,7559066,2019-05-03 01:11:25,btc,0.0,0.0,0,btc,0.0,0.0,0.0,30
1,[],4,[],2019-05-31 07:53:13,108984.36123204,0.00004177,0.000000003458789912,7716213,2019-05-31 07:53:13,btc,3.3297285683398496,0.0,0.00004177,btc,44239.97339151,1.16412827,0.5675572831062068,31
1,[],21,[],2019-05-31 07:53:14,89322.26077306,0.00004139999999999999664426417190,0.0000000034281518399999995,7716214,2019-05-31 07:53:14,btc,5.769251137306868,199209.49582331,0.0000413999999999999966442641718966655162148526869714260101318359375,btc,116767.59348547,8.37169559,2.705931574052081,31
0,[],2,[],2019-01-20 23:28:43,0.0,0,0,6477009,2019-01-20 23:28:43,,0.0,0.0,0,,0.0,0.0,0.0,32
0,[],4,[],2019-05-31 07:53:15,0.0,0,0,7716215,2019-05-31 07:53:15,,0.0,0.0,0,,0.0,0.0,0.0,33
1,[],12,[],2019-03-30 07:55:10,40641173.964,0.00000003,0.000000000001228359,7108785,2019-03-30 07:55:10,btc,4233210.82356125,0.0,0.00000003,btc,28378394.68333462,0.0126927883965248,0.90752895892,33
0.00000000012854269999999998,[],4,[],2019-05-31 07:53:17,511139558.0275525,2.8279394e-17,2.3416921878063997e-21,7716216,2019-05-31 07:53:17,ltc,3.6976780481080644,0.0,0.00000022,ltc,156079421.69125116,0.000998,2.010042512658613e-09,34
1,[],5,[],2019-05-31 07:53:18,0.0,0,0,7716217,2019-05-31 07:53:18,btc,0.0,0.0,0,btc,0.0,0.0,0.0,34
0.0000000002926451,[],17,[],2019-05-02 18:17:47,200000.0,2.9264510000000002e-18,1.596703856561e-22,7556430,2019-05-02 18:17:47,eth,0.20942468735267253,0.0,0.00000001,"btc,eth",1018272.20243647,0.0,5.852902e-13,36
0.00000000012854269999999998,[],4,[],2019-05-31 07:53:20,1561819564.0727658,1.285427e-18,1.064405539912e-22,7716218,2019-05-31 07:53:20,ltc,4.918899476554643e-08,0.0,0.00000001,ltc,7102398142.262129,0.0,2.0076050367873634e-09,36
1,[],5,[],2019-05-31 07:53:21,0.0,0,0,7716219,2019-05-31 07:53:21,btc,0.0,0.0,0,btc,0.0,0.0,0.0,36
0.0000000003063493,[],27,[],2019-05-31 07:55:30,10388811.226876,6.1269860000000005e-18,5.073487519216e-22,7716220,2019-05-31 07:55:30,eth,1569.8708019850988,7691117.0,0.00000002,"ltc,eth",5084024.2511555,2.5786574183362e-11,3.2725794459953536e-11,36
1,[],4,[],2019-05-31 07:55:31,9863345.44315271,0.00000018,0.000000000014905008,7716221,2019-05-31 07:55:31,btc,19772.519121168567,0.0,0.00000018,btc,719043.30733135,0.00704121,0.1196626430746539,37
1,[],12,[],2019-05-31 07:55:32,3616534.36528572,0.00000019,0.000000000015733064,7716222,2019-05-31 07:55:32,btc,9.368807541986031,0.0,0.00000019,btc,1024443.46434402,0.02528620983,0.1655079061442866,37
1,[],27,[],2019-05-31 07:57:38,6187.0,0.00000016,0.000000000013248895999999999,7716223,2019-05-31 07:57:38,btc,24.11463822903233,0.0,0.00000016,btc,5792.59438508,0.0,0.00076392,37
1,[],17,[],2019-05-03 01:11:36,211752.74075282,0.00000025,0.000000000013700074999999998,7559074,2019-05-03 01:11:36,btc,0.055484923955058496,0.0,0.00000025,"btc,eth",1387.19918473,0.0,0.0005381851887916605,37
1,[],5,[],2019-05-31 07:57:40,0.0,0,0,7716224,2019-05-31 07:57:40,btc,0.0,0.00133617,0,btc,0.0,0.0,0.0,42
1,[],12,[],2019-05-31 07:57:42,140876.30050803,0.00000094,0.000000000077837264,7716225,2019-05-31 07:57:42,btc,24.790577814510414,0.0,0.00000094,btc,72332.7173584,0.00259233008,0.054089929999960096,42
1,[],27,[],2019-05-31 07:57:48,506.0,0.00000002,0.0000000000016561119999999998,7716226,2019-05-31 07:57:48,btc,0.07600425,0.0,0.00000002,"btc,eth",18.0,0.0,6.000000321850574e-06,42
1,[],12,[],2019-03-13 09:13:29,1112112.0,0.00000001,0.000000000000386531,6919902,2019-03-13 09:13:29,btc,29058.00478931866,0.0,0.00000001,btc,5967681.93306694,9.99000999e-07,0.01112112,43
1,[],5,[],2019-04-26 22:38:52,0.0,0,0,7474154,2019-04-26 22:38:52,btc,0.0,0.02638891,0,btc,0.0,0.0,0.0,43
0,[],17,[],2019-04-26 22:38:53,0.0,0,0,7474155,2019-04-26 22:38:53,btc,0.0,0.0,0,btc,0.0,0.0,0.0,43
1,[],12,[],2019-03-05 01:54:08,639326.02,0.00000004,0.000000000001486676,6845775,2019-03-05 01:54:08,btc,11116042.728239931,0.0,0.00000004,btc,1103841.4595604,0.0003330765234764,0.014975410599999999,44
1,[],4,[],2019-05-31 07:57:49,115673086.3708475,0.00000001,0.0000000000008280559999999999,7716227,2019-05-31 07:57:49,btc,291324.24212060345,0.0,0.00000001,"btc,ltc",27941391.87328054,0.00659738,0.07883303276075761,49
0.00000000012854269999999998,[],4,[],2019-05-31 07:57:52,130883851.61713742,3.4706528999999996e-17,2.8738949577623997e-21,7716228,2019-05-31 07:57:52,ltc,22049.959233000292,0.0,0.00000027,ltc,159251609.04004836,0.0,1.2645115159989025e-09,52
0,[],22,[],2019-05-31 07:57:54,0.0,0,0,7716229,2019-05-31 07:57:54,,10289.55991011,0.0,0,,308568058.4566013,0.0,0.0,57
1,[],27,[],2019-05-31 07:57:59,2297.0,0.0000003,0.00000000002484168,7716230,2019-05-31 07:57:59,btc,0.0,0.0,0.0000003,"btc,eth",0.0,0.0,0.0003891,57
0.00000000012854269999999998,[],4,[],2019-05-31 07:58:00,3436283406.724336,1.285427e-18,1.064405539912e-22,7716231,2019-05-31 07:58:00,ltc,19.341012906465224,0.0,0.00000001,ltc,5787888096.321104,0.0,4.417091470655444e-09,58
1,[],12,[],2019-05-31 07:58:02,634514226.0,0.0000000001,0.00000000000000828056,7716232,2019-05-31 07:58:02,btc,2202504.924019523,0.0,0.0000000001,btc,3272237363.0568995,0.069221702368,0.0634514226,58
0.0000000001108066,[],22,[],2019-05-31 08:00:09,126877.0,1.1080660000000001e-18,9.175406996960001e-23,7716233,2019-05-31 08:00:09,XMR,68.17454206,0.0,0.00000001,XMR,9626402.6,0.0,0.00126877,58
1,[],17,[],2019-05-03 01:12:09,1200000.0,0.0000000001,0.00000000000000548003,7559085,2019-05-03 01:12:09,btc,1e+24,0.0,0.0000000001,"btc,eth",39516342.31952568,0.0,0.00010000000058666061,58
1,[],5,[],2019-05-31 08:00:11,0.0,0,0,7716234,2019-05-31 08:00:11,btc,0.0,0.00164935,0,btc,0.0,0.0,0.0,61
1,[],22,[],2019-05-31 08:00:15,13613.833333333334,0.00000012,0.000000000009936672,7716235,2019-05-31 08:00:15,BTC,1002.29123003,0.0,0.00000012,BTC,15014.200177125656,0.0,0.00153269,61
1,[],26,[],2019-05-31 08:00:15,0.0,0.00000050,0.0000000000414028,7716236,2019-05-31 08:00:15,btc,0.0,0.0,0.00000050,btc,0.0,0.0,0.0,61
1,[],27,[],2019-05-31 08:00:25,8450.0,0.0000002,0.00000000001656112,7716237,2019-05-31 08:00:25,btc,1.9582485601246655,0.0,0.0000002,"btc,eth",11379.41563696,0.0,0.001522,61
0,[],28,[],2019-05-31 08:00:28,0.0,0,0,7716238,2019-05-31 08:00:28,,0.0,724.0,0,,0.0,0.0,0.0,61
1,[],4,[],2019-05-31 08:00:29,778624.87867537,0.00000076,0.00000000006293225599999999,7716239,2019-05-31 08:00:29,btc,2.929761665114608,0.0,0.00000076,btc,894953.36119359,0.2182218,0.3844455459667619,67
0.0,[],25,[],2019-05-31 08:00:30,0.0,0,0,7716240,2019-05-31 08:00:30,,0.0,0.0,0.0,btc,0.0,0.0,0.0,67
1,[],12,[],2019-05-31 08:00:33,813749.0,0.00000005,0.00000000000414028,7716241,2019-05-31 08:00:33,btc,5.17012183104895,0.0,0.00000005,btc,775963.27172826,1.020005e-05,0.01771861,71
,[],5,[],2018-11-20 23:02:39,1.5e-07,0.00000005,0.000000000002128045,4862160,2018-11-20 23:02:39,btc,2.84511358,0.0,,btc,0.00036572,0.0,0.07381892,74
1,[],5,[],2019-05-31 08:00:35,0.0,0,0,7716242,2019-05-31 08:00:35,btc,0.0,0.06829194,0,btc,0.0,0.0,0.0,75
0,[],4,[],2019-05-25 21:33:44,0.0,0,0,7686249,2019-05-25 21:33:44,,133656.37989170782,0.0,0,,33439209.5909442,0.0,0.0,81
0,[],20,[],2019-01-25 09:30:31,0.0,0,0,6495923,2019-01-25 09:30:31,btc,0.0,0.0,0,btc,0.0,0.0,0.0,81
1,[],4,[],2019-05-31 08:00:37,35672.18021916,0.00010600,0.0000000087773936,7716243,2019-05-31 08:00:37,btc,33.77835070700778,0.0,0.00010600,btc,71385.83249121,0.51836568,0.6674904130946658,82
1,[],21,[],2019-05-31 08:00:38,65085.70155656,0.00009948999999999999781664233867,0.000000008238329144,7716244,2019-05-31 08:00:38,btc,29.5169800351502,97002.40724029,0.000099489999999999997816642338666071054831263609230518341064453125,btc,163860.42323692,10.2245486,5.186198042836854,82
0,[],17,[],2019-03-25 22:42:34,0.0,0,0,7038780,2019-03-25 22:42:34,btc,0.0445064681804024,0.0,0,btc,995513.18476001,0.0,0.0,84
0.0000000001161485,[],4,[],2019-05-20 13:09:39,216715621.0206096,1.161485e-18,9.0533806701e-23,7657228,2019-05-20 13:09:39,ltc,1.6511566870244727,0.0,0.00000001,ltc,471032407.9048656,0.0,2.5171194308112273e-10,85
,[],22,[],2018-11-20 23:09:34,3408.1,0.0000001,0.0000000000041895,4862324,2018-11-20 23:09:34,BTC,0.04624735,0.0,,BTC,4990.0,0.0,0.00033081,86
1,[],22,[],2019-05-31 08:00:43,62656.0,0.00000001,0.0000000000008280559999999999,7716245,2019-05-31 08:00:43,BTC,1.44964902,0.0,0.00000001,BTC,275108.04736842104,5.5e-05,0.00062656,87
1,[],27,[],2019-05-31 08:00:50,84552.0,0.00000002,0.0000000000016561119999999998,7716246,2019-05-31 08:00:50,btc,5.060705018036,23611.0,0.00000002,btc,152977.67341,0.00047222,0.00088944,87
,[],2,[],2018-11-20 23:10:47,0.0,0,0,4862359,2018-11-20 23:10:47,,0.0,0.0,,,0.0,0.0,0.0,88
1,[],11,[],2019-05-31 08:00:52,153168.94557764,0.000080010000000000001366302904148852803700719960033893585205078125,0.000000006625276056,7716247,2019-05-31 08:00:52,btc,167.2767247793492,212.68495228,0.000080010000000000001366302904148852803700719960033893585205078125,btc,200121.9642181,0.0,2.1477816458420786,89
0,[],2,[],2019-01-20 23:31:45,0.0,0,0,6477083,2019-01-20 23:31:45,,0.0,0.0,0,,0.0,0.0,0.0,91
1,[],12,[],2019-05-31 08:00:54,265403.84859567997,0.0000003,0.00000000002484168,7716248,2019-05-31 08:00:54,btc,87.69206693933808,0.0,0.0000003,btc,146623.64797313,0.000200408891,0.0121350783999945,91
1,[],22,[],2019-05-31 08:02:58,75910.55,0.0000002,0.00000000001656112,7716249,2019-05-31 08:02:58,BTC,0.495,0.0,0.0000002,"BTC,LTC",4.95,0.0,0.00165931,91
0,[],17,[],2019-05-03 01:12:26,0.0,0,0,7559096,2019-05-03 01:12:26,btc,0.0,0.0,0,btc,0.0,0.0,0.0,91
1,[],22,[],2019-04-09 20:17:52,374949.73333333334,0.00000015,0.000000000007771935,7235704,2019-04-09 20:17:52,BTC,6.87372503,0.0,0.00000015,"BTC,LTC",159980.01196797504,1.1e-05,0.80510266,95
0.00000000012854269999999998,[],4,[],2019-05-31 08:02:59,543349889.3351129,2.6993967e-17,2.2352516338151996e-21,7716250,2019-05-31 08:02:59,ltc,11.298921556359346,0.0,0.00000021,ltc,153531378.7863669,0.00247066,8.568049838440197e-10,96
0,[],12,[],2019-05-31 08:03:01,0.0,0,0,7716251,2019-05-31 08:03:01,btc,17.13202668048951,0.0,0,btc,9673329.04895105,1.0989e-07,0.0,96
0,[],17,[],2019-05-03 01:12:32,0.0,0,0,7559100,2019-05-03 01:12:32,btc,0.0,0.0,0,btc,0.0,0.0,0.0,96
1,[],4,[],2019-04-14 03:32:46,1039404.33283278,0.00000038,0.000000000019245518,7293458,2019-04-14 03:32:46,btc,4.170086055365747,0.0,0.00000038,btc,3097704.34561074,0.06260606,0.1859928211030784,99
0,[],2,[],2019-01-20 23:23:55,0.0,0,0,6476914,2019-01-20 23:23:55,,0.0,0.0,0,,0.0,0.0,0.0,100
1,[],4,[],2019-05-31 08:05:02,207128.55867524,0.00001637,0.000000001355527672,7716252,2019-05-31 08:05:02,btc,7.408679915921394,0.0,0.00001637,btc,155296.88362815,0.31519852,0.3014968156329668,100
1,[],22,[],2019-05-31 08:05:07,150000.0,0.00000002,0.0000000000016561119999999998,7716253,2019-05-31 08:05:07,BTC,24.83526409,0.0,0.00000002,BTC,11187.719,0.0,0.0017,101
1,[],4,[],2019-05-31 08:05:08,550531.98430759,0.00000172,0.000000000142425632,7716254,2019-05-31 08:05:08,btc,362.8022215902083,0.0,0.00000172,btc,542068.50183675,0.10262282,0.1883333054221511,103
1,[],12,[],2019-05-31 08:05:11,145128005.0,0.000000004,0.0000000000003312224,7716255,2019-05-31 08:05:11,btc,2404.281072652278,0.0,0.000000004,btc,68137397.44954333,0.061646285808,0.17192990600000002,105
1,[],27,[],2019-05-31 08:05:24,235623.0,0.00000001,0.0000000000008280559999999999,7716256,2019-05-31 08:05:24,btc,0.28517324,936156.60347933,0.00000001,btc,359825.0,0.03744626,0.00235623,105
1,[],22,[],2019-04-21 00:17:26,21333.0,0.00000001,0.000000000000532493,7385819,2019-04-21 00:17:26,BTC,51.38182867,0.0,0.00000001,BTC,470435.0,0.0,0.00021333,107
1,[],26,[],2019-04-21 00:17:26,0.0,0.00000000,0,7385820,2019-04-21 00:17:26,btc,0.0,0.0,0.00000000,btc,0.0,0.0,0.0,107
1,[],5,[],2019-05-31 08:05:26,0.0,0,0,7716257,2019-05-31 08:05:26,btc,0.0,0.0,0,btc,0.0,0.0,0.0,112
0,[],22,[],2019-05-31 08:05:30,0.0,0,0,7716258,2019-05-31 08:05:30,,6.79500102,0.0,0,,3375892.0833333335,0.0,0.0,112
1,[],27,[],2019-05-31 08:05:39,1.0,0.00000001,0.0000000000008280559999999999,7716259,2019-05-31 08:05:39,btc,1.15032588,0.0,0.00000001,"btc,eth",1818.0,0.0,1e-08,112
1,[],4,[],2019-05-31 08:05:41,269771.75055239,0.00000086,0.000000000071212816,7716260,2019-05-31 08:05:41,btc,5.5862974961646765,0.0,0.00000086,btc,637775.1636337,0.05307071,0.1659339698535063,113
1,[],5,[],2019-05-31 08:05:42,0.0,0,0,7716261,2019-05-31 08:05:42,btc,0.0,0.0,0,btc,0.0,0.0,0.0,113
1,[],17,[],2019-04-26 02:17:47,162738.278,0.00000004,0.0000000000021069000000000002,7461287,2019-04-26 02:17:47,btc,1.3331140273775473,0.0,0.00000004,btc,51796.221,0.0,0.00230953112,116
1,[],27,[],2019-05-22 05:13:01,210000.0,0.00000001,0.00000000000079145,7666372,2019-05-22 05:13:01,btc,3919.0005001478,0.0,0.00000001,btc,128660.871,0.0,0.0021,116
1,[],4,[],2019-05-21 22:31:11,138169.03963019,0.00000701,0.000000000558364025,7664793,2019-05-21 22:31:11,btc,150.95388250938234,0.0,0.00000701,btc,344631.17141974,0.07552974,0.4288357684941946,120
1,[],7,[],2019-05-21 22:31:12,3901.07750076,0.000010679999999999999389654892212320191902108490467071533203125,0.0000000008506887,7664794,2019-05-21 22:31:12,btc,231188.94669936574,0.0,0.000010679999999999999389654892212320191902108490467071533203125,btc,4133.83151364,0.0,0.0113888422364489,120
1,[],20,[],2019-04-07 18:42:29,1914137.0852,0.000000035,0.0000000000017871910000000002,7211992,2019-04-07 18:42:29,btc,32.2497668025648,25528.85,0.000000035,btc,1001975.4986,0.00089350975,0.0152723574729,125
1,[],22,[],2019-05-31 08:05:45,10000.0,0.00000001,0.0000000000008280559999999999,7716262,2019-05-31 08:05:45,BTC,0.032061,0.0,0.00000001,BTC,299316.7611111111,0.0,0.0001,126
1,[],4,[],2019-05-31 08:05:47,392413.54123305,0.00000775,0.0000000006417433999999999,7716263,2019-05-31 08:05:47,btc,5.003644322833791,0.0,0.00000775,btc,163505.42620591,0.71149978,1.2485048957092721,131
0,[],2,[],2019-01-20 23:25:46,0.0,0,0,6476969,2019-01-20 23:25:46,,0.0,0.0,0,,0.0,0.0,0.0,131
1,[],17,[],2019-05-03 01:13:10,10000.0,0.00000001,0.000000000000548003,7559115,2019-05-03 01:13:10,btc,0.0953976503951408,0.0,0.00000001,btc,5037.62507334,0.0,0.0001,131
1,[],4,[],2019-05-31 08:07:48,4871.739283,0.00007920,0.00000000655820352,7716264,2019-05-31 08:07:48,btc,5.031375218062135,0.0,0.00007920,btc,202.13055914,0.0,0.0066619410097771,135
1,[],3,[],2019-05-31 08:07:49,596452.22392675,0.00000001,0.000000000000828056,7716265,2019-05-31 08:07:49,btc,0.2228465753150825,1605354.79937,0.00000001,btc,1910497.43168451,0.0,0.005964522239267501,136
1,[],4,[],2019-05-31 08:07:50,1976860.62144404,0.00000183,0.000000000151534248,7716266,2019-05-31 08:07:50,btc,108.94035755387767,0.0,0.00000183,btc,523243.46288393,0.04156849,0.3344525414650355,137
1,[],12,[],2019-05-31 08:07:51,88912.46253232,0.000001830000000000000054831898570195658493275914224795997142791748046875,0.000000000151534248,7716267,2019-05-31 08:07:51,btc,57.841376209324,0.0,0.000001830000000000000054831898570195658493275914224795997142791748046875,btc,50552.24707866,0.002063954653,0.0189953799999091,137
1,[],4,[],2019-05-31 08:07:52,104264.62227454,0.00001901,0.0000000015741344559999999,7716268,2019-05-31 08:07:52,btc,8.48054049091246,0.0,0.00001901,btc,114251.34300742,0.8601661,0.9431839781255443,142
1,[],5,[],2019-05-31 08:07:53,0.0,0,0,7716269,2019-05-31 08:07:53,btc,0.0,0.0380407,0,btc,0.0,0.0,0.0,142
1,[],20,[],2019-05-31 08:09:55,209049.3007,0.000015,0.000000001242084,7716270,2019-05-31 08:09:55,btc,1.6084952226123,0.0,0.000015,btc,9872.8163,0.0,0.0187495657749,142
1,[],22,[],2019-05-31 08:09:58,11028.645,0.00001000,0.000000000828056,7716271,2019-05-31 08:09:58,BTC,3.2754788,0.0,0.00001000,BTC,1133.9993657797618,0.0,0.00745365,142
0.0,[],25,[],2019-05-31 08:10:00,0.0,0,0,7716272,2019-05-31 08:10:00,,0.0,0.0,0.0,btc,0.0,0.0,0.0,142
0,[],28,[],2019-05-31 08:10:02,0.0,0,0,7716273,2019-05-31 08:10:02,,0.0,0.0,0,,0.0,0.0,0.0,142
1,[],17,[],2019-05-03 01:13:16,32967.38636364,0.00000088,0.000000000048224264,7559122,2019-05-03 01:13:16,btc,20.06976206696776,0.0,0.00000088,btc,2746.079105,0.0,0.0105613000000032,142
0,[],22,[],2019-05-31 08:10:06,0.0,0,0,7716274,2019-05-31 08:10:06,,64.98618676,0.0,0,,787024755.3,0.0,0.0,143
0,[],22,[],2019-02-25 15:42:22,0.0,0,0,6783783,2019-02-25 15:42:22,,4.2131946,0.0,0,,2322156.0,0.0,0.0,146
,[],22,[],2018-11-20 23:01:11,0.0,0,0,4862114,2018-11-20 23:01:11,,2.56807021,0.0,,,61828.4988236,0.0,0.0,147
1,[],12,[],2019-04-21 06:38:04,193091.5971266,0.00000071,0.000000000037635183,7388679,2019-04-21 06:38:04,btc,2.301232411611175,0.0,0.00000071,btc,9957.48302385,0.00023528,0.0313308199999888,148
1,[],4,[],2019-03-19 21:31:25,255810.0415942,0.00000029,0.000000000011615747,6982695,2019-03-19 21:31:25,btc,218.94922712414143,0.0,0.00000029,btc,793529.37642722,0.00117,0.0608347789473395,152
0,[],22,[],2019-03-19 21:31:27,0.0,0,0,6982696,2019-03-19 21:31:27,,0.0,0.0,0,,0.0,0.0,0.0,152
1,[],5,[],2019-04-26 09:36:59,0.0,0,0,7465040,2019-04-26 09:36:59,btc,0.0,0.0,0,btc,0.0,0.0,0.0,153
,[],16,[],2019-01-11 15:38:59,0.0,0,0,6366141,2019-01-11 15:38:59,btc,0.0,0.0,,btc,0.0,0.0,0.0,155
0,[],23,[],2019-01-20 23:24:29,0.0,0,0,6476932,2019-01-20 23:24:29,,0.0,0.0,0,,0.0,0.0,0.0,156
0,[],22,[],2019-05-31 08:10:11,0.0,0,0,7716275,2019-05-31 08:10:11,,7.44455324,0.0,0,,5955762.942592593,0.0,0.0,156
1,[],22,[],2019-05-31 08:10:14,6996.0,0.00000001,0.0000000000008280559999999999,7716276,2019-05-31 08:10:14,BTC,1.7543039,0.0,0.00000001,BTC,57.0,0.0,6.996e-05,157
0,[],22,[],2019-05-21 23:40:32,0.0,0,0,7665049,2019-05-21 23:40:32,,50234.60468402,0.0,0,,54786159.03179465,0.0,0.0,158
,[],17,[],2018-11-20 22:56:10,0.0,0,0,4861976,2018-11-20 22:56:10,btc,1.1265625,0.0,,btc,1000.0,0.0,0.0,159
,[],20,[],2018-11-20 22:56:12,0.0,0,0,4861977,2018-11-20 22:56:12,btc,11912.7940471,0.0,,btc,34413894.3617,0.0,0.0,159
1,[],12,[],2019-05-24 02:51:20,9178.522006449999,0.00000191999999999999982841307998027158276954651228152215480804443359375,0.000000000151222656,7676256,2019-05-24 02:51:20,btc,149.80414728631675,0.0,0.00000191999999999999982841307998027158276954651228152215480804443359375,btc,1115.7451448499999,0.01783167678326,0.0120075778999181,168
1,[],17,[],2019-05-03 01:13:36,42852.0,0.00000002,0.000000000001096006,7559132,2019-05-03 01:13:36,btc,0.04279856251542,0.0,0.00000002,btc,274.46171372,0.0,0.00052852,168
1,[],22,[],2019-05-17 03:01:52,10.0,0.00000001,0.000000000000778341,7642059,2019-05-17 03:01:52,BTC,41.95893009,0.0,0.00000001,BTC,1753972.7737547632,0.0,1e-07,169
1,[],22,[],2019-05-30 08:38:18,202834.0,0.00000002,0.0000000000017416160000000001,7711049,2019-05-30 08:38:18,BTC,27.87002826,0.0,0.00000002,BTC,462189.5410507793,0.0,0.00211768,171
1,[],22,[],2019-05-29 08:05:18,349870.0,0.00000002,0.000000000001705894,7705265,2019-05-29 08:05:18,BTC,24.05907723,0.0,0.00000002,"BTC,LTC",1224285.4355616204,0.0,0.0039847,173
1,[],5,[],2019-05-31 08:10:15,0.0,0,0,7716277,2019-05-31 08:10:15,btc,0.0,0.10227055,0,btc,0.0,0.0,0.0,175
1,[],22,[],2019-05-31 08:10:18,90671.0,0.00000001,0.0000000000008280559999999999,7716278,2019-05-31 08:10:18,BTC,394.35459412,0.0,0.00000001,BTC,136275.61833431243,0.0,0.00090671,176
1,[],7,[],2019-05-31 08:10:21,0.0,0,0,7716279,2019-05-31 08:10:21,btc,522274.28179111425,435055.944056,0,btc,21963581.40912013,0.00435056,0.0,178
0,[],22,[],2019-05-31 08:10:24,0.0,0,0,7716280,2019-05-31 08:10:24,,1.00242428,0.0,0,,57512.0,0.0,0.0,178
0,[],2,[],2019-01-20 23:28:34,0.0,0,0,6477001,2019-01-20 23:28:34,,0.0,0.0,0,,0.0,0.0,0.0,178
0,[],23,[],2019-01-20 23:25:08,0.0,0,0,6476952,2019-01-20 23:25:08,,0.0,0.0,0,,0.0,0.0,0.0,179
1,[],5,[],2019-05-31 08:10:25,0.0,0,0,7716281,2019-05-31 08:10:25,btc,0.0,0.22459612,0,btc,0.0,0.0,0.0,179
0,[],22,[],2019-05-31 08:10:27,0.0,0,0,7716282,2019-05-31 08:10:27,,5.31522813,0.0,0,,13498409.311946675,0.0,0.0,179
1,[],22,[],2019-05-31 07:19:56,680138.1315646544,0.00000105,0.000000000087110415,7716128,2019-05-31 07:19:56,BTC,39.17064325,0.0,0.00000105,"BTC,LTC",131176.64422151132,0.10903883,0.57915025,180
1,[],26,[],2019-05-31 07:19:56,0.0,0.00000010,0.00000000000829623,7716129,2019-05-31 07:19:56,btc,0.0,0.0,0.00000010,btc,0.0,0.0,0.0,180
1,[],17,[],2019-05-03 01:13:56,20504.725000000002,0.0000001,0.00000000000548003,7559141,2019-05-03 01:13:56,btc,5.2010695838400265,0.0,0.0000001,btc,5033.45945,0.0,0.0011504725,180
,[],7,[],2018-11-20 22:58:01,562227.975654,0.00000085,0.000000000036176765,4862015,2018-11-20 22:58:01,btc,21836.6059674,2491.87645172,,btc,749999.041456,0.00211021,0.127565380455,183
,[],5,[],2019-01-10 08:11:41,0.0,0,0,6347036,2019-01-10 08:11:41,btc,82.15055501,0.00261,,btc,1.19002445,0.0,0.0,187
,[],17,[],2018-11-16 20:58:10,4062536.27273,0.00000001,0.000000000000550501,4708775,2018-11-16 20:58:10,btc,3.36492563466,0.195460381006,,"btc,eth",110697919.549,0.0,0.0157628953496,187
1,[],24,[],2019-05-22 21:04:52,0.0,0.000000000014,0.0000000000000010960978,7670219,2019-05-22 21:04:52,btc,0.0,0.0,0.000000000014,btc,0.0,0.0,0.0,187
0,[],22,[],2019-04-25 02:54:07,0.0,0,0,7447896,2019-04-25 02:54:07,,7.54794454,0.0,0,,76361.7243344055,0.0,0.0,191
0,[],22,[],2019-05-31 07:20:03,0.0,0,0,7716130,2019-05-31 07:20:03,,0.0,0.0,0,,0.0,0.0,0.0,197
0,[],23,[],2019-01-20 23:31:41,0.0,0,0,6477079,2019-01-20 23:31:41,,0.0,0.0,0,,0.0,0.0,0.0,199
0,[],22,[],2019-05-31 07:20:07,0.0,0,0,7716131,2019-05-31 07:20:07,,10.93271999,0.0,0,,99750037.0,0.0,0.0,199
1,[],26,[],2019-05-31 07:20:07,0.0,0.00000000,0,7716132,2019-05-31 07:20:07,btc,0.0,0.0,0.00000000,btc,0.0,0.0,0.0,199
0,[],2,[],2019-01-20 23:30:49,0.0,0,0,6477059,2019-01-20 23:30:49,,0.0,0.0,0,,0.0,0.0,0.0,201
1,[],4,[],2019-01-25 15:51:35,2084389.58565343,0.00000936,0.000000000333526752,6499557,2019-01-25 15:51:35,btc,2.0092503037378524,0.0,0.00000936,btc,160195.80207885,0.19272417,1.242687955921835,211
1,[],7,[],2019-05-31 07:20:10,1195374131.6120389,0.00000069,0.000000000057243986999999995,7716133,2019-05-31 07:20:10,btc,15201838.114629816,550233.90349,0.00000069,btc,8417834.84608653,0.0,13.53628577426412,212
1,[],12,[],2019-01-25 02:44:32,207462.42853209,0.000001080000000000000035831255497387193287295303889550268650054931640625,0.000000000038610756000000006,6493050,2019-01-25 02:44:32,btc,85023.03793723314,0.0,0.000001080000000000000035831255497387193287295303889550268650054931640625,btc,43675.73520027,0.000146250909087,0.0348620860622024,213
1,[],5,[],2019-05-30 00:07:46,0.0,0,0,7709357,2019-05-30 00:07:46,btc,0.0,0.06425239,0,btc,0.0,0.0,0.0,213
1,[],24,[],2019-05-30 00:07:46,0.0,0.000000399202,0.0000000000344859829346,7709358,2019-05-30 00:07:46,btc,0.0,0.0,0.000000399202,btc,0.0,0.0,0.0,213
1,[],26,[],2019-05-30 00:07:47,0.0,0.00000040,0.000000000034554919999999996,7709359,2019-05-30 00:07:47,btc,0.0,0.0,0.00000040,btc,0.0,0.0,0.0,213
0,[],22,[],2019-05-31 07:20:13,0.0,0,0,7716134,2019-05-31 07:20:13,,9.61445386,0.0,0,,3661587.094064925,0.0,0.0,216
1,[],27,[],2019-05-31 07:20:22,196550.0,0.00000001,0.000000000000829623,7716135,2019-05-31 07:20:22,btc,75.60743967917752,0.0,0.00000001,"btc,ltc",384835.407688,0.0,0.0019655,216
1,[],22,[],2019-05-31 07:20:26,718959.0714285715,0.00000027,0.000000000022399820999999998,7716136,2019-05-31 07:20:26,BTC,12056.48903718,0.0,0.00000027,BTC,531780.7643343819,0.0,0.0536533,217
1,[],7,[],2019-05-31 07:20:26,0.0,0,0,7716137,2019-05-31 07:20:26,btc,1234864.1040716618,0.0,0,btc,164001712.13147992,0.0,0.0,219
0,[],27,[],2019-05-31 07:20:33,0.0,0,0,7716138,2019-05-31 07:20:33,,250.3898310567132,486923.0,0,btc,15357876.74381025,0.00486923,0.0,219
0,[],28,[],2019-05-31 07:22:04,0.0,0,0,7716139,2019-05-31 07:22:04,,0.0,916985.763,0,,0.0,0.0,0.0,219
1,[],22,[],2019-05-23 16:41:05,172069.0,0.00000004,0.0000000000031167080000000004,7674065,2019-05-23 16:41:05,BTC,56.76466137,0.0,0.00000004,BTC,127061.6482738741,0.0,0.00393676,221
1,[],24,[],2019-05-23 16:41:05,0.0,0.000000010000,0.0000000000007791770000000001,7674066,2019-05-23 16:41:05,btc,0.0,0.0,0.000000010000,btc,0.0,0.0,0.0,221
1,[],20,[],2019-05-31 07:22:06,3873651.0,0.000000001,0.0000000000000829623,7716140,2019-05-31 07:22:06,btc,100053.66203800458,2071295.225,0.000000001,btc,47932112.8844,0.00414259045,0.003873651,224
0,[],22,[],2019-05-31 07:22:09,0.0,0,0,7716141,2019-05-31 07:22:09,,0.0,0.0,0,,0.0,0.0,0.0,224
1,[],26,[],2019-05-31 07:22:09,0.0,0.00000025,0.000000000020740575,7716142,2019-05-31 07:22:09,btc,0.0,0.0,0.00000025,btc,0.0,0.0,0.0,231
1,[],26,[],2019-05-31 07:22:09,0.0,0.00000006,0.000000000004977738,7716143,2019-05-31 07:22:09,btc,0.0,0.0,0.00000006,btc,0.0,0.0,0.0,234
0.0000000003074422,[],27,[],2019-05-31 07:22:18,100.0,3.074422e-18,2.550611202906e-22,7716144,2019-05-31 07:22:18,eth,0.01134836604,0.0,0.00000001,"btc,eth",11462.996,0.0,3.074422e-16,234
1,[],4,[],2019-05-22 17:06:12,91780.56053785,0.00000078,0.000000000061977552,7669277,2019-05-22 17:06:12,btc,5.573372450018177,0.0,0.00000078,btc,729173.93529783,0.0,0.0307060663355679,236
1,[],24,[],2019-05-22 17:06:12,0.0,0.000000010000,0.000000000000794584,7669278,2019-05-22 17:06:12,btc,0.0,0.0,0.000000010000,btc,0.0,0.0,0.0,236
1,[],5,[],2019-05-31 07:22:25,0.0,0,0,7716145,2019-05-31 07:22:25,btc,0.0,0.04096924,0,btc,0.0,0.0,0.0,237
1,[],20,[],2019-05-31 07:22:27,119536466.5421,0.000000042,0.0000000000034844166,7716146,2019-05-31 07:22:27,btc,58795.754664250875,4733542.318,0.000000042,btc,43388155.5424,0.2017536915594,0.4521956305704,237
1,[],22,[],2019-05-31 07:22:30,288100.0,0.00000003,0.000000000002488869,7716147,2019-05-31 07:22:30,BTC,1.20267422,0.0,0.00000003,"BTC,LTC",17930.94871794872,0.0,0.007541,237
1,[],4,[],2019-05-31 07:22:33,27173712.84142465,0.00000012,0.000000000009955476,7716148,2019-05-31 07:22:33,btc,2.840582577190937,0.0,0.00000012,btc,8846720.83753854,0.12700733,0.5910074821311238,238
1,[],5,[],2019-05-31 07:22:42,0.0,0,0,7716149,2019-05-31 07:22:42,btc,0.0,0.00926275,0,btc,0.0,0.0,0.0,238
0,[],22,[],2019-03-12 16:49:32,0.0,0,0,6914458,2019-03-12 16:49:32,,0.40415746,0.0,0,,526736.5639027493,0.0,0.0,249
0,[],22,[],2019-05-28 23:53:45,0.0,0,0,7703643,2019-05-28 23:53:45,,13.44714864,0.0,0,,43777534.3426455,0.0,0.0,252
0,[],28,[],2019-05-31 07:23:18,0.0,0,0,7716150,2019-05-31 07:23:18,,0.0,300276.239,0,,0.0,0.0,0.0,256
1,[],22,[],2019-05-31 07:23:22,1038461.0,0.00000001,0.000000000000829623,7716151,2019-05-31 07:23:22,BTC,31464.5506333,0.0,0.00000001,BTC,584951.6675322719,7.82e-06,0.01038461,258
1,[],22,[],2019-05-19 18:12:02,400.0,0.00000001,0.0000000000007957800000000001,7653905,2019-05-19 18:12:02,BTC,2.415167,0.0,0.00000001,BTC,157.0,0.0,4e-06,259
1,[],5,[],2019-05-31 07:23:34,0.0,0,0,7716152,2019-05-31 07:23:34,btc,0.0,0.06349423,0,btc,0.0,0.0,0.0,264
1,[],20,[],2019-05-31 07:23:36,971704.4137,0.000000187,0.0000000000155139501,7716153,2019-05-31 07:23:36,btc,0.9760772698369,91059.6281,0.000000187,btc,51736.5911,0.051417380537,0.0107212773701,264
0,[],22,[],2019-04-12 17:57:27,0.0,0,0,7278186,2019-04-12 17:57:27,,66.37522201,0.0,0,,677842.4169881374,0.0,0.0,271
0,[],22,[],2019-05-29 08:10:20,0.0,0,0,7705301,2019-05-29 08:10:20,,33050470.74998113,0.0,0,,14361377780.7,0.0,0.0,272
0,[],28,[],2019-05-29 08:10:54,0.0,0,0,7705302,2019-05-29 08:10:54,,0.0,22189957216.5758,0,,0.0,0.0,0.0,272
1,[],22,[],2019-05-23 07:12:29,219930.0,0.00000004,0.000000000003048688,7671985,2019-05-23 07:12:29,BTC,426.77835217,0.0,0.00000004,BTC,248664.3325962929,0.0,0.00739728,281
1,[],22,[],2019-05-31 08:13:59,384799.68333333335,0.00000004,0.0000000000033122239999999997,7716308,2019-05-31 08:13:59,BTC,31.67267738,0.0,0.00000004,"BTC,LTC",1505465.8569583753,0.00102282,0.01613556,286
0,[],22,[],2019-05-31 08:14:02,0.0,0,0,7716309,2019-05-31 08:14:02,,7337904.96568486,0.0,0,,2004620112.6797826,0.0,0.0,294
