pairValue,buyBook,exchangeId,sellBook,updated,buyTotal,satoshiPrice,usdPrice,exchangeLogId,created,bestPair,sellTotalBtc,volume,pairPrice,activePairs,sellTotal,volumeBtc,buyTotalBtc,coinId
1,[],3,[],2019-02-03 02:12:03,118.411013365021,0.012345609999999999917275061989130335859954357147216796875,0.000000431025985613,6568556,2019-02-03 02:12:03,btc,106.9622545520586,19.6217624066,0.012345609999999999917275061989130335859954357147216796875,btc,13.756554687064002,0.0,0.059648606521381466,1
1,[],4,[],2019-02-03 02:12:03,25062.23346919,0.01223755,0.000000427253254415,6568557,2019-02-03 02:12:03,btc,0.9263337437788244,0.0,0.01223755,btc,70.66707856,0.36863829,0.9476382845272511,1
1,[],5,[],2019-02-03 02:12:05,0.16091079,0.01220000,0.00000042594226,6568558,2019-02-03 02:12:05,btc,14578.46416583,0.43521576,0.01220000,btc,35555556.31502438,0.0,1.1485333,1
1,[],10,[],2019-02-03 02:12:08,272769.9796448,0.01200266,0.000000419052469378,6568559,2019-02-03 02:12:08,btc,6538.363607676079,799.16125393,0.01200266,btc,1084.44587684,0.0,4.973921087855006,1
1,[],12,[],2019-02-03 02:12:16,10425.12039494,0.0122500000000000004718447854656915296800434589385986328125,0.00000042768792500000003,6568560,2019-02-03 02:12:16,btc,0.3540280617264,0.0,0.0122500000000000004718447854656915296800434589385986328125,btc,22.50689651,0.0336191600728,0.2105841559731,1
1,[],20,[],2019-02-03 02:12:18,1350.353,0.010520006,0.0000003672881254798,6568561,2019-02-03 02:12:18,btc,0.0571839404203,0.06,0.010520006,btc,2.5234,0.00075174,0.1066875078835,1
1,[],21,[],2019-02-03 02:12:19,1850.11542338,0.01225689999999999939273020999,0.00000042792882677,6568562,2019-02-03 02:12:19,btc,19.789051198515192,11171.85972483,0.01225689999999999939273020999053187551908195018768310546875,"btc,eth",2504.17993389,129.33594783297474,15.4342753809818,1
0,[],2,[],2019-01-20 23:28:45,0.0,0,0,6477011,2019-01-20 23:28:45,,0.0,0.0,0,,0.0,0.0,0.0,1
1,[],22,[],2019-02-03 01:27:11,0.0263776,0.01350000,0.00000047062485000000003,6568439,2019-02-03 01:27:11,BTC,0.31397231,0.0,0.01350000,BTC,0.10124366666666666,0.0,0.00034472,1
1,[],24,[],2019-02-03 01:27:12,0.0,0.000000000000,0,6568440,2019-02-03 01:27:12,btc,0.0,0.0,0.000000000000,btc,0.0,0.0,0.0,1
0.0,[],25,[],2019-02-03 01:27:13,0.0,0,0,6568441,2019-02-03 01:27:13,btc,14.103399998207852,1366.91285761,0.0,btc,1082.57280699,16.9195,0.0,1
1,[],26,[],2019-02-03 01:28:34,0.0,0,0,6568442,2019-02-03 01:28:34,,0.0,0.0,0,,0.0,0.0,0.0,1
1,[],28,[],2019-02-03 01:28:36,987.9,0.01131000,0.000000394279041,6568443,2019-02-03 01:28:36,btc,0.162839806,17413.25,0.01131000,btc,8.9,0.0,0.024551096,1
1,[],5,[],2019-02-03 01:28:37,1.923e-05,0.00000068,0.000000000023705548,6568444,2019-02-03 01:28:37,btc,0.1458597,0.00130154,0.00000068,btc,7.012e-05,0.0,0.493435,2
1,[],22,[],2019-02-03 01:28:45,1648.0,0.0000004,0.000000000013944440000000002,6568445,2019-02-03 01:28:45,BTC,0.0231601,0.0,0.0000004,"BTC,XMR",14562.72385,0.0,0.00107635,2
0,[],28,[],2019-02-03 01:28:48,0.0,0,0,6568448,2019-02-03 01:28:48,,0.0,0.0,0,,0.0,0.0,0.0,3
1,[],5,[],2019-02-03 01:28:46,1.25e-06,0.00000016,0.000000000005577776000000001,6568446,2019-02-03 01:28:46,btc,3.86625425,0.00528375,0.00000016,btc,2.204e-05,0.0,2.94730787,3
1,[],12,[],2019-02-03 01:28:47,12523427.43434546,0.000000167,0.000000000005821803700000001,6568447,2019-02-03 01:28:47,btc,921349.4205527345,0.0,0.000000167,btc,8317511.72024466,0.04107257941900604,0.5521968980730808,3
1,[],4,[],2019-02-03 01:28:49,401564.60578518,0.00000038,0.000000000013247218000000001,6568449,2019-02-03 01:28:49,btc,0.4149286201622089,0.0,0.00000038,btc,358431.44062077,0.02396381,0.0483114436929376,4
0,[],2,[],2019-01-20 23:31:32,0.0,0,0,6477077,2019-01-20 23:31:32,,0.0,0.0,0,,0.0,0.0,0.0,4
1,[],12,[],2019-02-03 01:28:51,1632104.85533333,0.00000006,0.000000000002091666,6568450,2019-02-03 01:28:51,btc,11014980.038330879,0.0,0.00000006,btc,847927.05698658,0.0054496025738804,0.0332156604399998,5
1,[],11,[],2019-02-03 01:28:52,7655951.5,0.00000002,0.0000000000006972220000000001,6568451,2019-02-03 01:28:52,btc,9433.367051181365,597000.0,0.00000002,btc,41191552.76067939,0.0,0.116679515,6
0,[],2,[],2019-01-20 23:31:51,0.0,0,0,6477087,2019-01-20 23:31:51,,0.0,0.0,0,,0.0,0.0,0.0,6
1,[],3,[],2019-02-03 01:28:53,1069.652384675756,0.000150559999999999995050348200464895853656344115734100341796875,0.000000005248687216,6568452,2019-02-03 01:28:53,btc,28.510202753279106,0.0,0.000150559999999999995050348200464895853656344115734100341796875,btc,234.145665820227,0.0,0.030997767816609203,7
1,[],4,[],2019-02-03 01:28:54,26361.28111837,0.00018201,0.000000006345068811,6568453,2019-02-03 01:28:54,btc,2.743822379843185,0.0,0.00018201,btc,13656.73382161,1.73100181,4.190437796625723,7
1,[],5,[],2019-02-03 01:28:55,0.00546326,0.00017215,0.000000006001338365,6568454,2019-02-03 01:28:55,btc,1.25588784,0.20857971,0.00017215,btc,0.01117227,0.0,1.58777195,7
1,[],20,[],2019-02-03 01:28:57,65771509.91,0.000000001,0.0000000000000348611,6568455,2019-02-03 01:28:57,btc,136.3892062542774,0.0,0.000000001,btc,29825029.7669,0.0,0.06577150991,8
1,[],1,[],2019-02-03 01:28:58,2918964.86,0.00000199000000000000000523994909962244292955801938660442829132080078125,0.000000000069373589,6568456,2019-02-03 01:28:58,btc,8.619290636,27730957.57,0.00000199000000000000000523994909962244292955801938660442829132080078125,btc,4247557.82,55.82406666,5.7233641605,9
1,[],4,[],2019-02-03 01:28:59,323109.3016918,0.00000200,0.00000000006972220000000001,6568457,2019-02-03 01:28:59,btc,0.698908911298418,0.0,0.00000200,btc,331751.92822431,2.18102505,0.5918214112673539,9
1,[],28,[],2019-02-03 01:29:00,34500.0,0.00000165,0.000000000057520815000000004,6568458,2019-02-03 01:29:00,btc,2708.761131996,3618744.0,0.00000165,btc,10874.28,0.0,0.02854,9
0,[],2,[],2019-01-20 23:22:42,0.0,0,0,6476876,2019-01-20 23:22:42,,0.0,0.0,0,,0.0,0.0,0.0,9
0,[],23,[],2019-01-20 23:22:48,0.0,0,0,6476878,2019-01-20 23:22:48,,0.0,0.0,0,,0.0,0.0,0.0,9
1,[],4,[],2019-02-03 01:29:02,7404102.37826053,0.00000002,0.0000000000006972220000000001,6568459,2019-02-03 01:29:02,btc,0.2035971882340986,0.0,0.00000002,btc,4100158.16841361,0.00222668,0.0799114518652106,10
1,[],4,[],2019-02-03 01:29:03,3370312.88815618,0.00000140,0.00000000004880554,6568460,2019-02-03 01:29:03,btc,0.7985687007598223,0.0,0.00000140,btc,547685.69867144,2.15849259,2.6130388666397306,12
1,[],5,[],2019-02-03 01:29:04,1.702e-05,0.00000135,0.000000000047062485000000003,6568461,2019-02-03 01:29:04,btc,0.65953472,0.78069682,0.00000135,btc,0.00011683,0.0,0.45700184,12
0.0,[],25,[],2019-02-03 01:29:06,0.0,0,0,6568462,2019-02-03 01:29:06,,0.0,0.0,0.0,btc,0.0,0.0,0.0,12
0,[],2,[],2019-01-20 23:23:08,0.0,0,0,6476890,2019-01-20 23:23:08,,0.0,0.0,0,,0.0,0.0,0.0,12
1,[],4,[],2019-02-03 01:29:06,335353.9428404,0.00000621,0.00000000021648743100000002,6568463,2019-02-03 01:29:06,btc,0.4521898353166403,0.0,0.00000621,btc,66405.33572508,0.5696384,1.4960184109075163,13
1,[],10,[],2019-02-03 01:29:09,610414.79514779,0.00000618,0.000000000215441598,6568464,2019-02-03 01:29:09,btc,666809.6479077085,4682.45443738,0.00000618,btc,737847.28414454,0.0,0.7941843133700582,13
1,[],21,[],2019-02-03 01:29:10,968591.7043395101,0.000006170000000000000218427706478,0.00000000021509298700000003,6568465,2019-02-03 01:29:10,btc,5.233573495083316,399817.11451379,0.00000617000000000000021842770647761966529287747107446193695068359375,btc,766034.1315938199,2.46954762,4.7141756048964485,13
1,[],4,[],2019-02-03 01:29:10,1139265.33246436,0.00000166,0.000000000057869426,6568466,2019-02-03 01:29:10,btc,0.1251674317533146,0.0,0.00000166,btc,57632.82682692,0.1355312,0.4348273488956295,14
1,[],12,[],2019-02-03 01:29:11,87466.51127746,0.000001439999999999999977188928391991229460700196796096861362457275390625,0.000000000050199984,6568467,2019-02-03 01:29:11,btc,1.784998347719179,0.0,0.000001439999999999999977188928391991229460700196796096861362457275390625,btc,37450.01291797,1.8283544823e-06,0.0115105000000072,14
0,[],17,[],2019-02-03 01:29:13,0.0,0,0,6568468,2019-02-03 01:29:13,btc,0.0,0.0,0,btc,0.0,0.0,0.0,14
1,[],26,[],2019-02-03 01:29:13,0.0,0,0,6568469,2019-02-03 01:29:13,,0.0,0.0,0,,0.0,0.0,0.0,14
0,[],4,[],2019-02-03 01:29:14,0.0,0,0,6568470,2019-02-03 01:29:14,,0.0,0.0,0,,0.0,0.0,0.0,15
,[],12,[],2018-12-01 15:15:48,204241.84496,0.00000489,0.000000000202473384,5260204,2018-12-01 15:15:48,btc,49.5475654835,0.0,,btc,35763.2193806,0.0163153972027625,0.0203389899998,15
1,[],4,[],2019-02-03 01:29:15,23814.61266101,0.00001812,0.000000000631683132,6568471,2019-02-03 01:29:15,btc,1.2301097837419277,0.0,0.00001812,btc,7553.95702038,0.03292575,0.0596679554332716,18
1,[],10,[],2019-02-03 01:29:17,402316.99635204,0.00001848,0.0000000006442331280000001,6568472,2019-02-03 01:29:17,btc,15.55651530741615,14506.5114782,0.00001848,btc,10891.17826474,0.0,0.3864147780767249,18
1,[],12,[],2019-02-03 01:29:18,200868.88150558,0.000017719999999999999748707957269999724303488619625568389892578125,0.000000000617738692,6568473,2019-02-03 01:29:18,btc,0.1835915026040905,0.0,0.000017719999999999999748707957269999724303488619625568389892578125,btc,1599.72865824,0.0,0.018950414722858598,18
0,[],17,[],2019-02-03 01:29:20,0.0,0,0,6568474,2019-02-03 01:29:20,btc,0.0,0.0,0,btc,0.0,0.0,0.0,18
0,[],2,[],2019-01-20 23:23:38,0.0,0,0,6476906,2019-01-20 23:23:38,,0.0,0.0,0,,0.0,0.0,0.0,18
1,[],3,[],2019-02-03 01:29:21,108529.71520384692,0.0000260299999999999998067691520109434577534557320177555084228515625,0.0000000009074344330000001,6568475,2019-02-03 01:29:21,btc,0.4507985177398463,0.0,0.0000260299999999999998067691520109434577534557320177555084228515625,btc,5170.719121372528,0.0,0.09825596493175827,19
1,[],4,[],2019-02-03 01:29:21,62869.34318471,0.00002967,0.000000001034328837,6568476,2019-02-03 01:29:21,btc,0.4262963756702188,0.0,0.00002967,btc,12290.42010971,0.37674547,1.1145846513122653,19
1,[],5,[],2019-02-03 01:29:23,0.00043857,0.00003156,0.0000000011002163160000001,6568477,2019-02-03 01:29:23,btc,0.29165774,0.00084558,0.00003156,btc,0.00316504,0.0,0.23895483,19
1,[],12,[],2019-02-03 01:29:24,133628.65363128,0.0000250600000000000006235810479093828462282544933259487152099609375,0.0000000008736191660000001,6568478,2019-02-03 01:29:24,btc,1.9922304475553914,0.0,0.0000250600000000000006235810479093828462282544933259487152099609375,btc,469.27457877,0.0,0.0326425499998768,19
0,[],27,[],2019-02-03 01:29:28,0.0,0,0,6568479,2019-02-03 01:29:28,,0.0,0.0,0,btc,0.0,0.0,0.0,19
0,[],2,[],2019-01-20 23:24:19,0.0,0,0,6476924,2019-01-20 23:24:19,,0.0,0.0,0,,0.0,0.0,0.0,19
1,[],4,[],2019-02-03 01:29:29,9032893.40167756,0.00000014,0.000000000004880554,6568480,2019-02-03 01:29:29,btc,0.8116994368808697,0.0,0.00000014,btc,1595552.31051721,0.00029465,0.3475363817115696,20
1,[],4,[],2019-02-03 01:29:29,122627699.00622223,0.00000003,0.0000000000010458330000000001,6568481,2019-02-03 01:29:29,btc,0.7483916416912767,0.0,0.00000003,btc,16393372.56438166,0.11641421,1.4626486409542852,21
1,[],12,[],2019-02-03 01:29:30,19030494.0,0.00000002,0.0000000000006972220000000001,6568482,2019-02-03 01:29:30,btc,668.544642243258,0.0,0.00000002,btc,8531814.65434831,0.0010506102697303,0.25354996,21
0,[],17,[],2019-02-03 01:29:32,0.0,0,0,6568483,2019-02-03 01:29:32,btc,0.0,0.0,0,btc,0.0,0.0,0.0,21
1,[],12,[],2019-02-03 01:29:33,2303975647.531895,0.0000000001,0.00000000000000348611,6568484,2019-02-03 01:29:33,btc,1729404717463.789,0.0,0.0000000001,btc,5079471723.47975,0.001746019595305182,0.23039756475318954,23
0,[],27,[],2019-02-03 01:29:35,0.0,0,0,6568485,2019-02-03 01:29:35,,0.424699,0.0,0,eth,424699.0,0.0,0.0,23
1,[],4,[],2019-02-03 01:29:37,916785.91773094,0.00000082,0.000000000028586102,6568486,2019-02-03 01:29:37,btc,0.0778958880963779,0.0,0.00000082,btc,70324.81647836,0.01453193,0.4012033397542441,24
1,[],22,[],2019-02-03 01:29:40,11.76,0.00000100,0.000000000034861100000000005,6568487,2019-02-03 01:29:40,BTC,7.415e-05,0.0,0.00000100,BTC,23.919354838709676,0.0,1.176e-05,24
0.0,[],25,[],2019-02-03 01:29:41,0.0,0,0,6568488,2019-02-03 01:29:41,,0.0,0.0,0.0,btc,0.0,0.0,0.0,24
1,[],4,[],2019-02-03 01:29:42,27067008.5125163,0.00000667,0.000000000232523537,6568489,2019-02-03 01:29:42,btc,0.2819861868844031,0.0,0.00000667,btc,27300.53835338,0.11153581,0.4281918195095138,26
1,[],10,[],2019-02-03 01:29:44,725860.70874179,0.00000588,0.000000000204983268,6568490,2019-02-03 01:29:44,btc,25.97581300036903,588.04844863,0.00000588,btc,13145.16646401,0.0,0.2069460833237116,26
0,[],2,[],2019-01-20 23:25:56,0.0,0,0,6476976,2019-01-20 23:25:56,,0.0,0.0,0,,0.0,0.0,0.0,26
1,[],3,[],2019-02-03 01:29:45,9449590.70570576,0.00000002,0.0000000000006972220000000001,6568491,2019-02-03 01:29:45,btc,2.280887203521768,73095.6152639,0.00000002,btc,15506394.93222337,0.0,0.1135232337256009,27
1,[],5,[],2019-02-03 01:29:47,3e-08,0.00000002,0.0000000000006972220000000001,6568492,2019-02-03 01:29:47,btc,1.52458241,0.00283456,0.00000002,btc,4.69e-05,0.0,0.10140002,27
1,[],11,[],2019-02-03 01:29:48,10615374.41182718,0.00000005,0.000000000001743055,6568493,2019-02-03 01:29:48,btc,370.6426334117441,1000.0,0.00000005,btc,8221035.4403934,0.0,0.4936394994767663,27
1,[],4,[],2019-02-03 01:29:49,315519033.23724276,0.00000003,0.0000000000010458330000000001,6568494,2019-02-03 01:29:49,btc,4.213388021418402,0.0,0.00000003,"btc,ltc",118761404.4217534,1.26254392,4.32993657277502,29
1,[],7,[],2019-02-03 01:29:50,40877170.009307586,0.00000003,0.000000000001045833,6568495,2019-02-03 01:29:50,btc,44465206.20443952,15731.1424359,0.00000003,btc,40561959.34575318,0.00061238,0.7582741055400412,29
1,[],4,[],2019-02-03 01:29:51,1447139.92259728,0.00000029,0.000000000010109719,6568496,2019-02-03 01:29:51,btc,0.2739721710319863,0.0,0.00000029,btc,558817.07169182,0.00940102,0.0877405037561097,30
0,[],17,[],2019-02-03 01:29:53,0.0,0,0,6568497,2019-02-03 01:29:53,btc,0.0,0.0,0,btc,0.0,0.0,0.0,30
1,[],4,[],2019-02-03 01:29:54,1141141.07029544,0.00007299,0.000000002544511689,6568498,2019-02-03 01:29:54,btc,1.6215124886136318,0.0,0.00007299,btc,19285.82605699,1.25417359,2.301372986697292,31
1,[],21,[],2019-02-03 01:29:55,72188.21710687,0.00007220000000000000668545080407,0.0000000025169714200000004,6568499,2019-02-03 01:29:55,btc,0.7858707848731972,103164.0909996,0.000072200000000000006685450804067016861154115758836269378662109375,btc,10367.23033862,7.58061824,4.728367248132667,31
0,[],2,[],2019-01-20 23:28:43,0.0,0,0,6477009,2019-01-20 23:28:43,,0.0,0.0,0,,0.0,0.0,0.0,32
1,[],4,[],2019-02-03 01:29:56,135842991.77651298,0.00000005,0.0000000000017430550000000002,6568500,2019-02-03 01:29:56,btc,3.505701538012748,0.0,0.00000005,"btc,ltc",56405101.61860644,0.1671117,2.0318436914736058,33
1,[],12,[],2019-02-03 01:29:57,19061063.278,0.00000006,0.000000000002091666,6568501,2019-02-03 01:29:57,btc,17261782.270031586,0.0,0.00000006,btc,89466155.45354629,0.055289066713287,0.71606425668,33
1,[],4,[],2019-02-03 01:29:58,111241231.97515793,0.00000001,0.00000000000034861100000000004,6568502,2019-02-03 01:29:58,btc,0.7718564331524844,0.0,0.00000001,btc,25728547.77174948,0.00968393,1.1124123197515794,34
1,[],5,[],2019-02-03 01:29:59,1e-08,0.00000001,0.00000000000034861100000000004,6568503,2019-02-03 01:29:59,btc,3.91224237,0.0256637,0.00000001,btc,1.343e-05,0.0,0.72909176,34
0.0000000000985341,[],4,[],2019-02-03 01:30:00,1394224761.8817065,3.941364e-18,1.374002845404e-22,6568504,2019-02-03 01:30:00,ltc,8.187434686064833e-09,0.0,0.00000004,ltc,1619376321.0646732,0.0,2.6493477513599266e-09,36
1,[],5,[],2019-02-03 01:30:01,0.0,0,0,6568505,2019-02-03 01:30:01,btc,202.3675572,0.0,0,btc,1.295e-05,0.0,0.0,36
0,[],17,[],2019-02-03 01:30:03,0.0,0,0,6568506,2019-02-03 01:30:03,btc,0.07494043765674559,0.0,0,btc,4134847.20243647,0.0,0.0,36
0.0000000000985341,[],27,[],2019-02-03 01:30:05,1000000.0,1.970682e-18,6.87001422702e-23,6568507,2019-02-03 01:30:05,ltc,447.7307979714,0.0,0.00000002,"ltc,eth",3711879.16,0.0,1.970682e-12,36
1,[],4,[],2019-02-03 01:30:06,558028.13503274,0.00000151,0.000000000052640261,6568508,2019-02-03 01:30:06,btc,0.42173462624353,0.0,0.00000151,btc,220207.58839196,0.09300362,0.5754146364752396,37
1,[],12,[],2019-02-03 01:30:07,457621.35648902,0.000001560000000000000098813643899242631363222244544886052608489990234375,0.000000000054383316000000005,6568509,2019-02-03 01:30:07,btc,1331.016154991833,0.0,0.000001560000000000000098813643899242631363222244544886052608489990234375,btc,740745.23410992,0.223103117272119,0.3587847353999964,37
1,[],17,[],2019-02-03 01:30:08,2198.29156809,0.0000015000000000000000380012861456169304119612206704914569854736328125,0.000000000052291650000000004,6568510,2019-02-03 01:30:08,btc,0.055479000190857754,8.31377709e-06,0.0000015000000000000000380012861456169304119612206704914569854736328125,btc,1383.25,0.0,0.00110651141111,37
1,[],27,[],2019-02-03 01:30:11,16843.0,0.00000046,0.000000000016036106,6568511,2019-02-03 01:30:11,btc,24.45584702489649,0.0,0.00000046,btc,5279.81438508,0.0,0.00561124,37
1,[],5,[],2019-02-03 01:30:12,1.305e-05,0.00000091,0.000000000031723601,6568512,2019-02-03 01:30:12,btc,0.10739889,0.11797119,0.00000091,btc,0.00010306,0.0,0.05800556,42
1,[],12,[],2019-02-03 01:30:13,155171.12501389,0.000001089999999999999940087530049537267728965161950327455997467041015625,0.000000000037998599,6568513,2019-02-03 01:30:13,btc,196.15259598000685,0.0,0.000001089999999999999940087530049537267728965161950327455997467041015625,btc,80685.41894452,0.0453977168624139,0.056399679999996497,42
0,[],27,[],2019-02-03 01:30:15,0.0,0,0,6568514,2019-02-03 01:30:15,,0.00315028,0.0,0,"btc,eth",11.007,0.0,0.0,42
1,[],5,[],2019-02-03 01:30:17,6e-08,0.00000003,0.0000000000010458330000000001,6568515,2019-02-03 01:30:17,btc,6.10271066,0.0,0.00000003,btc,1.425e-05,0.0,0.53368313,43
1,[],12,[],2019-02-03 01:30:18,6512129.0,0.00000002,0.0000000000006972220000000001,6568516,2019-02-03 01:30:18,btc,20007456.464662522,0.0,0.00000002,btc,38831663.74765234,0.00036916,0.06512143000000001,43
0,[],17,[],2019-02-03 01:30:19,0.0,0,0,6568517,2019-02-03 01:30:19,btc,0.0,0.0,0,btc,0.0,0.0,0.0,43
1,[],12,[],2019-02-03 01:30:21,907528.0,0.00000007,0.0000000000024402770000000005,6568518,2019-02-03 01:30:21,btc,11115205.988853987,0.0,0.00000007,btc,1007191.39860139,0.00096844992008,0.0283817,44
1,[],4,[],2019-02-03 01:30:22,235548776.4048829,0.00000002,0.0000000000006972220000000001,6568519,2019-02-03 01:30:22,btc,0.18401991980535373,0.0,0.00000002,"btc,ltc",8189482.18161888,0.00545185,0.5428927653982109,49
0.0000000000985341,[],4,[],2019-02-03 01:30:23,4316533568.602036,9.85341e-19,3.43500711351e-23,6568520,2019-02-03 01:30:23,ltc,4.994394635533475,0.0,0.00000001,ltc,2863781124.138576,0.0,4.253257503019899e-09,52
0,[],22,[],2019-02-03 01:30:30,0.0,0,0,6568521,2019-02-03 01:30:30,,3693.67822752,0.0,0,,258485157.90882352,0.0,0.0,57
0,[],27,[],2019-02-03 01:30:32,0.0,0,0,6568522,2019-02-03 01:30:32,,0.0,0.0,0,"btc,eth",0.0,0.0,0.0,57
0.0000000000985341,[],4,[],2019-02-03 01:30:33,1329366961.4913878,5.9120460000000005e-18,2.061004268106e-22,6568523,2019-02-03 01:30:33,ltc,3.310165343005969,0.0,0.00000006,ltc,1297410942.253332,0.0,5.648734867266613e-09,58
1,[],12,[],2019-02-03 01:30:34,2204931709.282997,0.0000000006,0.000000000000020916660000000003,6568524,2019-02-03 01:30:34,btc,625179814392.0763,0.0,0.0000000006,btc,3081129028.325774,0.030530841707692317,0.8363835141645631,58
0,[],17,[],2019-02-03 01:30:36,0.0,0,0,6568525,2019-02-03 01:30:36,btc,1e+24,0.0,0,btc,41616695.95832568,0.0,0.0,58
0.0000000001211855,[],22,[],2019-02-03 01:30:42,137438.0,1.211855e-18,4.2246598340500003e-23,6568526,2019-02-03 01:30:42,XMR,69.8835922,0.0,0.00000001,XMR,9887963.0,0.0,0.00137438,58
1,[],5,[],2019-02-03 01:30:44,7.2e-06,0.00000051,0.000000000017779161000000003,6568527,2019-02-03 01:30:44,btc,0.35567235,0.05042556,0.00000051,btc,0.0001312,0.0,0.06682808,61
1,[],22,[],2019-02-03 01:30:49,5111.5,0.00000011,0.000000000003834721,6568528,2019-02-03 01:30:49,BTC,1002.29606732,0.0,0.00000011,BTC,15028.700278135757,0.0,0.00051178,61
1,[],26,[],2019-02-03 01:30:49,0.0,0,0,6568529,2019-02-03 01:30:49,,0.0,0.0,0,,0.0,0.0,0.0,61
0,[],27,[],2019-02-03 01:30:52,0.0,0,0,6568530,2019-02-03 01:30:52,,0.1550356,0.0,0,"btc,eth",155.72848,0.0,0.0,61
1,[],28,[],2019-02-03 01:30:54,6898.304,0.00000130,0.000000000045319430000000005,6568531,2019-02-03 01:30:54,btc,2.064506118300105,776.0,0.00000130,btc,11238.17500005,0.0,0.00218011304,61
1,[],4,[],2019-02-03 01:19:34,1256460.42582977,0.00000168,0.000000000058650816,6568328,2019-02-03 01:19:34,btc,0.6799497934386487,0.0,0.00000168,btc,250105.4245109,0.10623771,0.8783855717731232,67
0.0,[],25,[],2019-02-03 01:19:35,0.0,0,0,6568329,2019-02-03 01:19:35,,0.0,0.0,0.0,btc,0.0,0.0,0.0,67
1,[],12,[],2019-02-03 01:19:36,3098353.68300001,0.00000011,0.0000000000038402320000000004,6568330,2019-02-03 01:19:36,btc,16893709.42494569,0.0,0.00000011,btc,2485088.58001995,0.0002887302697308,0.0847469028411122,71
,[],5,[],2018-11-20 23:02:39,1.5e-07,0.00000005,0.000000000002128045,4862160,2018-11-20 23:02:39,btc,2.84511358,0.0,,btc,0.00036572,0.0,0.07381892,74
1,[],5,[],2019-01-25 15:53:51,3.303e-05,0.00000156,0.000000000055588884,6499610,2019-01-25 15:53:51,btc,1.42844212,0.0,0.00000156,btc,0.00015937,0.0,0.49487621,75
1,[],4,[],2019-02-03 01:30:56,70997797.82492337,0.00000001,0.00000000000034861100000000004,6568532,2019-02-03 01:30:56,btc,0.8164048853705091,0.0,0.00000001,btc,15307943.35273608,0.0,0.7099779782492337,81
0,[],20,[],2019-01-25 09:30:31,0.0,0,0,6495923,2019-01-25 09:30:31,btc,0.0,0.0,0,btc,0.0,0.0,0.0,81
1,[],4,[],2019-02-03 01:19:39,23677.08437175,0.00007500,0.00000000261834,6568332,2019-02-03 01:19:39,btc,1.2719731001568837,0.0,0.00007500,btc,11165.34377058,0.01298528,0.0817395255471474,82
1,[],21,[],2019-02-03 01:19:40,88236.41808999,0.00007530000000000000072181843835,0.00000000262881336,6568333,2019-02-03 01:19:40,btc,3.5512198122266185,3162.98842134,0.000075300000000000000721818438353949431984801776707172393798828125,btc,40787.36118286,0.24199757,4.589475177720149,82
0,[],17,[],2019-02-03 01:30:59,0.0,0,0,6568533,2019-02-03 01:30:59,btc,0.0447233088476774,0.0,0,btc,999127.19588126,0.0,0.0,84
0.0000000000985733,[],4,[],2019-02-03 01:19:43,352936474.5258405,1.2814528999999999e-17,4.473705848247999e-22,6568335,2019-02-03 01:19:43,ltc,0.19754182496641323,0.0,0.00000013,ltc,74885995.86556941,0.0,1.5410914540516627e-09,85
,[],22,[],2018-11-20 23:09:34,3408.1,0.0000001,0.0000000000041895,4862324,2018-11-20 23:09:34,BTC,0.04624735,0.0,,BTC,4990.0,0.0,0.00033081,86
0,[],22,[],2019-02-03 01:31:05,0.0,0,0,6568534,2019-02-03 01:31:05,,2.07810912,0.0,0,,154826.94736842104,0.0,0.0,87
0,[],27,[],2019-02-03 01:31:07,0.0,0,0,6568535,2019-02-03 01:31:07,,0.0,0.0,0,btc,0.0,0.0,0.0,87
,[],2,[],2018-11-20 23:10:47,0.0,0,0,4862359,2018-11-20 23:10:47,,0.0,0.0,,,0.0,0.0,0.0,88
1,[],11,[],2019-02-03 01:19:50,102615.03453149,0.00018548999999999998757223285128503675878164358437061309814453125,0.0000000064756784879999995,6568338,2019-02-03 01:19:50,btc,236.39260333524822,157.27212938,0.00018548999999999998757223285128503675878164358437061309814453125,btc,185145.16107294,0.0,7.639175759105022,89
0,[],2,[],2019-01-20 23:31:45,0.0,0,0,6477083,2019-01-20 23:31:45,,0.0,0.0,0,,0.0,0.0,0.0,91
1,[],12,[],2019-02-03 01:19:51,520570.99930349,0.00000287000000000000005012158223183238447973053553141653537750244140625,0.000000000100195144,6568339,2019-02-03 01:19:51,btc,3.657390026669241,0.0,0.00000287000000000000005012158223183238447973053553141653537750244140625,btc,28749.95415164,6.019e-06,0.1545226105000149,91
0,[],17,[],2019-02-03 01:19:52,0.0,0,0,6568340,2019-02-03 01:19:52,btc,0.0,0.0,0,btc,0.0,0.0,0.0,91
0.0000000000985733,[],22,[],2019-02-03 01:19:56,37704795.571428575,6.9001309999999995e-18,2.4089185336719998e-22,6568341,2019-02-03 01:19:56,LTC,8.80622787,0.0,0.00000007,LTC,76324658.1,0.0,1.72417449,95
0.0000000000985341,[],4,[],2019-02-03 01:31:08,132591615.14604858,1.00504782e-16,3.5037072557802e-21,6568536,2019-02-03 01:31:08,ltc,1.1891094845576695,0.0,0.00000102,ltc,70810890.68285362,0.0,7.145617092030541e-10,96
1,[],12,[],2019-02-03 01:31:09,327026.0,0.00000001,0.00000000000034861100000000004,6568537,2019-02-03 01:31:09,btc,255063.40165946563,0.0,0.00000001,btc,7929371.33297676,6.583e-05,0.00327026,96
0,[],17,[],2019-02-03 01:31:10,0.0,0,0,6568538,2019-02-03 01:31:10,btc,0.0,0.0,0,btc,0.0,0.0,0.0,96
1,[],4,[],2019-01-28 01:29:03,1472892.19429314,0.00000039,0.000000000013841295,6517118,2019-01-28 01:29:03,btc,0.30363706505258,0.0,0.00000039,btc,473598.41813208,0.02260545,0.1322524391209234,99
1,[],4,[],2019-02-03 01:31:11,83504.1180106,0.00004560,0.00000000158966616,6568539,2019-02-03 01:31:11,btc,3.7706600436622626,0.0,0.00004560,btc,69553.68701882,1.71981259,3.387063470928354,100
0,[],2,[],2019-01-20 23:23:55,0.0,0,0,6476914,2019-01-20 23:23:55,,0.0,0.0,0,,0.0,0.0,0.0,100
1,[],22,[],2019-02-03 01:20:05,50000.0,0.00000001,0.000000000000349112,6568346,2019-02-03 01:20:05,BTC,23.50383609,0.0,0.00000001,BTC,11277.22,0.0,0.0005,101
1,[],4,[],2019-02-03 01:20:06,111399.14548302,0.00000087,0.000000000030372744,6568347,2019-02-03 01:20:06,btc,0.3997098823310966,0.0,0.00000087,btc,151804.75497775,0.02766096,0.0627400820159341,103
1,[],12,[],2019-02-03 01:20:09,93732811.0,0.000000015,0.000000000000523668,6568348,2019-02-03 01:20:09,btc,138278963.5891703,0.0,0.000000015,btc,147289574.85463682,0.05439452956643357,0.563699986,105
1,[],27,[],2019-02-03 01:20:11,10127001.89,0.00000001,0.000000000000349112,6568349,2019-02-03 01:20:11,btc,0.6930127791760939,8200.0,0.00000001,btc,708867.82781977,0.000164,0.1012700189,105
0,[],22,[],2019-02-03 01:20:14,0.0,0,0,6568350,2019-02-03 01:20:14,,1.07253299,0.0,0,,94300.0,0.0,0.0,107
1,[],26,[],2019-02-03 01:20:14,0.0,0,0,6568351,2019-02-03 01:20:14,,0.0,0.0,0,,0.0,0.0,0.0,107
1,[],5,[],2019-02-03 01:20:17,6e-08,0.00000003,0.000000000001047336,6568352,2019-02-03 01:20:17,btc,2.98463543,0.16403632,0.00000003,btc,1.666e-05,0.0,0.14284935,112
1,[],22,[],2019-02-03 01:20:20,1966.0,0.00000001,0.000000000000349112,6568353,2019-02-03 01:20:20,BTC,2.84203449,0.0,0.00000001,BTC,957103.5833333334,0.0,1.966e-05,112
0.00000000031507210000000003,[],27,[],2019-02-03 01:20:22,500000.0,3.1507210000000003e-18,1.099954509752e-22,6568354,2019-02-03 01:20:22,eth,1.25356065,0.0,0.00000001,"btc,eth",1328.0,0.0,1.5753605000000002e-12,112
1,[],4,[],2019-02-03 01:31:12,513517.9718157,0.00000367,0.000000000127940237,6568540,2019-02-03 01:31:12,btc,0.511982732118151,0.0,0.00000367,btc,95307.56816479,0.07833691,0.4083487271074346,113
1,[],5,[],2019-02-03 01:31:13,2.352e-05,0.00000373,0.000000000130031903,6568541,2019-02-03 01:31:13,btc,2.43122524,0.0284823,0.00000373,btc,0.0038077,0.0,0.21629346,113
1,[],17,[],2019-02-03 01:20:26,212548.72400000002,0.00000004,0.000000000001396448,6568357,2019-02-03 01:20:26,btc,1.3368030274176808,0.0,0.00000004,btc,51896.221,0.0,0.00460194896,116
0,[],27,[],2019-02-03 01:20:28,0.0,0,0,6568358,2019-02-03 01:20:28,,0.0,0.0,0,btc,0.0,0.0,0.0,116
1,[],4,[],2019-02-03 01:31:14,47990.58111023,0.00002347,0.000000000818190017,6568542,2019-02-03 01:31:14,btc,0.8371377589633276,0.0,0.00002347,btc,29464.68865401,0.36357905,0.8365002900582864,120
1,[],7,[],2019-02-03 01:31:16,11042.31101685,0.00001796000000000000083899033553880286717685521580278873443603515625,0.0000000006261053560000001,6568543,2019-02-03 01:31:16,btc,88979.01893841891,31.45000271,0.00001796000000000000083899033553880286717685521580278873443603515625,btc,23768.1698499,0.00113348,0.09836522567163601,120
1,[],20,[],2019-02-03 01:31:18,1607028.1906,0.000000013,0.0000000000004531943,6568544,2019-02-03 01:31:18,btc,33.7489442370083,222.819,0.000000013,btc,1074422.3317,2.896647e-06,0.0088322132172,125
1,[],22,[],2019-02-03 01:31:23,3053.0,0.00000001,0.00000000000034861100000000004,6568545,2019-02-03 01:31:23,BTC,0.01444889,0.0,0.00000001,BTC,296264.5111111111,0.0,3.053e-05,126
1,[],4,[],2019-02-03 01:31:24,91430.65314743,0.00001510,0.00000000052640261,6568546,2019-02-03 01:31:24,btc,0.5416652083167228,0.0,0.00001510,btc,27747.00032103,0.27385453,0.5858466454134788,131
0,[],17,[],2019-02-03 01:31:25,0.0,0,0,6568547,2019-02-03 01:31:25,btc,0.0008451375975800001,0.0,0,btc,30.89614684,0.0,0.0,131
0,[],2,[],2019-01-20 23:25:46,0.0,0,0,6476969,2019-01-20 23:25:46,,0.0,0.0,0,,0.0,0.0,0.0,131
1,[],4,[],2019-02-03 01:20:39,4613.7702696,0.00016003,0.000000005586839336,6568365,2019-02-03 01:20:39,btc,1.6408977371903224,0.0,0.00016003,btc,302.35845559,0.0,0.011863973337178,135
1,[],3,[],2019-02-03 01:20:40,1789738.66354937,0.00000007,0.0000000000024437840000000002,6568366,2019-02-03 01:20:40,btc,0.1528162203814862,10821.1866357,0.00000007,btc,396436.30902494,0.0,0.0659491142725346,136
1,[],4,[],2019-02-03 01:31:26,94648.99147761,0.00000182,0.000000000063447202,6568548,2019-02-03 01:31:26,btc,0.4383298920741238,0.0,0.00000182,btc,168825.50002629,0.1434162,0.1313747298444604,137
1,[],12,[],2019-02-03 01:31:27,299291.75045235,0.0000018599999999999999793589590402209665853661135770380496978759765625,0.000000000064841646,6568549,2019-02-03 01:31:27,btc,11982.854159477298,0.0,0.0000018599999999999999793589590402209665853661135770380496978759765625,btc,128787.48057599,0.1067900298369394,0.0318220202794001,137
1,[],5,[],2019-02-03 01:31:29,0.0013297,0.00004030,0.00000000140490233,6568550,2019-02-03 01:31:29,btc,15.55724601,1.522022,0.00004030,btc,0.00426871,0.0,1.47613053,142
1,[],17,[],2019-02-03 01:31:30,12500.0,0.0000001,0.00000000000348611,6568551,2019-02-03 01:31:30,btc,20.261021579057797,0.0001070700002253,0.0000001,btc,5931.99821453,0.0,0.00125,142
1,[],20,[],2019-02-03 01:31:31,149665.6766,0.000025423,0.0000000008862737453,6568552,2019-02-03 01:31:31,btc,4.1948682814,992.7579,0.000025423,btc,11036.5296,0.0410308961557,0.2471364743976,142
1,[],22,[],2019-02-03 01:31:35,962.0,0.00001800,0.0000000006274998,6568553,2019-02-03 01:31:35,BTC,3.00449528,0.0,0.00001800,BTC,899.098,0.0,0.0001637,142
0.0,[],25,[],2019-02-03 01:31:36,0.0,0,0,6568554,2019-02-03 01:31:36,,0.0,0.0,0.0,btc,0.0,0.0,0.0,142
1,[],28,[],2019-02-03 01:31:38,78705.0,0.00002500,0.0000000008715275,6568555,2019-02-03 01:31:38,btc,0.0367822,1479.665,0.00002500,btc,730.0,0.0,0.0312237,142
0,[],22,[],2019-01-28 18:33:43,0.0,0,0,6521842,2019-01-28 18:33:43,,61.27958297,0.0,0,,815366265.8,0.0,0.0,143
1,[],21,[],2019-02-03 01:20:57,32149627.40453485,0.00000027,0.000000000009426024,6568375,2019-02-03 01:20:57,btc,52.877381343013,3559103.86358319,0.00000027,btc,91247217.78934298,0.97406158,4.50696714643243,145
0,[],22,[],2019-02-03 01:21:00,0.0,0,0,6568376,2019-02-03 01:21:00,,4.58953651,0.0,0,,1925123.5,0.0,0.0,146
,[],22,[],2018-11-20 23:01:11,0.0,0,0,4862114,2018-11-20 23:01:11,,2.56807021,0.0,,,61828.4988236,0.0,0.0,147
1,[],12,[],2019-02-03 00:16:50,8691018.99801367,0.00000365000000000000020540752258824124254488197038881480693817138671875,0.000000000127316015,6568173,2019-02-03 00:16:50,btc,16.56564712746627,0.0,0.00000365000000000000020540752258824124254488197038881480693817138671875,btc,112319.49663261,9.048e-05,0.12364175000001171,148
1,[],4,[],2019-02-03 01:21:01,306042.43277379,0.00000037,0.000000000012917144,6568377,2019-02-03 01:21:01,btc,0.6875961683770753,0.0,0.00000037,btc,502571.3208287,0.00040399,0.0678840162441816,152
0,[],22,[],2019-02-03 01:21:04,0.0,0,0,6568378,2019-02-03 01:21:04,,0.0,0.0,0,,0.0,0.0,0.0,152
1,[],5,[],2019-02-03 01:21:06,0.0,0,0,6568379,2019-02-03 01:21:06,btc,4.41264381,0.0,0,btc,0.00161275,0.0,0.0,153
,[],16,[],2019-01-11 15:38:59,0.0,0,0,6366141,2019-01-11 15:38:59,btc,0.0,0.0,,btc,0.0,0.0,0.0,155
0,[],23,[],2019-01-20 23:24:29,0.0,0,0,6476932,2019-01-20 23:24:29,,0.0,0.0,0,,0.0,0.0,0.0,156
0,[],22,[],2019-02-03 01:21:09,0.0,0,0,6568380,2019-02-03 01:21:09,,6.73312347,0.0,0,,4564272.742592593,0.0,0.0,156
1,[],22,[],2019-02-03 01:21:12,7906.0,0.00000801,0.000000000279638712,6568381,2019-02-03 01:21:12,BTC,43.78801181,0.0,0.00000801,BTC,1067.5805334758436,0.0,0.00743836,157
0,[],22,[],2019-02-03 01:21:15,0.0,0,0,6568382,2019-02-03 01:21:15,,50175.6753658,0.0,0,,54007107.04179466,0.0,0.0,158
,[],17,[],2018-11-20 22:56:10,0.0,0,0,4861976,2018-11-20 22:56:10,btc,1.1265625,0.0,,btc,1000.0,0.0,0.0,159
,[],20,[],2018-11-20 22:56:12,0.0,0,0,4861977,2018-11-20 22:56:12,btc,11912.7940471,0.0,,btc,34413894.3617,0.0,0.0,159
1,[],12,[],2019-02-03 01:21:16,189232.78568862,0.00000802999999999999935075371826354029280992108397185802459716796875,0.000000000280336936,6568383,2019-02-03 01:21:16,btc,6.689338225461268,0.0,0.00000802999999999999935075371826354029280992108397185802459716796875,btc,15039.264313560001,0.0046608158589539,0.0880152625999816,168
1,[],17,[],2019-02-03 01:21:18,29784.95,0.000001,0.0000000000349112,6568384,2019-02-03 01:21:18,btc,0.03026736251542,0.0,0.000001,btc,144.46171372,0.0,0.00716147,168
1,[],22,[],2019-02-03 01:21:21,3800.0,0.00000001,0.000000000000349112,6568385,2019-02-03 01:21:21,BTC,1.13102814,0.0,0.00000001,BTC,689102.4758060451,0.0,3.8e-05,169
1,[],22,[],2019-02-03 01:21:25,70899.25161290323,0.00000031,0.000000000010822472,6568386,2019-02-03 01:21:25,BTC,10.3375624,0.0,0.00000031,BTC,127239.49798317606,0.00280467,0.01172837,171
1,[],22,[],2019-02-03 01:21:28,429268.6212121212,0.00000011,0.000000000003840232,6568387,2019-02-03 01:21:28,BTC,2.63950555,0.0,0.00000011,BTC,245666.90387703563,0.0,0.02920804,173
1,[],5,[],2019-02-03 01:21:30,3.619e-05,0.00000380,0.00000000013266256,6568388,2019-02-03 01:21:30,btc,0.37464038,0.00098892,0.00000380,btc,0.00032994,0.0,0.68170748,175
1,[],22,[],2019-02-03 01:21:34,49549.25714285715,0.0000004,0.000000000013964479999999999,6568389,2019-02-03 01:21:34,BTC,0.6257983,0.0,0.0000004,BTC,161300.17417750834,5.28e-05,0.01679357,176
1,[],7,[],2019-02-03 01:21:36,0.0,0,0,6568390,2019-02-03 01:21:36,btc,233208.59190894547,1248.75124875,0,btc,116200784.21566916,1.249e-05,0.0,178
0,[],22,[],2019-02-03 01:22:43,0.0,0,0,6568391,2019-02-03 01:22:43,,1.00242428,0.0,0,,57512.0,0.0,0.0,178
0,[],2,[],2019-01-20 23:28:34,0.0,0,0,6477001,2019-01-20 23:28:34,,0.0,0.0,0,,0.0,0.0,0.0,178
0,[],23,[],2019-01-20 23:25:08,0.0,0,0,6476952,2019-01-20 23:25:08,,0.0,0.0,0,,0.0,0.0,0.0,179
1,[],5,[],2019-02-03 01:22:44,3e-08,0.00000002,0.000000000000698224,6568392,2019-02-03 01:22:44,btc,16.8443828,0.01253322,0.00000002,btc,2.088e-05,0.0,1.29675806,179
1,[],22,[],2019-02-03 01:23:12,7842183.0,0.00000003,0.000000000001047336,6568393,2019-02-03 01:23:12,BTC,5.52741121,0.0,0.00000003,"BTC,LTC",18415229.401989967,4.4e-07,0.38978517,179
1,[],17,[],2019-02-03 01:23:14,10504.725,0.0000001,0.0000000000034911199999999998,6568394,2019-02-03 01:23:14,btc,5.206166879877683,0.0,0.0000001,btc,6755.0074587,0.0,0.0010504725,180
1,[],22,[],2019-02-03 01:23:34,21043.945454545454,0.00000011,0.000000000003840232,6568395,2019-02-03 01:23:34,BTC,0.09769103,0.0,0.00000011,"BTC,LTC",18236.735742087763,7.697e-05,0.00222968,180
1,[],26,[],2019-02-03 01:23:34,0.0,0,0,6568396,2019-02-03 01:23:34,,0.0,0.0,0,,0.0,0.0,0.0,180
,[],7,[],2018-11-20 22:58:01,562227.975654,0.00000085,0.000000000036176765,4862015,2018-11-20 22:58:01,btc,21836.6059674,2491.87645172,,btc,749999.041456,0.00211021,0.127565380455,183
,[],5,[],2019-01-10 08:11:41,0.0,0,0,6347036,2019-01-10 08:11:41,btc,82.15055501,0.00261,,btc,1.19002445,0.0,0.0,187
,[],17,[],2018-11-16 20:58:10,4062536.27273,0.00000001,0.000000000000550501,4708775,2018-11-16 20:58:10,btc,3.36492563466,0.195460381006,,"btc,eth",110697919.549,0.0,0.0157628953496,187
1,[],24,[],2019-02-03 01:23:35,0.0,0.000000000001,3.49112e-17,6568397,2019-02-03 01:23:35,btc,0.0,0.0,0.000000000001,btc,0.0,0.0,0.0,187
0,[],22,[],2019-02-03 01:23:40,0.0,0,0,6568398,2019-02-03 01:23:40,,1.19382741,0.0,0,,13380.036201072173,0.0,0.0,191
0,[],22,[],2019-01-29 02:57:02,0.0,0,0,6524994,2019-01-29 02:57:02,,0.0,0.0,0,,0.0,0.0,0.0,197
0,[],23,[],2019-01-20 23:31:41,0.0,0,0,6477079,2019-01-20 23:31:41,,0.0,0.0,0,,0.0,0.0,0.0,199
1,[],26,[],2019-02-03 01:23:41,0.0,0,0,6568399,2019-02-03 01:23:41,,0.0,0.0,0,,0.0,0.0,0.0,199
0,[],17,[],2019-01-30 16:32:01,0.0,0,0,6540827,2019-01-30 16:32:01,btc,6.802544163788159,0.0,0,btc,105897.55575295,0.0,0.0,200
0,[],2,[],2019-01-20 23:30:49,0.0,0,0,6477059,2019-01-20 23:30:49,,0.0,0.0,0,,0.0,0.0,0.0,201
1,[],4,[],2019-01-25 15:51:35,2084389.58565343,0.00000936,0.000000000333526752,6499557,2019-01-25 15:51:35,btc,2.0092503037378524,0.0,0.00000936,btc,160195.80207885,0.19272417,1.242687955921835,211
1,[],7,[],2019-02-03 01:23:45,17227082.18896128,0.00000141999999999999995691814247411599581027985550463199615478515625,0.000000000049573903999999995,6568400,2019-02-03 01:23:45,btc,16567795.998093775,2083827.56247,0.00000141999999999999995691814247411599581027985550463199615478515625,btc,12607182.73016474,0.0,8.8151935322193,212
1,[],12,[],2019-01-25 02:44:32,207462.42853209,0.000001080000000000000035831255497387193287295303889550268650054931640625,0.000000000038610756000000006,6493050,2019-01-25 02:44:32,btc,85023.03793723314,0.0,0.000001080000000000000035831255497387193287295303889550268650054931640625,btc,43675.73520027,0.000146250909087,0.0348620860622024,213
1,[],5,[],2019-02-03 01:23:47,5.65e-06,0.00000036,0.000000000012568032,6568401,2019-02-03 01:23:47,btc,1.1121946,0.01443998,0.00000036,btc,3.228e-05,0.0,0.40860267,213
1,[],24,[],2019-02-03 01:23:47,0.0,0.000000050000,0.0000000000017455599999999999,6568402,2019-02-03 01:23:47,btc,0.0,0.0,0.000000050000,btc,0.0,0.0,0.0,213
1,[],26,[],2019-02-03 01:23:47,0.0,0,0,6568403,2019-02-03 01:23:47,,0.0,0.0,0,,0.0,0.0,0.0,213
1,[],22,[],2019-02-03 01:24:17,276400.0,0.00000002,0.000000000000698224,6568404,2019-02-03 01:24:17,BTC,70.20492877,0.0,0.00000002,BTC,291693.63137942314,0.0,0.004714,216
1,[],27,[],2019-02-03 01:24:20,5050645.0,0.0000001,0.0000000000034911199999999998,6568405,2019-02-03 01:24:20,btc,313.98413178316,0.0,0.0000001,"btc,ltc",287018.13411,0.0,0.0510735,216
1,[],22,[],2019-02-03 01:24:32,247413.64680659148,0.00000235,0.00000000008204132,6568406,2019-02-03 01:24:32,BTC,12677.89608653,0.0,0.00000235,BTC,481215.35445181513,0.14090382,0.31956535,217
1,[],7,[],2019-02-03 01:24:34,0.0,0,0,6568407,2019-02-03 01:24:34,btc,77970.02600413912,0.0,0,btc,134531561.1214003,0.0,0.0,219
0,[],27,[],2019-02-03 01:24:36,0.0,0,0,6568408,2019-02-03 01:24:36,,0.0741038339680918,0.0,0,btc,1542429.2070951,0.0,0.0,219
0.0000000000000055,[],28,[],2019-02-03 01:24:42,205135012.733,6.05e-18,2.1121276000000002e-22,6568409,2019-02-03 01:24:42,doge,88554.0318717675,13954.0,0.00110000,"btc,doge",4969437.84751,0.0,3.009177320395367e-11,219
1,[],22,[],2019-02-03 01:24:53,203201.0,0.00000038,0.000000000013266256,6568410,2019-02-03 01:24:53,BTC,2.38800089,0.0,0.00000038,BTC,31842.55212317522,0.000165,0.02039238,221
1,[],24,[],2019-02-03 01:24:53,0.0,0.000000100000,0.0000000000034911199999999998,6568411,2019-02-03 01:24:53,btc,0.0,0.0,0.000000100000,btc,0.0,0.0,0.0,221
1,[],26,[],2019-02-03 01:24:54,0.0,0,0,6568412,2019-02-03 01:24:54,,0.0,0.0,0,,0.0,0.0,0.0,231
1,[],26,[],2019-02-03 01:24:55,0.0,0,0,6568413,2019-02-03 01:24:55,,0.0,0.0,0,,0.0,0.0,0.0,234
0,[],27,[],2019-02-03 01:24:58,0.0,0,0,6568414,2019-02-03 01:24:58,,0.0113483662182,0.0,0,"btc,eth",11462.99618,0.0,0.0,234
0.0000000000985733,[],22,[],2019-02-03 01:25:16,8720000.0,9.85733e-19,3.4413121909599995e-23,6568415,2019-02-03 01:25:16,LTC,3.67066696,0.0,0.00000001,LTC,99030043.93217893,0.0,0.0872,235
1,[],4,[],2019-02-03 01:25:17,806386.71977221,0.00000067,0.000000000023390504,6568416,2019-02-03 01:25:17,btc,0.1661074120899857,0.0,0.00000067,btc,144560.76384959,0.04414817,0.1754768206134789,236
1,[],24,[],2019-02-03 01:25:17,0.0,0.000000010000,0.000000000000349112,6568417,2019-02-03 01:25:17,btc,0.0,0.0,0.000000010000,btc,0.0,0.0,0.0,236
1,[],20,[],2019-02-03 01:25:19,13105900.7276,0.000000066,0.0000000000023041392,6568418,2019-02-03 01:25:19,btc,14.4135714473088,17017348.4139,0.000000066,btc,25600642.3041,1.0885245291977,0.3974200928526,237
1,[],22,[],2019-02-03 01:25:28,10000.0,0.00000001,0.000000000000349112,6568419,2019-02-03 01:25:28,BTC,0.04103605,0.0,0.00000001,BTC,6179.0,0.0,0.0001,237
1,[],4,[],2019-02-03 01:25:29,3237731.33473154,0.00000032,0.000000000011171584,6568420,2019-02-03 01:25:29,btc,0.5959440748873153,0.0,0.00000032,btc,1698474.92174412,0.36345772,0.9400386876420991,238
1,[],5,[],2019-02-03 01:25:31,3.64e-06,0.00000031,0.000000000010822472,6568421,2019-02-03 01:25:31,btc,0.76163506,0.0818485,0.00000031,btc,2.906e-05,0.0,0.27111219,238
1,[],22,[],2019-02-03 01:25:54,249752.25,0.00000004,0.000000000001396448,6568422,2019-02-03 01:25:54,BTC,15.41538995,0.0,0.00000004,BTC,305689.9139027493,0.00030863,0.00799021,249
0.0000000000985733,[],22,[],2019-02-03 01:26:00,4179658.0,3.942932e-18,1.3765248763839998e-22,6568423,2019-02-03 01:26:00,LTC,0.78482199,0.0,0.00000004,LTC,14362861.015,0.0,0.12455864,252
1,[],28,[],2019-02-03 01:26:05,2353106.872,0.00000009,0.000000000003142008,6568424,2019-02-03 01:26:05,btc,164692.27472170623,207969.9816,0.00000009,btc,718339.3995,0.0,0.0817353362,256
1,[],22,[],2019-02-03 01:26:13,101597.57142857143,0.00000007,0.000000000002443784,6568425,2019-02-03 01:26:13,BTC,35605.56332718,0.0,0.00000007,BTC,499876.34188300685,0.00073598,0.00249905,258
1,[],22,[],2019-01-26 20:58:41,368451.0,0.00000001,0.000000000000356135,6510120,2019-01-26 20:58:41,BTC,2.642917,0.0,0.00000001,"BTC,LTC",1862.0,0.0,0.02488451,259
1,[],22,[],2019-02-03 01:26:18,1874.5321847690386,0.00000810,0.00000000028278072,6568426,2019-02-03 01:26:18,BTC,4.68960145,0.0,0.00000810,BTC,6366.988399675977,0.0,0.01502652,262
1,[],5,[],2019-02-03 01:26:20,7.348e-05,0.00000311,0.000000000108573832,6568427,2019-02-03 01:26:20,btc,1.19227484,0.1813009,0.00000311,btc,0.0009639,0.0,0.24987897,264
1,[],20,[],2019-02-03 01:26:22,1174931.8669,0.00000239,0.000000000083437768,6568428,2019-02-03 01:26:22,btc,5.0038473665634,4435.7203,0.00000239,btc,94492.7524,0.0196579543509,0.0335719760299,264
1,[],22,[],2019-02-03 01:26:27,139217.0,0.00000002,0.000000000000698224,6568429,2019-02-03 01:26:27,BTC,8.66233915,0.0,0.00000002,BTC,334094.0934647885,9.658e-05,0.00228671,271
0,[],22,[],2019-02-03 01:26:31,0.0,0,0,6568430,2019-02-03 01:26:31,,368.69624814,0.0,0,,14524919503.9,0.0,0.0,272
0.0000000000000055,[],28,[],2019-02-03 01:26:34,221560773280.48,5.775000000000001e-21,2.0161218000000002e-25,6568431,2019-02-03 01:26:34,doge,299053947.6751088,1057298777.9,0.00000105,doge,195668307818.1598,0.0,6.985743834781907e-10,272
