pairValue,buyBook,exchangeId,sellBook,updated,buyTotal,satoshiPrice,usdPrice,exchangeLogId,created,bestPair,sellTotalBtc,volume,pairPrice,activePairs,sellTotal,volumeBtc,buyTotalBtc,coinId
1,[],3,[],2019-02-15 17:05:06,132.486074415041,0.01287083999999999971153297195769482641480863094329833984375,0.00000046216612272,6678862,2019-02-15 17:05:06,btc,107.06203853771083,1.15313498,0.01287083999999999971153297195769482641480863094329833984375,btc,21.202514345251,0.0,0.30599465619660277,1
1,[],4,[],2019-02-15 17:05:07,312.49199778,0.01310001,0.00000047039515908000003,6678863,2019-02-15 17:05:07,btc,1.0144363642214829,0.0,0.01310001,btc,72.81893325,2.11283135,1.4626229342466166,1
1,[],5,[],2019-02-15 17:05:09,0.27045244,0.01291978,0.00000046392346024000005,6678864,2019-02-15 17:05:09,btc,14578.72975631,0.33639234,0.01291978,btc,35555556.21962171,0.0,2.27752091,1
1,[],10,[],2019-02-15 17:05:11,414267.67286477,0.01081395,0.0000003883073166,6678865,2019-02-15 17:05:11,btc,6525.674018189793,1175.67419963,0.01081395,btc,1092.45492483,0.0,5.460419424142462,1
1,[],12,[],2019-02-15 17:05:15,10432.89611085,0.0129499999999999997057908984743335167877376079559326171875,0.0000004650086,6678866,2019-02-15 17:05:15,btc,0.2983886723076,0.0,0.0129499999999999997057908984743335167877376079559326171875,btc,15.86096766,1.9864219924814,0.1728161143494,1
1,[],20,[],2019-02-15 17:05:17,1151.2564,0.010500212,0.000000377041612496,6678867,2019-02-15 17:05:17,btc,0.0573537536243,0.0,0.010500212,btc,2.5253,0.0,0.0911161306007,1
1,[],21,[],2019-02-15 17:05:17,2529.62806863,0.01298324999999999999900079928,0.00000046620254100000004,6678868,2019-02-15 17:05:17,btc,26.549348029891625,4846.59077691,0.01298324999999999999900079927783735911361873149871826171875,"btc,eth",2543.44509554,53.35220740519557,22.339684087443807,1
1,[],22,[],2019-02-15 17:05:23,0.0280576,0.01350000,0.000000484758,6678869,2019-02-15 17:05:23,BTC,0.3139634,0.0,0.01350000,BTC,0.10070366666666666,0.0,0.00036518,1
1,[],24,[],2019-02-15 17:05:25,0.0,0.000000000000,0,6678870,2019-02-15 17:05:25,btc,0.0,0.0,0.000000000000,btc,0.0,0.0,0.0,1
0.0,[],25,[],2019-02-15 17:05:26,0.0,0,0,6678871,2019-02-15 17:05:26,btc,27.921199996934444,925.8057589,0.0,btc,2099.89093865,12.17,0.0,1
1,[],26,[],2019-02-15 17:05:53,0.0,0,0,6678872,2019-02-15 17:05:53,,0.0,0.0,0,,0.0,0.0,0.0,1
1,[],28,[],2019-02-15 17:05:55,992.968,0.01231000,0.00000044202748,6678873,2019-02-15 17:05:55,btc,0.162839806,17650.5,0.01231000,btc,8.9,0.0,0.086870176,1
0,[],2,[],2019-01-20 23:28:45,0.0,0,0,6477011,2019-01-20 23:28:45,,0.0,0.0,0,,0.0,0.0,0.0,1
1,[],5,[],2019-02-15 17:05:57,1.536e-05,0.00000066,0.00000000002369928,6678874,2019-02-15 17:05:57,btc,0.12687184,0.02832221,0.00000066,btc,6.166e-05,0.0,0.252574,2
0,[],22,[],2019-02-15 17:06:01,0.0,0,0,6678875,2019-02-15 17:06:01,,0.0,0.0,0,,0.0,0.0,0.0,2
1,[],5,[],2019-02-15 17:06:05,1.29e-06,0.00000017,0.00000000000610436,6678876,2019-02-15 17:06:05,btc,4.35233186,0.02925377,0.00000017,btc,2.278e-05,0.0,3.56456359,3
1,[],12,[],2019-02-15 17:06:06,12498097.06563075,0.000000168,0.000000000006032544,6678877,2019-02-15 17:06:06,btc,923741.0794317754,0.0,0.000000168,btc,8344484.98114206,0.04951264025062824,0.507240394436061,3
0,[],28,[],2019-02-15 17:06:08,0.0,0,0,6678878,2019-02-15 17:06:08,,0.0,0.0,0,,0.0,0.0,0.0,3
0,[],2,[],2019-01-20 23:31:32,0.0,0,0,6477077,2019-01-20 23:31:32,,0.0,0.0,0,,0.0,0.0,0.0,4
1,[],4,[],2019-02-15 17:06:10,370198.91903058,0.00000034,0.00000000001220872,6678879,2019-02-15 17:06:10,btc,0.3811946466977695,0.0,0.00000034,btc,338651.23757444,0.00017,0.0450680200652495,4
1,[],12,[],2019-02-14 17:26:54,1405077.5219999999,0.00000004,0.000000000001441592,6666503,2019-02-14 17:26:54,btc,11113878.38315974,0.0,0.00000004,btc,1084186.13790569,0.0004039437362635,0.02355927044,5
0,[],2,[],2019-01-20 23:31:51,0.0,0,0,6477087,2019-01-20 23:31:51,,0.0,0.0,0,,0.0,0.0,0.0,6
1,[],11,[],2019-02-15 17:06:12,1742309.499998,0.00000002,0.00000000000071816,6678880,2019-02-15 17:06:12,btc,9433.282080624413,1233776.0,0.00000002,btc,39784964.28062851,0.0,0.02635588499996,6
1,[],3,[],2019-02-15 17:06:13,1077.713733273154,0.00014526999999999999657086802162808680805028416216373443603515625,0.00000000521635516,6678881,2019-02-15 17:06:13,btc,27.605824309446497,0.0,0.00014526999999999999657086802162808680805028416216373443603515625,btc,249.145665820227,0.0,0.03203197781662376,7
1,[],4,[],2019-02-15 17:06:14,15738.90159329,0.00023039,0.00000000827284412,6678882,2019-02-15 17:06:14,btc,3.413362839234635,0.0,0.00023039,btc,13113.74139013,11.79021695,3.1377686431390823,7
1,[],5,[],2019-02-15 17:06:16,0.00723507,0.00021446,0.000000007700829680000001,6678883,2019-02-15 17:06:16,btc,2.5389631,0.73645926,0.00021446,btc,0.01381161,0.0,1.90330883,7
1,[],20,[],2019-02-15 16:36:52,43513291.8418,0.000000001,0.0000000000000359315,6678688,2019-02-15 16:36:52,btc,116.5827776391263,3203.0,0.000000001,btc,29035064.8892,3.203e-06,0.0435132918418,8
0,[],2,[],2019-01-20 23:22:42,0.0,0,0,6476876,2019-01-20 23:22:42,,0.0,0.0,0,,0.0,0.0,0.0,9
0,[],23,[],2019-01-20 23:22:48,0.0,0,0,6476878,2019-01-20 23:22:48,,0.0,0.0,0,,0.0,0.0,0.0,9
1,[],1,[],2019-02-15 17:06:17,2168229.69,0.000001830000000000000054831898570195658493275914224795997142791748046875,0.00000000006571164,6678884,2019-02-15 17:06:17,btc,2.790901016,22777505.6,0.000001830000000000000054831898570195658493275914224795997142791748046875,btc,1488055.22,41.55112939,3.8956876944,9
1,[],4,[],2019-02-15 17:06:18,428064.06704143,0.00000182,0.00000000006535256,6678885,2019-02-15 17:06:18,btc,1.0732055113638037,0.0,0.00000182,btc,568184.28627645,1.70217031,0.7422815870069323,9
1,[],28,[],2019-02-15 17:06:20,43335.0,0.00000167,0.00000000005996636,6678886,2019-02-15 17:06:20,btc,2708.76119522,3585370.0,0.00000167,btc,11732.68,0.0,0.04320645,9
1,[],4,[],2019-02-10 09:54:02,5828483.02026053,0.00000002,0.000000000000726692,6623074,2019-02-10 09:54:02,btc,0.2014004865591215,0.0,0.00000002,btc,4198675.28035349,0.00021932,0.0653957035452106,10
0,[],2,[],2019-01-20 23:23:08,0.0,0,0,6476890,2019-01-20 23:23:08,,0.0,0.0,0,,0.0,0.0,0.0,12
1,[],4,[],2019-02-15 17:06:22,1879904.77980077,0.00000166,0.00000000005960728000000001,6678887,2019-02-15 17:06:22,btc,2.811522681148992,0.0,0.00000166,btc,1448941.6808583,17.60253364,2.7129047787111884,12
1,[],5,[],2019-02-15 17:06:23,4.557e-05,0.00000166,0.00000000005960728000000001,6678888,2019-02-15 17:06:23,btc,0.48366864,1.76525088,0.00000166,btc,0.00013532,0.0,0.59546769,12
0.0,[],25,[],2019-02-15 17:06:25,0.0,0,0,6678889,2019-02-15 17:06:25,,0.0,0.0,0.0,btc,0.0,0.0,0.0,12
1,[],10,[],2019-02-15 16:06:21,453071.26946391,0.00000661,0.000000000237006177,6678303,2019-02-15 16:06:21,btc,666805.4488733736,9355.12702318,0.00000661,btc,724502.9866569,0.0,0.4174821918712746,13
1,[],4,[],2019-02-15 17:06:26,1305839.48171856,0.00000664,0.00000000023842912000000003,6678890,2019-02-15 17:06:26,btc,1.582674995345997,0.0,0.00000664,btc,220353.07077332,1.32776871,1.33047611444401,13
1,[],21,[],2019-02-15 17:06:30,831736.03195678,0.000006720000000000000034720490372,0.00000000024130176,6678891,2019-02-15 17:06:30,btc,8.55262170347327,2382521.3978278,0.00000672000000000000003472049037167579399465466849505901336669921875,btc,1083799.58746689,16.66756048,5.131567293109002,13
1,[],4,[],2019-02-15 17:06:31,995419.73926876,0.00000142,0.00000000005098936,6678892,2019-02-15 17:06:31,btc,0.1294012699004266,0.0,0.00000142,btc,68001.35193258,0.00550809,0.4243338632052546,14
1,[],12,[],2019-02-15 17:06:32,85369.2231405,0.000001260000000000000006510091944689211373997750342823565006256103515625,0.000000000045244080000000006,6678893,2019-02-15 17:06:32,btc,2.77637912173188,0.0,0.000001260000000000000006510091944689211373997750342823565006256103515625,btc,30213.37033352,0.00023058,0.009125080000005,14
1,[],26,[],2019-02-15 17:06:43,0.0,0.00000050,0.000000000017954000000000002,6678894,2019-02-15 17:06:43,btc,0.0,0.0,0.00000050,btc,0.0,0.0,0.0,14
0,[],17,[],2019-02-15 16:37:07,0.0,0,0,6678699,2019-02-15 16:37:07,btc,0.0,0.0,0,btc,0.0,0.0,0.0,14
0,[],4,[],2019-02-15 17:06:44,0.0,0,0,6678895,2019-02-15 17:06:44,,0.0,0.0,0,,0.0,0.0,0.0,15
,[],12,[],2018-12-01 15:15:48,204241.84496,0.00000489,0.000000000202473384,5260204,2018-12-01 15:15:48,btc,49.5475654835,0.0,,btc,35763.2193806,0.0163153972027625,0.0203389899998,15
0,[],2,[],2019-01-20 23:23:38,0.0,0,0,6476906,2019-01-20 23:23:38,,0.0,0.0,0,,0.0,0.0,0.0,18
1,[],4,[],2019-02-15 17:06:45,27706.935433,0.00001831,0.00000000065747548,6678896,2019-02-15 17:06:45,btc,2.2209810363821374,0.0,0.00001831,btc,7799.26499941,0.00256157,0.1145380949673516,18
1,[],10,[],2019-02-15 17:06:47,800932.17986767,0.00001875,0.000000000673275,6678897,2019-02-15 17:06:47,btc,15.534651342856288,160.5001,0.00001875,btc,10380.70076343,0.0,0.5104803428303478,18
1,[],12,[],2019-02-15 17:06:48,204207.73530693998,0.00001800000000000000045601543374740316494353464804589748382568359375,0.0000000006463440000000001,6678898,2019-02-15 17:06:48,btc,22.612004337743556,0.0,0.00001800000000000000045601543374740316494353464804589748382568359375,btc,1865.31717713,0.0024300441083913,0.0322238431989024,18
0,[],17,[],2019-02-15 16:37:14,0.0,0,0,6678705,2019-02-15 16:37:14,btc,0.0,0.0,0,btc,0.0,0.0,0.0,18
1,[],3,[],2019-02-15 17:06:58,132654.21483908818,0.00002619000000000000166300133386254600509346346370875835418701171875,0.00000000094043052,6678899,2019-02-15 17:06:58,btc,0.5253719801489031,595.771151307,0.00002619000000000000166300133386254600509346346370875835418701171875,btc,5360.472544430873,0.0,0.17792192622246775,19
1,[],4,[],2019-02-15 17:06:59,235266.49682215,0.00002708,0.0000000009723886400000001,6678900,2019-02-15 17:06:59,btc,0.2386133999203207,0.0,0.00002708,btc,8038.17853216,0.1734518,2.1093644765580333,19
1,[],5,[],2019-02-15 17:07:01,0.00017404,0.00002404,0.0000000008632283200000001,6678901,2019-02-15 17:07:01,btc,0.25322988,0.0,0.00002404,btc,0.00302507,0.0,0.06435636,19
1,[],12,[],2019-02-15 17:07:03,134758.0,0.00002449999999999999920896609495457596494816243648529052734375,0.0000000008797460000000001,6678902,2019-02-15 17:07:03,btc,0.029001166781354802,0.0,0.00002449999999999999920896609495457596494816243648529052734375,btc,294.66393647,0.0,0.03146823,19
0,[],27,[],2019-02-15 17:07:05,0.0,0,0,6678903,2019-02-15 17:07:05,,0.0,0.0,0,btc,0.0,0.0,0.0,19
0,[],2,[],2019-01-20 23:24:19,0.0,0,0,6476924,2019-01-20 23:24:19,,0.0,0.0,0,,0.0,0.0,0.0,19
1,[],4,[],2019-02-15 17:07:06,8105964.88270166,0.00000014,0.00000000000502712,6678904,2019-02-15 17:07:06,btc,0.755727028439737,0.0,0.00000014,btc,1584963.29804812,0.00160309,0.2633208437753649,20
1,[],4,[],2019-02-15 17:07:07,112204141.0629021,0.00000002,0.00000000000071816,6678905,2019-02-15 17:07:07,btc,0.4555712707206992,0.0,0.00000002,btc,13300231.92271071,0.00725778,1.2819232651386825,21
1,[],12,[],2019-02-15 17:07:08,17381826.0,0.00000002,0.00000000000071816,6678906,2019-02-15 17:07:08,btc,669.7041249917195,0.0,0.00000002,btc,8560966.269732941,0.0001802173826174,0.2198768,21
0,[],17,[],2019-02-15 17:07:09,0.0,0,0,6678907,2019-02-15 17:07:09,btc,0.0,0.0,0,btc,0.0,0.0,0.0,21
1,[],12,[],2019-02-15 17:07:13,2892270019.043896,0.0000000002,0.000000000000007181600000000001,6678908,2019-02-15 17:07:13,btc,830864729382.8699,0.0,0.0000000002,btc,4247026598.1540465,0.015495049332667814,0.32832549215558976,23
0,[],27,[],2019-02-15 17:07:15,0.0,0,0,6678909,2019-02-15 17:07:15,,0.7240921565934114,0.0,0,eth,727098.85514486,0.0,0.0,23
1,[],4,[],2019-02-15 17:07:16,374717.21911228,0.00000073,0.00000000002621284,6678910,2019-02-15 17:07:16,btc,0.1689627588483331,0.0,0.00000073,btc,167425.16609363,0.02321364,0.1881934383598899,24
1,[],22,[],2019-02-15 17:07:21,11.76,0.00000100,0.000000000035908000000000004,6678911,2019-02-15 17:07:21,BTC,7.415e-05,0.0,0.00000100,BTC,23.919354838709676,0.0,1.176e-05,24
0.0,[],25,[],2019-02-15 17:07:22,0.0,0,0,6678912,2019-02-15 17:07:22,,0.0,0.0,0.0,btc,0.0,0.0,0.0,24
1,[],4,[],2019-02-15 17:07:23,26882435.51329253,0.00000573,0.00000000020575284000000002,6678913,2019-02-15 17:07:23,btc,0.5768971505141998,0.0,0.00000573,btc,49788.61148567,0.19550326,0.4381136226210372,26
1,[],10,[],2019-02-15 17:07:25,733314.39724698,0.0000054,0.0000000001939032,6678914,2019-02-15 17:07:25,btc,25.92730905368864,1472.76013581,0.0000054,btc,14351.41452713,0.0,0.2154503992385128,26
0,[],2,[],2019-01-20 23:25:56,0.0,0,0,6476976,2019-01-20 23:25:56,,0.0,0.0,0,,0.0,0.0,0.0,26
1,[],3,[],2019-02-15 17:07:27,5689817.95913569,0.00000001,0.00000000000035908,6678915,2019-02-15 17:07:27,btc,2.6998142562093017,692695.266376,0.00000001,btc,17268102.61059958,0.0,0.0568981795913569,27
1,[],5,[],2019-02-15 17:07:28,1e-08,0.00000001,0.00000000000035908,6678916,2019-02-15 17:07:28,btc,1.5981049,0.00026007,0.00000001,btc,4.345e-05,0.0,0.09881515,27
1,[],11,[],2019-02-15 17:07:30,10063976.7912115,0.00000005,0.0000000000017954,6678917,2019-02-15 17:07:30,btc,370.6338278222541,8080.0,0.00000005,btc,8170874.5693934,0.0,0.4660996184459823,27
1,[],4,[],2019-02-15 17:07:31,602089315.0456656,0.00000002,0.00000000000071816,6678918,2019-02-15 17:07:31,btc,0.3034038836709235,0.0,0.00000002,"btc,ltc",21576282.36478514,0.20532022,8.509590621804167,29
1,[],7,[],2019-02-15 17:07:33,28334686.833719518,0.00000002,0.00000000000071816,6678919,2019-02-15 17:07:33,btc,44465228.21241281,634722.703972,0.00000002,btc,55538651.690747544,0.01272592,0.4118688002381527,29
1,[],4,[],2019-02-15 17:07:34,1463004.38210052,0.00000026,0.00000000000933608,6678920,2019-02-15 17:07:34,btc,0.1445551722806067,0.0,0.00000026,btc,344701.28753841,0.06394431,0.0932196630938995,30
0,[],17,[],2019-02-15 17:07:46,0.0,0,0,6678921,2019-02-15 17:07:46,btc,0.0,0.0,0,btc,0.0,0.0,0.0,30
1,[],4,[],2019-02-15 17:07:46,72698.98272999,0.00006800,0.0000000024417440000000003,6678922,2019-02-15 17:07:46,btc,0.7423069817591879,0.0,0.00006800,btc,8865.99051129,3.39169442,3.3509570916890565,31
1,[],21,[],2019-02-15 17:07:47,69350.14516484,0.00006719999999999999357094132568,0.0000000024130176,6678923,2019-02-15 17:07:47,btc,2.0727746984976902,238797.01957388,0.000067199999999999993570941325682355227399966679513454437255859375,btc,28013.85902161,17.12717033,4.351233122993019,31
0,[],2,[],2019-01-20 23:28:43,0.0,0,0,6477009,2019-01-20 23:28:43,,0.0,0.0,0,,0.0,0.0,0.0,32
1,[],4,[],2019-02-15 17:07:49,153521118.55845544,0.00000005,0.0000000000017954000000000002,6678924,2019-02-15 17:07:49,btc,2.273749132088437,0.0,0.00000005,"btc,ltc",47559307.56530713,0.44549574,3.026093991873099,33
1,[],12,[],2019-02-15 17:07:50,15062857.952,0.00000005,0.0000000000017954,6678925,2019-02-15 17:07:50,btc,34509932.112704724,0.0,0.00000005,btc,88947372.0889109,0.0114762791608394,0.4931596976,33
1,[],4,[],2019-02-15 17:07:52,134929905.90013936,0.00000001,0.00000000000035908,6678926,2019-02-15 17:07:52,btc,1.0361283331003033,0.0,0.00000001,btc,41427767.75632942,0.00737329,1.3492990590013936,34
1,[],5,[],2019-02-15 17:07:53,1e-08,0.00000001,0.00000000000035908,6678927,2019-02-15 17:07:53,btc,5.07867714,0.00126793,0.00000001,btc,1.343e-05,0.0,0.85475682,34
0.00000000011636779999999999,[],4,[],2019-02-15 17:07:54,1005791515.4867,2.327356e-18,8.3570699248e-23,6678928,2019-02-15 17:07:54,ltc,1.132169923292454e-08,0.0,0.00000002,ltc,2332657106.6383977,0.0,1.7099153000386086e-09,36
1,[],5,[],2019-02-15 17:07:55,0.0,0,0,6678929,2019-02-15 17:07:55,btc,197.5385643,0.0,0,btc,1.325e-05,0.0,0.0,36
0,[],17,[],2019-02-15 17:07:56,0.0,0,0,6678930,2019-02-15 17:07:56,btc,0.1415580987266098,0.0,0,btc,10796613.27743647,0.0,0.0,36
0.000000000337661,[],27,[],2019-02-15 17:07:59,7.0,3.37661e-18,1.2124731188e-22,6678931,2019-02-15 17:07:59,eth,230.00791353271,8.0,0.00000001,"ltc,eth",3710919.3029,1.6756963199999999e-16,2.363627e-17,36
1,[],17,[],2019-02-15 15:32:27,1752.74075282,0.00000025,0.00000000000896505,6678026,2019-02-15 15:32:27,btc,0.05548492398188198,0.0,0.00000025,btc,1387.19918473,0.0,0.00043818518820499993,37
1,[],4,[],2019-02-15 17:08:00,293877.85698769,0.00000108,0.00000000003878064,6678932,2019-02-15 17:08:00,btc,0.440137401582701,0.0,0.00000108,btc,291670.59044804,0.04422405,0.1660399153810706,37
1,[],12,[],2019-02-15 17:08:01,338553.26190477,0.000001049999999999999899545958213786800428124479367397725582122802734375,0.0000000000377034,6678933,2019-02-15 17:08:01,btc,1364.0112167227846,0.0,0.000001049999999999999899545958213786800428124479367397725582122802734375,btc,675484.62637041,0.1859574232493412,0.0985839400000085,37
1,[],27,[],2019-02-15 17:08:14,15952.0,0.00000052,0.00000000001867216,6678934,2019-02-15 17:08:14,btc,26.66003703686233,0.0,0.00000052,btc,6579.81438508,0.0,0.00545422,37
1,[],5,[],2019-02-15 17:08:15,1.474e-05,0.00000096,0.000000000034471680000000005,6678935,2019-02-15 17:08:15,btc,0.09554793,0.03944062,0.00000096,btc,9.569e-05,0.0,0.04355291,42
1,[],12,[],2019-02-15 17:08:17,126769.48380355,0.00000089,0.00000000003195812,6678936,2019-02-15 17:08:17,btc,92.91727702531554,0.0,0.00000089,btc,93616.76452997,0.0029603510089901,0.0444146364367795,42
0,[],27,[],2019-02-15 17:08:19,0.0,0,0,6678937,2019-02-15 17:08:19,,0.00315028,0.0,0,"btc,eth",11.007,0.0,0.0,42
1,[],5,[],2019-02-15 17:08:21,3e-08,0.00000002,0.00000000000071816,6678938,2019-02-15 17:08:21,btc,6.16328141,0.0,0.00000002,btc,1.375e-05,0.0,0.5744076,43
1,[],12,[],2019-02-15 17:08:23,4101745.0,0.00000001,0.00000000000035908,6678939,2019-02-15 17:08:23,btc,20007457.492715012,0.0,0.00000001,btc,38975751.47292703,2.597402598e-07,0.041017450000000004,43
0,[],17,[],2019-02-15 17:08:35,0.0,0,0,6678940,2019-02-15 17:08:35,btc,0.0,0.0,0,btc,0.0,0.0,0.0,43
1,[],12,[],2019-02-15 17:08:36,703993.0,0.00000005,0.0000000000017954,6678941,2019-02-15 17:08:36,btc,11115166.707510741,0.0,0.00000005,btc,1052583.30871125,0.0037302356531477,0.0184542,44
1,[],4,[],2019-02-15 17:08:37,225236705.47806406,0.00000002,0.00000000000071816,6678942,2019-02-15 17:08:37,btc,0.18830952907184464,0.0,0.00000002,"btc,ltc",4552379.59245401,0.00023499,0.4306101510091311,49
0.00000000011636779999999999,[],4,[],2019-02-15 17:08:40,1281445618.692088,1.163678e-18,4.1785349624e-23,6678943,2019-02-15 17:08:40,ltc,4.645173509237069,0.0,0.00000001,ltc,4110665476.11067,0.0,1.4911900746683714e-09,52
0,[],22,[],2019-02-15 17:08:47,0.0,0,0,6678944,2019-02-15 17:08:47,,8108.82536305,0.0,0,,262751443.67882353,0.0,0.0,57
0,[],27,[],2019-02-15 17:08:49,0.0,0,0,6678945,2019-02-15 17:08:49,,0.0,0.0,0,"btc,eth",0.0,0.0,0.0,57
0.00000000011636779999999999,[],4,[],2019-02-15 17:08:51,1031869589.5953304,4.654712e-18,1.67141398496e-22,6678946,2019-02-15 17:08:51,ltc,3.272209002407885,0.0,0.00000004,ltc,898138970.7347606,0.0,2.7997245799835396e-09,58
1,[],12,[],2019-02-15 17:08:52,1753367386.843957,0.0000000005,0.000000000000017954,6678947,2019-02-15 17:08:52,btc,724045492018.1396,0.0,0.0000000005,btc,3710338163.0369787,0.061088856329444156,0.5917430797011392,58
0,[],17,[],2019-02-15 17:08:54,0.0,0,0,6678948,2019-02-15 17:08:54,btc,1e+24,0.0,0,btc,41481695.95832568,0.0,0.0,58
0.000000000129309,[],22,[],2019-02-15 17:09:03,137438.0,1.2930900000000001e-18,4.6432275720000005e-23,6678949,2019-02-15 17:09:03,XMR,69.8835922,0.0,0.00000001,XMR,9887963.0,0.0,0.00137438,58
1,[],5,[],2019-02-15 17:09:05,1.304e-05,0.00000070,0.000000000025135600000000003,6678950,2019-02-15 17:09:05,btc,0.24365323,0.11539953,0.00000070,btc,0.00012162,0.0,0.10388603,61
1,[],22,[],2019-02-15 17:09:13,5149.5,0.00000011,0.00000000000394988,6678951,2019-02-15 17:09:13,BTC,1002.29598212,0.0,0.00000011,BTC,14957.700278135757,0.0,0.00051596,61
1,[],26,[],2019-02-15 17:09:13,0.0,0.00000800,0.00000000028726400000000003,6678952,2019-02-15 17:09:13,btc,0.0,0.0,0.00000800,btc,0.0,0.0,0.0,61
1,[],27,[],2019-02-15 17:09:15,18353.8823,0.00000034,0.00000000001220872,6678953,2019-02-15 17:09:15,btc,9.941007956931694,0.0,0.00000034,"btc,eth",15777.09679279,0.0,0.000456389983688305,61
1,[],28,[],2019-02-15 17:09:20,19894.304,0.00000091,0.00000000003267628,6678954,2019-02-15 17:09:20,btc,2.056360193700105,834.89,0.00000091,btc,9767.52450005,0.0,0.00993521304,61
1,[],4,[],2019-02-15 17:09:21,464952.61190639,0.00000288,0.00000000010341504000000001,6678955,2019-02-15 17:09:21,btc,1.1182544223969855,0.0,0.00000288,btc,263863.66341729,0.39473902,0.9651880036149397,67
0.0,[],25,[],2019-02-15 17:09:22,0.0,0,0,6678956,2019-02-15 17:09:22,,0.0,0.0,0.0,btc,0.0,0.0,0.0,67
1,[],12,[],2019-02-15 17:09:23,3422748.70800772,0.00000018,0.0000000000064634400000000006,6678957,2019-02-15 17:09:23,btc,11115996.408181299,0.0,0.00000018,btc,1931926.60325737,0.0063598628172882,0.1293261464411111,71
,[],5,[],2018-11-20 23:02:39,1.5e-07,0.00000005,0.000000000002128045,4862160,2018-11-20 23:02:39,btc,2.84511358,0.0,,btc,0.00036572,0.0,0.07381892,74
1,[],5,[],2019-02-15 17:09:25,3.049e-05,0.00000156,0.00000000005601648,6678958,2019-02-15 17:09:25,btc,1.5424315,0.0,0.00000156,btc,0.00016981,0.0,0.30484564,75
1,[],4,[],2019-02-15 17:09:26,29738604.75692337,0.00000001,0.00000000000035908,6678959,2019-02-15 17:09:26,btc,0.7668881456247842,0.0,0.00000001,btc,14615939.68425178,0.0,0.2973860475692337,81
0,[],20,[],2019-01-25 09:30:31,0.0,0,0,6495923,2019-01-25 09:30:31,btc,0.0,0.0,0,btc,0.0,0.0,0.0,81
1,[],4,[],2019-02-15 17:09:27,24113.77897018,0.00007788,0.00000000279651504,6678960,2019-02-15 17:09:27,btc,1.3332508163800822,0.0,0.00007788,btc,11283.78233952,0.04413984,0.1141857735604062,82
1,[],21,[],2019-02-15 17:09:28,136786.02223433,0.00008131000000000000586027754101,0.0000000029196794800000006,6678961,2019-02-15 17:09:28,btc,2.9670957502290753,14086.20681894,0.000081310000000000005860277541014369262484251521527767181396484375,btc,32789.597628,1.0793575,2.3040641206084618,82
0,[],17,[],2019-02-15 16:40:58,0.0,0,0,6678759,2019-02-15 16:40:58,btc,0.0447233088476774,0.0,0,btc,999127.19588126,0.0,0.0,84
0.00000000011636779999999999,[],4,[],2019-02-15 17:09:34,154682437.9405471,8.145746e-18,2.92497447368e-22,6678962,2019-02-15 17:09:34,ltc,0.19569063266501285,0.0,0.00000007,ltc,103154834.5860591,0.0,7.162194482758632e-10,85
,[],22,[],2018-11-20 23:09:34,3408.1,0.0000001,0.0000000000041895,4862324,2018-11-20 23:09:34,BTC,0.04624735,0.0,,BTC,4990.0,0.0,0.00033081,86
0,[],22,[],2019-02-15 17:09:43,0.0,0,0,6678963,2019-02-15 17:09:43,,2.0760781,0.0,0,,140622.94736842104,0.0,0.0,87
0,[],27,[],2019-02-15 17:09:46,0.0,0,0,6678964,2019-02-15 17:09:46,,0.0,0.0,0,btc,0.0,0.0,0.0,87
,[],2,[],2018-11-20 23:10:47,0.0,0,0,4862359,2018-11-20 23:10:47,,0.0,0.0,,,0.0,0.0,0.0,88
1,[],11,[],2019-02-15 17:09:48,96370.91036208,0.0001471199999999999873286082863188539704424329102039337158203125,0.00000000528278496,6678965,2019-02-15 17:09:48,btc,609.4485655723834,726.93749128,0.0001471199999999999873286082863188539704424329102039337158203125,btc,91260.61561686,0.0,6.487302647111818,89
0,[],2,[],2019-01-20 23:31:45,0.0,0,0,6477083,2019-01-20 23:31:45,,0.0,0.0,0,,0.0,0.0,0.0,91
1,[],12,[],2019-02-15 17:09:49,437350.61108003,0.00000206000000000000018206681821897330308956952649168670177459716796875,0.00000000007397048000000001,6678966,2019-02-15 17:09:49,btc,4.1933247428535,0.0,0.00000206000000000000018206681821897330308956952649168670177459716796875,btc,46375.93221439,0.0008352661478656,0.0611238891999984,91
0,[],17,[],2019-02-15 17:09:51,0.0,0,0,6678967,2019-02-15 17:09:51,btc,0.0,0.0,0,btc,0.0,0.0,0.0,91
0.00000000011636779999999999,[],22,[],2019-02-15 17:10:00,4525000.0,4.654712e-18,1.67141398496e-22,6678968,2019-02-15 17:10:00,LTC,8.12129807,0.0,0.00000004,LTC,66745238.1,0.0,0.14575,95
0.00000000011636779999999999,[],4,[],2019-02-15 17:10:02,135904849.2642762,9.425791799999999e-17,3.3846133195440003e-21,6678969,2019-02-15 17:10:02,ltc,0.5969148504839795,0.0,0.00000081,ltc,35576530.13800955,0.0,1.1302561667248122e-09,96
1,[],12,[],2019-02-15 17:10:03,468361.0,0.00000001,0.00000000000035908,6678970,2019-02-15 17:10:03,btc,255052.4973764399,0.0,0.00000001,btc,8743236.54676297,0.00049865,0.00468361,96
0,[],17,[],2019-02-15 16:41:21,0.0,0,0,6678769,2019-02-15 16:41:21,btc,0.0,0.0,0,btc,0.0,0.0,0.0,96
1,[],4,[],2019-02-15 17:10:05,1726283.14225935,0.00000032,0.00000000001149056,6678971,2019-02-15 17:10:05,btc,0.2356216879375803,0.0,0.00000032,btc,491997.76554143,0.04329831,0.1978304504403605,99
0,[],2,[],2019-01-20 23:23:55,0.0,0,0,6476914,2019-01-20 23:23:55,,0.0,0.0,0,,0.0,0.0,0.0,100
1,[],4,[],2019-02-15 17:10:05,210996.20171131,0.00003996,0.0000000014348836800000002,6678972,2019-02-15 17:10:05,btc,1.0292853589086615,0.0,0.00003996,btc,22508.31321805,0.48184746,1.8102720864160815,100
1,[],22,[],2019-02-15 17:10:13,50000.0,0.00000001,0.00000000000035908,6678973,2019-02-15 17:10:13,BTC,23.49896609,0.0,0.00000001,BTC,10277.22,0.0,0.0005,101
1,[],4,[],2019-02-15 17:10:14,309257.06014962,0.00000095,0.0000000000341126,6678974,2019-02-15 17:10:14,btc,0.4262818046887384,0.0,0.00000095,btc,169954.80815341,0.0111,0.1516207502204932,103
1,[],12,[],2019-02-15 17:10:16,48698060.9183887,0.000000017,0.0000000000006104360000000001,6678975,2019-02-15 17:10:16,btc,137278887.39003587,0.0,0.000000017,btc,119992054.99696422,0.11717101390079634,0.2469222731462192,105
1,[],27,[],2019-02-15 17:10:18,4011356.89,0.00000001,0.00000000000035908,6678976,2019-02-15 17:10:18,btc,0.3614577513692299,0.0,0.00000001,btc,323444.42860553,0.0,0.0401135689,105
0,[],22,[],2019-02-15 17:10:24,0.0,0,0,6678977,2019-02-15 17:10:24,,51.10825004,0.0,0,,468935.0,0.0,0.0,107
1,[],26,[],2019-02-15 17:10:24,0.0,0.00000000,0,6678978,2019-02-15 17:10:24,btc,0.0,0.0,0.00000000,btc,0.0,0.0,0.0,107
1,[],5,[],2019-02-15 17:10:27,1e-08,0.00000001,0.00000000000035908,6678979,2019-02-15 17:10:27,btc,2.89931996,1.209e-05,0.00000001,btc,1.571e-05,0.0,0.08579369,112
1,[],22,[],2019-02-15 17:10:33,167093.0,0.00000001,0.00000000000035908,6678980,2019-02-15 17:10:33,BTC,2.81183288,0.0,0.00000001,BTC,808524.0833333334,0.0,0.00167093,112
0,[],27,[],2019-02-15 17:10:36,0.0,0,0,6678981,2019-02-15 17:10:36,,1.35132491849924,0.0,0,"btc,eth",1328.641654,0.0,0.0,112
1,[],4,[],2019-02-15 17:10:37,443992.03874487,0.00000359,0.00000000012890972000000002,6678982,2019-02-15 17:10:37,btc,0.3298879594430452,0.0,0.00000359,btc,71699.32185538,0.43078623,0.152871177502785,113
1,[],5,[],2019-02-15 17:10:39,6.47e-06,0.00000300,0.00000000010772400000000001,6678983,2019-02-15 17:10:39,btc,0.87931707,0.01586341,0.00000300,btc,0.00160554,0.0,0.19855376,113
1,[],17,[],2019-02-15 17:10:51,152738.278,0.00000004,0.00000000000143632,6678984,2019-02-15 17:10:51,btc,1.33680302678,0.0,0.00000004,btc,50696.221,0.0,0.0022095311199999998,116
0,[],27,[],2019-02-15 17:10:54,0.0,0,0,6678985,2019-02-15 17:10:54,,0.0,0.0,0,btc,0.0,0.0,0.0,116
1,[],4,[],2019-02-15 17:10:56,28272.99468349,0.00003017,0.00000000108334436,6678986,2019-02-15 17:10:56,btc,0.6198833227129645,0.0,0.00003017,btc,18460.63684929,3.98133221,0.702454448692981,120
1,[],7,[],2019-02-15 17:10:59,18633.69032022,0.00002911000000000000081088781522797859224738203920423984527587890625,0.00000000104528188,6678987,2019-02-15 17:10:59,btc,115647.18450921868,254.17329107,0.00002911000000000000081088781522797859224738203920423984527587890625,btc,29322.90937265,0.00769174,0.07898627824036081,120
1,[],20,[],2019-02-15 17:11:02,1092927.6666,0.000000014,0.000000000000502712,6678988,2019-02-15 17:11:02,btc,33.8691165036599,518.15,0.000000014,btc,1150552.4764,7.2541e-06,0.0052581502171,125
1,[],22,[],2019-02-15 17:11:19,3053.0,0.00000001,0.00000000000035908,6678989,2019-02-15 17:11:19,BTC,0.01444889,0.0,0.00000001,BTC,296264.5111111111,0.0,3.053e-05,126
0,[],2,[],2019-01-20 23:25:46,0.0,0,0,6476969,2019-01-20 23:25:46,,0.0,0.0,0,,0.0,0.0,0.0,131
1,[],4,[],2019-02-15 17:11:20,77550.90794389,0.00001880,0.0000000006750704,6678990,2019-02-15 17:11:20,btc,0.8120504555657632,0.0,0.00001880,btc,32461.60364374,1.21099108,1.064219468097757,131
0,[],17,[],2019-02-15 17:11:22,0.0,0,0,6678991,2019-02-15 17:11:22,btc,0.0009561751951600001,0.0,0,btc,35.42829368,0.0,0.0,131
1,[],4,[],2019-02-15 17:11:23,4554.66753789,0.00016300,0.000000005853004000000001,6678992,2019-02-15 17:11:23,btc,1.6421815711089056,0.0,0.00016300,btc,308.40189166,0.0,0.0085792229708348,135
1,[],3,[],2019-02-15 17:11:24,1767573.20571841,0.00000005,0.0000000000017954,6678993,2019-02-15 17:11:24,btc,0.124836446126892,17500.0,0.00000005,btc,500394.16668737,0.0,0.064724815113701,136
1,[],4,[],2019-02-15 17:11:25,39821.8910256,0.00000160,0.000000000057452800000000007,6678994,2019-02-15 17:11:25,btc,0.0496303698063859,0.0,0.00000160,btc,25118.60900767,0.07976266,0.036667873201242,137
1,[],12,[],2019-02-15 17:11:26,295453.96102065,0.000001610000000000000043611490287143173105732785188592970371246337890625,0.000000000057811880000000005,6678995,2019-02-15 17:11:26,btc,11982.948388875206,0.0,0.000001610000000000000043611490287143173105732785188592970371246337890625,btc,159284.07304899,0.0271725988556476,0.0251188843350936,137
1,[],17,[],2019-02-15 15:24:18,22967.386363640002,0.00000088,0.000000000031610744000000004,6677884,2019-02-15 15:24:18,btc,20.069913352615647,0.0,0.00000088,btc,2746.079105,0.0,0.0104613000000032,142
1,[],4,[],2019-02-15 17:11:27,1225573.41788042,0.00004893,0.0000000017569784400000002,6678996,2019-02-15 17:11:27,btc,0.7755927989449714,0.0,0.00004893,btc,12480.35440566,1.27427154,0.5858982884039187,142
1,[],5,[],2019-02-15 17:11:29,0.0014902,0.00004749,0.0000000017052709200000002,6678997,2019-02-15 17:11:29,btc,0.86543023,1.60247921,0.00004749,btc,0.00300632,0.0,0.94232493,142
1,[],20,[],2019-02-15 17:11:41,134358.4884,0.00003683,0.0000000013224916400000001,6678998,2019-02-15 17:11:41,btc,0.3206144974822,4103.6455,0.00003683,btc,2774.3309,0.3147300715486,0.2681529220351,142
1,[],22,[],2019-02-15 17:11:48,1610.354305200341,0.00003220,0.0000000011562376,6678999,2019-02-15 17:11:48,BTC,3.00917232,0.0,0.00003220,BTC,917.9383601288407,0.0,0.0019657,142
0.0,[],25,[],2019-02-15 17:11:50,0.0,0,0,6679000,2019-02-15 17:11:50,,0.0,0.0,0.0,btc,0.0,0.0,0.0,142
1,[],28,[],2019-02-15 17:11:52,77743.0,0.00004500,0.00000000161586,6679001,2019-02-15 17:11:52,btc,0.057261322,650.0,0.00004500,btc,356.4989,0.0,0.0519372,142
0,[],22,[],2019-02-15 17:12:00,0.0,0,0,6679002,2019-02-15 17:12:00,,67.4285069,0.0,0,,834770972.3,0.0,0.0,143
1,[],21,[],2019-02-15 17:12:01,37110447.40980705,0.00000028,0.000000000010054240000000002,6679003,2019-02-15 17:12:01,btc,39.250299046141535,1504229.2855075,0.00000028,btc,77064521.1052224,0.42249856,5.978801751706675,145
0,[],22,[],2019-02-15 17:12:10,0.0,0,0,6679004,2019-02-15 17:12:10,,4.24982284,0.0,0,,1814156.0,0.0,0.0,146
,[],22,[],2018-11-20 23:01:11,0.0,0,0,4862114,2018-11-20 23:01:11,,2.56807021,0.0,,,61828.4988236,0.0,0.0,147
1,[],12,[],2019-02-15 17:12:12,8678973.59727901,0.00000302999999999999978877139594768408414893201552331447601318359375,0.00000000010880124000000001,6679005,2019-02-15 17:12:12,btc,16.584196373207686,0.0,0.00000302999999999999978877139594768408414893201552331447601318359375,btc,122519.66449333,0.0005447334,0.1084335269000051,148
1,[],4,[],2019-02-15 17:12:13,269051.94491491,0.00000036,0.000000000012926880000000001,6679006,2019-02-15 17:12:13,btc,0.778329816854735,0.0,0.00000036,btc,591310.33703653,0.0,0.0635157791439024,152
0,[],22,[],2019-02-15 17:12:21,0.0,0,0,6679007,2019-02-15 17:12:21,,0.0,0.0,0,,0.0,0.0,0.0,152
1,[],5,[],2019-02-15 17:12:23,0.0,0,0,6679008,2019-02-15 17:12:23,btc,10.61570492,0.0,0,btc,0.00092785,0.0,0.0,153
,[],16,[],2019-01-11 15:38:59,0.0,0,0,6366141,2019-01-11 15:38:59,btc,0.0,0.0,,btc,0.0,0.0,0.0,155
0,[],23,[],2019-01-20 23:24:29,0.0,0,0,6476932,2019-01-20 23:24:29,,0.0,0.0,0,,0.0,0.0,0.0,156
0,[],22,[],2019-02-15 17:12:29,0.0,0,0,6679009,2019-02-15 17:12:29,,6.74608761,0.0,0,,4644402.242592593,0.0,0.0,156
1,[],22,[],2019-02-15 17:12:36,7063.8,0.00005300,0.000000001903124,6679010,2019-02-15 17:12:36,BTC,43.78801181,0.0,0.00005300,BTC,1067.5805334758436,0.0,0.00104326,157
0,[],22,[],2019-02-15 17:12:46,0.0,0,0,6679011,2019-02-15 17:12:46,,50175.68008609,0.0,0,,54479136.04179466,0.0,0.0,158
,[],17,[],2018-11-20 22:56:10,0.0,0,0,4861976,2018-11-20 22:56:10,btc,1.1265625,0.0,,btc,1000.0,0.0,0.0,159
,[],20,[],2018-11-20 22:56:12,0.0,0,0,4861977,2018-11-20 22:56:12,btc,11912.7940471,0.0,,btc,34413894.3617,0.0,0.0,159
1,[],17,[],2019-02-15 16:30:54,29784.95,0.000001,0.0000000000358588,6678615,2019-02-15 16:30:54,btc,0.03026736251542,0.0,0.000001,btc,144.46171372,0.0,0.00716147,168
1,[],12,[],2019-02-15 17:12:48,179777.89790072,0.0000069999999999999998949950195947788955663781962357461452484130859375,0.000000000251356,6679012,2019-02-15 17:12:48,btc,6.662210083315603,0.0,0.0000069999999999999998949950195947788955663781962357461452484130859375,btc,14883.58889337,0.0054564631999884,0.08050524389998749,168
0,[],22,[],2019-02-15 17:13:06,0.0,0,0,6679013,2019-02-15 17:13:06,,1.14776715,0.0,0,,721548.0900917595,0.0,0.0,169
1,[],22,[],2019-02-15 17:13:13,236276.0,0.00000011,0.00000000000394988,6679014,2019-02-15 17:13:13,BTC,11.32785449,0.0,0.00000011,BTC,130417.33368472014,0.0,0.02144036,171
1,[],22,[],2019-02-15 17:13:19,218924.0,0.00000017,0.00000000000610436,6679015,2019-02-15 17:13:19,BTC,2.65454178,0.0,0.00000017,BTC,254159.8102907471,0.0,0.01635024,173
1,[],5,[],2019-02-15 17:13:21,2.431e-05,0.00000187,0.00000000006714796000000001,6679016,2019-02-15 17:13:21,btc,0.24368037,0.00763617,0.00000187,btc,0.00023408,0.0,0.31656761,175
1,[],22,[],2019-02-15 17:13:27,45130.0,0.0000005,0.000000000017954000000000002,6679017,2019-02-15 17:13:27,BTC,0.57315657,0.0,0.0000005,BTC,173473.47031396697,0.01565225,0.013396,176
0,[],2,[],2019-01-20 23:28:34,0.0,0,0,6477001,2019-01-20 23:28:34,,0.0,0.0,0,,0.0,0.0,0.0,178
1,[],7,[],2019-02-15 17:14:52,0.0,0,0,6679018,2019-02-15 17:14:52,btc,410973.9177089935,0.0,0,btc,115545110.28145695,0.0,0.0,178
0,[],22,[],2019-02-15 17:14:57,0.0,0,0,6679019,2019-02-15 17:14:57,,1.00242428,0.0,0,,57512.0,0.0,0.0,178
0,[],23,[],2019-01-20 23:25:08,0.0,0,0,6476952,2019-01-20 23:25:08,,0.0,0.0,0,,0.0,0.0,0.0,179
1,[],5,[],2019-02-15 17:14:59,3e-08,0.00000002,0.00000000000071816,6679020,2019-02-15 17:14:59,btc,30.24225341,0.1499932,0.00000002,btc,2.088e-05,0.0,0.78758009,179
1,[],22,[],2019-02-15 17:15:13,8079285.0,0.00000002,0.00000000000071816,6679021,2019-02-15 17:15:13,BTC,5.48629708,0.0,0.00000002,"BTC,LTC",17843614.676989965,0.0,0.38884554,179
1,[],17,[],2019-02-15 16:44:07,10504.725,0.0000001,0.00000000000359315,6678821,2019-02-15 16:44:07,btc,5.201913593534467,0.0,0.0000001,btc,5466.1328087,0.0,0.0010504725,180
1,[],22,[],2019-02-15 17:15:23,129205.4,0.0000005,0.000000000017954000000000002,6679022,2019-02-15 17:15:23,BTC,0.1148946,0.0,0.0000005,"BTC,LTC",18039.086946767708,1.13e-06,0.00160544,180
1,[],26,[],2019-02-15 17:15:23,0.0,0.00000300,0.00000000010772400000000001,6679023,2019-02-15 17:15:23,btc,0.0,321.8091,0.00000300,btc,0.0,0.0,0.0,180
,[],7,[],2018-11-20 22:58:01,562227.975654,0.00000085,0.000000000036176765,4862015,2018-11-20 22:58:01,btc,21836.6059674,2491.87645172,,btc,749999.041456,0.00211021,0.127565380455,183
,[],5,[],2019-01-10 08:11:41,0.0,0,0,6347036,2019-01-10 08:11:41,btc,82.15055501,0.00261,,btc,1.19002445,0.0,0.0,187
,[],17,[],2018-11-16 20:58:10,4062536.27273,0.00000001,0.000000000000550501,4708775,2018-11-16 20:58:10,btc,3.36492563466,0.195460381006,,"btc,eth",110697919.549,0.0,0.0157628953496,187
1,[],24,[],2019-02-15 17:15:24,0.0,0.000000000001,3.5908000000000003e-17,6679024,2019-02-15 17:15:24,btc,0.0,0.0,0.000000000001,btc,0.0,0.0,0.0,187
0,[],22,[],2019-02-15 17:15:29,0.0,0,0,6679025,2019-02-15 17:15:29,,1.19377283,0.0,0,,16434.10286773884,0.0,0.0,191
0,[],22,[],2019-02-15 17:15:51,0.0,0,0,6679026,2019-02-15 17:15:51,,0.0,0.0,0,,0.0,0.0,0.0,197
0,[],23,[],2019-01-20 23:31:41,0.0,0,0,6477079,2019-01-20 23:31:41,,0.0,0.0,0,,0.0,0.0,0.0,199
0,[],22,[],2019-02-15 17:16:03,0.0,0,0,6679027,2019-02-15 17:16:03,,5.15195517,0.0,0,,19804684.0,0.0,0.0,199
1,[],26,[],2019-02-15 17:16:03,0.0,0.00000000,0,6679028,2019-02-15 17:16:03,btc,0.0,774874.0,0.00000000,btc,0.0,0.0,0.0,199
0,[],17,[],2019-01-30 16:32:01,0.0,0,0,6540827,2019-01-30 16:32:01,btc,6.802544163788159,0.0,0,btc,105897.55575295,0.0,0.0,200
0,[],2,[],2019-01-20 23:30:49,0.0,0,0,6477059,2019-01-20 23:30:49,,0.0,0.0,0,,0.0,0.0,0.0,201
1,[],4,[],2019-01-25 15:51:35,2084389.58565343,0.00000936,0.000000000333526752,6499557,2019-01-25 15:51:35,btc,2.0092503037378524,0.0,0.00000936,btc,160195.80207885,0.19272417,1.242687955921835,211
1,[],7,[],2019-02-15 17:16:07,5317567.9503667,0.000001340000000000000087593235616190145975679115508683025836944580078125,0.000000000048116720000000004,6679029,2019-02-15 17:16:07,btc,15450816.253241751,198296.715143,0.000001340000000000000087593235616190145975679115508683025836944580078125,btc,11045278.23540655,0.0,3.650266151029146,212
1,[],12,[],2019-01-25 02:44:32,207462.42853209,0.000001080000000000000035831255497387193287295303889550268650054931640625,0.000000000038610756000000006,6493050,2019-01-25 02:44:32,btc,85023.03793723314,0.0,0.000001080000000000000035831255497387193287295303889550268650054931640625,btc,43675.73520027,0.000146250909087,0.0348620860622024,213
1,[],5,[],2019-02-15 17:16:09,3.02e-06,0.00000028,0.00000000001005424,6679030,2019-02-15 17:16:09,btc,0.96122757,0.14307135,0.00000028,btc,2.843e-05,0.0,0.15458532,213
1,[],24,[],2019-02-15 17:16:09,0.0,0.000000050000,0.0000000000017954000000000002,6679031,2019-02-15 17:16:09,btc,0.0,0.0,0.000000050000,btc,0.0,0.0,0.0,213
1,[],26,[],2019-02-15 17:16:09,0.0,0.00000009,0.0000000000032317200000000003,6679032,2019-02-15 17:16:09,btc,0.0,0.0,0.00000009,btc,0.0,0.0,0.0,213
1,[],22,[],2019-02-15 17:16:16,84099.0,0.00000002,0.00000000000071816,6679033,2019-02-15 17:16:16,BTC,2.19180044,0.0,0.00000002,BTC,147809.63137942314,0.0,0.00086798,216
1,[],27,[],2019-02-15 17:16:18,5201657.5615,0.00000004,0.00000000000143632,6679034,2019-02-15 17:16:18,btc,257.4737088006,0.0,0.00000004,"btc,ltc",272841.575,0.0,0.05463726246,216
1,[],22,[],2019-02-15 17:16:24,264909.9116687195,0.00000191,0.00000000006858428,6679035,2019-02-15 17:16:24,BTC,12677.07980424,0.0,0.00000191,BTC,434921.1283442996,0.02901572,0.27946429,217
1,[],7,[],2019-02-15 17:16:26,0.0,0,0,6679036,2019-02-15 17:16:26,btc,77970.0510741391,0.0,0,btc,137040561.1214003,0.0,0.0,219
0,[],27,[],2019-02-15 17:16:28,0.0,0,0,6679037,2019-02-15 17:16:28,,5.341833788316972,6000.0,0,btc,1599140.99226595,6e-05,0.0,219
0.0000000000000053,[],28,[],2019-02-15 17:16:30,170644344.6,6.6251060000000004e-18,2.3789430624800002e-22,6679038,2019-02-15 17:16:30,doge,88712.3748390675,14908.0,0.00125002,"btc,doge",4987338.69631,0.0,1.6122299354602012e-11,219
1,[],24,[],2019-02-15 17:16:38,0.0,0.000000210000,0.00000000000754068,6679040,2019-02-15 17:16:38,btc,0.0,0.0,0.000000210000,btc,0.0,0.0,0.0,221
1,[],22,[],2019-02-15 17:16:37,194617.6,0.00000011,0.00000000000394988,6679039,2019-02-15 17:16:37,BTC,2.97134928,0.0,0.00000011,BTC,84749.97041875875,0.03263657,0.01994196,221
1,[],20,[],2019-02-15 17:16:40,52014780.388,0.000000004,0.000000000000143632,6679041,2019-02-15 17:16:40,btc,49.8561890273503,150057.9,0.000000004,btc,10131219.2359,0.0006002316,0.0543415264806,224
0,[],22,[],2019-02-15 17:16:44,0.0,0,0,6679042,2019-02-15 17:16:44,,0.0,0.0,0,,0.0,0.0,0.0,224
1,[],26,[],2019-02-15 17:16:45,0.0,0.00000033,0.00000000001184964,6679043,2019-02-15 17:16:45,btc,0.0,0.0,0.00000033,btc,0.0,0.0,0.0,231
1,[],26,[],2019-02-15 17:16:45,0.0,0.00000006,0.0000000000021544800000000003,6679044,2019-02-15 17:16:45,btc,0.0,5310.0,0.00000006,btc,0.0,0.0,0.0,234
0,[],27,[],2019-02-15 17:16:48,0.0,0,0,6679045,2019-02-15 17:16:48,,0.0113483662182,0.0,0,"btc,eth",11462.99618,0.0,0.0,234
0,[],22,[],2019-02-15 17:16:52,0.0,0,0,6679046,2019-02-15 17:16:52,,2.86211091,0.0,0,,99455782.06349206,0.0,0.0,235
1,[],4,[],2019-02-15 17:16:53,1264978.82927835,0.00000109,0.00000000003913972,6679047,2019-02-15 17:16:53,btc,0.4936138971779092,0.0,0.00000109,btc,279896.27499842,0.21641906,0.5523398679565209,236
1,[],24,[],2019-02-15 17:16:53,0.0,0.000000020010,0.0000000000007185190800000001,6679048,2019-02-15 17:16:53,btc,0.0,0.0,0.000000020010,btc,0.0,0.0,0.0,236
1,[],20,[],2019-02-15 17:16:55,70467836.6648,0.000000072,0.000000000002585376,6679049,2019-02-15 17:16:55,btc,14.2014075229312,36166055.8481,0.000000072,btc,26099337.0116,2.7356836651442,0.6293621841572,237
1,[],22,[],2019-02-15 17:17:03,136267.0,0.00000004,0.00000000000143632,6679050,2019-02-15 17:17:03,BTC,0.0405823,0.0,0.00000004,"BTC,LTC",3164.0,0.00151375,0.00541601,237
1,[],4,[],2019-02-15 17:17:04,3861676.93364998,0.00000033,0.00000000001184964,6679051,2019-02-15 17:17:04,btc,0.6083891399326657,0.0,0.00000033,btc,1637945.94760753,0.37371177,1.1584437620265464,238
1,[],5,[],2019-02-15 17:17:05,4.25e-06,0.00000033,0.00000000001184964,6679052,2019-02-15 17:17:05,btc,0.75390931,0.00359352,0.00000033,btc,2.957e-05,0.0,0.26182582,238
0,[],22,[],2019-02-15 17:17:12,0.0,0,0,6679053,2019-02-15 17:17:12,,6404.65978688,0.0,0,,370860.0639027493,0.0,0.0,249
0.00000000011636779999999999,[],22,[],2019-02-15 17:17:18,7025765.666666667,3.491034e-18,1.25356048872e-22,6679054,2019-02-15 17:17:18,LTC,0.56171003,0.0,0.00000003,LTC,15047644.09,0.0,0.20977599,252
1,[],28,[],2019-02-15 17:17:20,3649212.286,0.00000009,0.0000000000032317200000000003,6679055,2019-02-15 17:17:20,btc,164693.68619852007,15006.3,0.00000009,btc,996884.2751,0.0,0.1990666963,256
1,[],22,[],2019-02-15 17:17:27,1171833.6666666667,0.00000003,0.0000000000010772400000000002,6679056,2019-02-15 17:17:27,BTC,30.16049781,0.0,0.00000003,BTC,434669.92423192423,0.00198357,0.03286297,258
1,[],22,[],2019-01-26 20:58:41,368451.0,0.00000001,0.000000000000356135,6510120,2019-01-26 20:58:41,BTC,2.642917,0.0,0.00000001,"BTC,LTC",1862.0,0.0,0.02488451,259
1,[],22,[],2019-02-15 17:17:37,10063.44129032258,0.00001550,0.000000000556574,6679057,2019-02-15 17:17:37,BTC,1293.00149872,0.0,0.00001550,"BTC,LTC",5037.219066198048,0.02642344,0.01091799,262
1,[],5,[],2019-02-15 17:17:40,1.064e-05,0.00000128,0.00000000004596224,6679058,2019-02-15 17:17:40,btc,0.72557699,0.09668062,0.00000128,btc,0.00033451,0.0,0.1957746,264
1,[],20,[],2019-02-15 17:17:43,1168822.153,0.000001505,0.000000000054041540000000005,6679059,2019-02-15 17:17:43,btc,4.9626157045585,101234.5652,0.000001505,btc,98988.5787,0.30845717277,0.0163915611476,264
1,[],22,[],2019-02-15 17:18:19,73606.5,0.00000002,0.00000000000071816,6679060,2019-02-15 17:18:19,BTC,8.41108046,0.0,0.00000002,BTC,382316.05885485065,0.000435,0.0009745,271
0,[],22,[],2019-02-15 17:18:28,0.0,0,0,6679061,2019-02-15 17:18:28,,388.44178703,0.0,0,,15473097515.9,0.0,0.0,272
0.0000000000000053,[],28,[],2019-02-15 17:18:29,187370221707.024,3.975e-21,1.4273430000000002e-25,6679062,2019-02-15 17:18:29,doge,441350154.94072866,56792588199.229,0.00000075,doge,213934899525.9015,0.0,4.666533792959065e-10,272
1,[],22,[],2019-02-15 17:18:41,11556.0,0.00001750,0.00000000062839,6679063,2019-02-15 17:18:41,BTC,74.21540689,0.0,0.00001750,"BTC,LTC",3595.7875453233178,0.03644781,0.01677932,281
