pairValue,buyBook,exchangeId,sellBook,updated,buyTotal,satoshiPrice,usdPrice,exchangeLogId,created,bestPair,sellTotalBtc,volume,pairPrice,activePairs,sellTotal,volumeBtc,buyTotalBtc,coinId
1,[],3,[],2019-06-01 09:02:27,65.297228877241,0.0108332099999999993678034826416478608734905719757080078125,0.000000927359608914,7721812,2019-06-01 09:02:27,btc,0.14623561929383908,44.1584085465,0.0108332099999999993678034826416478608734905719757080078125,btc,12.580685245264,0.0,0.23264324760107882,1
1,[],4,[],2019-06-01 09:02:28,207686.66213719,0.01081048,0.0000009254138436320001,7721813,2019-06-01 09:02:28,btc,7.632374215173197,0.0,0.01081048,btc,300.6775402,1.25620513,0.5755459025064104,1
1,[],5,[],2019-06-01 09:02:30,0.0,0,0,7721814,2019-06-01 09:02:30,btc,0.0,0.00542019,0,btc,0.0,0.0,0.0,1
1,[],10,[],2019-06-01 09:02:33,312496.77766261,0.00691204,0.000000591694124936,7721815,2019-06-01 09:02:33,btc,6520.080452196964,1525.22178,0.00691204,btc,1197.26486824,0.0,2.420062358084683,1
1,[],12,[],2019-06-01 09:02:36,78.87595392,0.01085999999999999986177723343416801071725785732269287109375,0.000000929652924,7721816,2019-06-01 09:02:36,btc,0.1655409476891,0.0,0.01085999999999999986177723343416801071725785732269287109375,btc,14.36586095,0.097480528856,0.3280583920008,1
1,[],20,[],2019-06-01 09:02:39,934.1629,0.009208882,0.0000007883116093988001,7721817,2019-06-01 09:02:39,btc,0.2237767765434,0.0,0.009208882,btc,17.3543,0.0,0.0998079575459,1
1,[],21,[],2019-06-01 09:02:41,1910.66502915,0.01083356000000000075866868343,0.000000927389570104,7721818,2019-06-01 09:02:41,btc,9.604101934050826,1962.89168692,0.01083356000000000075866868343155147158540785312652587890625,"btc,eth",1267.23356039,19.71750712797794,17.26808832152302,1
1,[],22,[],2019-06-01 09:02:44,0.0025666666666666667,0.00900000,0.0000007704306,7721819,2019-06-01 09:02:44,BTC,0.31629903,0.0,0.00900000,BTC,0.2505752479991019,0.0,2.31e-05,1
1,[],24,[],2019-06-01 09:02:45,0.0,0.000000000000,0,7721820,2019-06-01 09:02:45,btc,0.0,0.0,0.000000000000,btc,0.0,0.0,0.0,1
0.0,[],25,[],2019-06-01 09:02:46,0.0,0,0,7721821,2019-06-01 09:02:46,btc,45.714999998393026,4010.63809288,0.0,btc,4067.02616471,44.055,0.0,1
1,[],26,[],2019-06-01 09:02:47,0.0,0,0,7721822,2019-06-01 09:02:47,,0.0,0.0,0,,0.0,0.0,0.0,1
0,[],28,[],2019-06-01 08:03:25,0.0,0,0,7721671,2019-06-01 08:03:25,,0.0,347976.25,0,,0.0,0.0,0.0,1
0,[],2,[],2019-01-20 23:28:45,0.0,0,0,6477011,2019-01-20 23:28:45,,0.0,0.0,0,,0.0,0.0,0.0,1
1,[],5,[],2019-06-01 08:03:27,0.0,0,0,7721672,2019-06-01 08:03:27,btc,0.0,0.01480493,0,btc,0.0,0.0,0.0,2
1,[],22,[],2019-06-01 08:03:30,11638.0,0.0000002,0.000000000017096380000000002,7721673,2019-06-01 08:03:30,BTC,21.00897301,0.0,0.0000002,"BTC,XMR",20678.87287795317,0.0,0.00145435,2
1,[],5,[],2019-06-01 08:03:32,0.0,0,0,7721674,2019-06-01 08:03:32,btc,0.0,0.21258341,0,btc,0.0,0.0,0.0,3
1,[],12,[],2019-06-01 08:03:33,1082774.60322,0.000000117,0.000000000010001382300000001,7721675,2019-06-01 08:03:33,btc,169517.41072343988,0.0,0.000000117,btc,2580962.29978469,0.11317275936,0.07485153110184,3
0,[],28,[],2019-06-01 08:03:34,0.0,0,0,7721676,2019-06-01 08:03:34,,0.0,0.0,0,,0.0,0.0,0.0,3
0,[],2,[],2019-01-20 23:31:32,0.0,0,0,6477077,2019-01-20 23:31:32,,0.0,0.0,0,,0.0,0.0,0.0,4
1,[],4,[],2019-05-18 21:29:50,562734.9206932,0.00000010,0.000000000007298720000000001,7650946,2019-05-18 21:29:50,btc,41.9347137769675,0.0,0.00000010,btc,1123702.32192634,0.00052462,0.029254593370966,4
0,[],12,[],2019-06-01 08:03:35,0.0,0,0,7721677,2019-06-01 08:03:35,btc,625.901992874995,0.0,0,btc,1211362.4995005,0.0,0.0,5
0,[],2,[],2019-01-20 23:31:51,0.0,0,0,6477087,2019-01-20 23:31:51,,0.0,0.0,0,,0.0,0.0,0.0,6
1,[],11,[],2019-06-01 08:03:37,9060347.776736,0.00000002,0.0000000000017096380000000002,7721678,2019-06-01 08:03:37,btc,9582.921616042946,3292184.0,0.00000002,btc,68494596.46260394,0.0,0.13675210276736,6
1,[],3,[],2019-06-01 08:03:38,12002.22640638846,0.000088889999999999997661037642870951458462513983249664306640625,0.000000007598486091000001,7721679,2019-06-01 08:03:38,btc,0.050299565889330496,176.533509258,0.000088889999999999997661037642870951458462513983249664306640625,btc,175.158622634518,0.0,0.022450078997647813,7
1,[],4,[],2019-06-01 08:03:39,319519.2513573,0.00009371,0.000000008010508849000001,7721680,2019-06-01 08:03:39,btc,9.73137233501027,0.0,0.00009371,btc,57964.12136494,1.85778565,1.8475176290119728,7
1,[],5,[],2019-06-01 08:03:41,0.0,0,0,7721681,2019-06-01 08:03:41,btc,0.0,0.36446528,0,btc,0.0,0.0,0.0,7
1,[],20,[],2019-04-07 22:06:50,3201475.0482,0.000000001,0.000000000000051590000000000004,7213932,2019-04-07 22:06:50,btc,30.8005781811902,0.0,0.000000001,btc,23077405.3926,0.0,0.0032014750482,8
0,[],2,[],2019-01-20 23:22:42,0.0,0,0,6476876,2019-01-20 23:22:42,,0.0,0.0,0,,0.0,0.0,0.0,9
0,[],23,[],2019-01-20 23:22:48,0.0,0,0,6476878,2019-01-20 23:22:48,,0.0,0.0,0,,0.0,0.0,0.0,9
1,[],1,[],2019-02-17 23:31:42,1822507.21,0.00000181000000000000003456111265232042484285557293333113193511962890625,0.000000000066086901,6701244,2019-02-17 23:31:42,btc,3.6990969245,17153386.5,0.00000181000000000000003456111265232042484285557293333113193511962890625,btc,1997391.71,31.11772986,3.2610482446,9
1,[],4,[],2019-06-01 08:03:43,3491937.03360011,0.00000047,0.000000000040176493,7721682,2019-06-01 08:03:43,btc,3.8529583629062745,0.0,0.00000047,btc,3489631.62323982,0.40888684,0.2290276231040797,9
0,[],28,[],2019-06-01 08:03:44,0.0,0,0,7721683,2019-06-01 08:03:44,,0.0,3669105.0,0,,0.0,0.0,0.0,9
1,[],4,[],2019-02-17 11:22:43,4341674.27126056,0.00000002,0.0000000000007272960000000001,6696112,2019-02-17 11:22:43,btc,0.1997230937751353,0.0,0.00000002,btc,4109766.79808031,0.00215132,0.0479381022052112,10
0,[],2,[],2019-01-20 23:23:08,0.0,0,0,6476890,2019-01-20 23:23:08,,0.0,0.0,0,,0.0,0.0,0.0,12
1,[],4,[],2019-06-01 08:03:45,7127505.64687171,0.00000044,0.000000000037612036000000006,7721684,2019-06-01 08:03:45,btc,4.697876496280315,0.0,0.00000044,btc,4932047.75639412,0.84505128,1.0440050471728461,12
1,[],5,[],2019-06-01 08:03:46,0.0,0,0,7721685,2019-06-01 08:03:46,btc,0.0,0.25834286,0,btc,0.0,0.0,0.0,12
0.0,[],25,[],2019-06-01 08:03:47,0.0,0,0,7721686,2019-06-01 08:03:47,,0.0,0.0,0.0,btc,0.0,0.0,0.0,12
1,[],4,[],2019-06-01 08:03:48,341403.64060565,0.00000562,0.000000000480408278,7721687,2019-06-01 08:03:48,btc,1.7121702363964848,0.0,0.00000562,btc,221656.36120816,0.37717931,0.510541915943519,13
1,[],10,[],2019-06-01 08:03:50,653322.29046122,0.00000546,0.000000000466731174,7721688,2019-06-01 08:03:50,btc,666803.2837320091,27093.2660467,0.00000546,btc,869691.41131218,0.0,0.2430959620936809,13
1,[],21,[],2019-06-01 08:03:51,1885657.61215771,0.000005750000000000000004499439016,0.0000000004915209250000001,7721689,2019-06-01 08:03:51,btc,2.7421714144290856,719800.0062301,0.0000057500000000000000044994390158148434011309291236102581024169921875,btc,423369.3590847,4.06821302,7.812374547358312,13
1,[],4,[],2019-06-01 08:03:53,1191844.55033709,0.00000076,0.000000000064966244,7721690,2019-06-01 08:03:53,btc,4.304921752847076,0.0,0.00000076,btc,835450.70438806,0.02196721,0.2954478854020895,14
1,[],12,[],2019-06-01 08:03:55,135627.36959525,0.00000073,0.000000000062401787,7721691,2019-06-01 08:03:55,btc,14.133748467505994,0.0,0.00000073,btc,21291.79261605,0.0,0.0152033299999766,14
0,[],17,[],2019-05-03 00:53:32,0.0,0,0,7558876,2019-05-03 00:53:32,btc,0.0,0.0,0,btc,0.0,0.0,0.0,14
1,[],26,[],2019-06-01 08:05:55,0.0,0.00000050,0.000000000042740950000000005,7721692,2019-06-01 08:05:55,btc,0.0,0.0,0.00000050,btc,0.0,0.0,0.0,14
,[],12,[],2018-12-01 15:15:48,204241.84496,0.00000489,0.000000000202473384,5260204,2018-12-01 15:15:48,btc,49.5475654835,0.0,,btc,35763.2193806,0.0163153972027625,0.0203389899998,15
0,[],4,[],2019-06-01 08:05:55,0.0,0,0,7721693,2019-06-01 08:05:55,,0.0,0.0,0,,0.0,0.0,0.0,15
0,[],2,[],2019-01-20 23:23:38,0.0,0,0,6476906,2019-01-20 23:23:38,,0.0,0.0,0,,0.0,0.0,0.0,18
1,[],4,[],2019-06-01 08:05:57,34232.12879508,0.00001104,0.0000000009437201760000001,7721694,2019-06-01 08:05:57,btc,0.9983480050368249,0.0,0.00001104,btc,13339.64379511,0.05125404,0.078731014080939,18
1,[],10,[],2019-06-01 08:05:59,494850.71670499,0.00001247,0.000000001065959293,7721695,2019-06-01 08:05:59,btc,15.338664379221825,2495.69585559,0.00001247,btc,13130.48058351,0.0,0.1515852929758436,18
1,[],12,[],2019-06-01 08:06:00,3283.4335552000002,0.000012310000000000000724086589298789107260745367966592311859130859375,0.0000000010522821890000001,7721696,2019-06-01 08:06:00,btc,0.40076998515748014,0.0,0.000012310000000000000724086589298789107260745367966592311859130859375,btc,1455.9362923,1.64875e-06,0.0134630741775863,18
0,[],17,[],2019-05-03 00:53:39,0.0,0,0,7558882,2019-05-03 00:53:39,btc,0.0,0.0,0,btc,0.0,0.0,0.0,18
0,[],2,[],2019-01-20 23:24:19,0.0,0,0,6476924,2019-01-20 23:24:19,,0.0,0.0,0,,0.0,0.0,0.0,19
1,[],3,[],2019-06-01 08:08:01,149873.00389946907,0.00000514999999999999981989233510670800342268194071948528289794921875,0.00000000044023178500000003,7721697,2019-06-01 08:08:01,btc,0.20633781554904887,3787.61204435,0.00000514999999999999981989233510670800342268194071948528289794921875,btc,5031.336809201002,0.0,0.0537831238227969,19
1,[],4,[],2019-06-01 08:08:02,526976.34393002,0.00000812,0.0000000006941130280000001,7721698,2019-06-01 08:08:02,btc,3.92850401246099,0.0,0.00000812,btc,165631.93784322,0.130106,0.5170929861522359,19
1,[],5,[],2019-06-01 08:08:03,0.0,0,0,7721699,2019-06-01 08:08:03,btc,0.0,0.00098835,0,btc,0.0,0.0,0.0,19
1,[],12,[],2019-06-01 08:08:04,15058.29031919,0.00000711999999999999959310326147488012793473899364471435546875,0.000000000608631128,7721700,2019-06-01 08:08:04,btc,0.0583893420825547,0.0,0.00000711999999999999959310326147488012793473899364471435546875,btc,1678.60747297,0.000964805194,0.0268646999995883,19
0,[],27,[],2019-06-01 08:08:11,0.0,0,0,7721701,2019-06-01 08:08:11,,0.0,0.0,0,btc,0.0,0.0,0.0,19
1,[],4,[],2019-06-01 08:08:12,10062076.88478525,0.00000007,0.0000000000059837330000000005,7721702,2019-06-01 08:08:12,btc,6.411239436602338,0.0,0.00000007,btc,2322306.93095912,0.0,0.1174938176872809,20
1,[],4,[],2019-06-01 08:08:13,8601456.648,0.00000001,0.0000000000008548190000000001,7721703,2019-06-01 08:08:13,btc,1773.443050113071,0.0,0.00000001,btc,71792400.02851576,0.15555105,0.08601456648,21
1,[],12,[],2019-06-01 08:08:14,2225192.0,0.00000001,0.0000000000008548190000000001,7721704,2019-06-01 08:08:14,btc,2566.6125287053546,0.0,0.00000001,btc,5033244.76723275,0.000104027481,0.02225192,21
0,[],17,[],2019-05-03 00:53:51,0.0,0,0,7558891,2019-05-03 00:53:51,btc,0.0,0.0,0,btc,0.0,0.0,0.0,21
1,[],12,[],2019-06-01 08:10:15,5192089129.0,0.0000000003,0.000000000000025644570000000002,7721705,2019-06-01 08:10:15,btc,709129801.6050931,0.0,0.0000000003,btc,3282091168.488155,0.213740117447,1.1878634576,23
0.0000000003159858,[],27,[],2019-06-01 08:10:24,64615302.5379447,9.479574e-18,8.103319967106001e-22,7721706,2019-06-01 08:10:24,eth,105172.8430536228,54998250.48209598,0.00000003,eth,20654164.028,5.213599839053581e-10,3.817098086830228e-10,23
1,[],4,[],2019-06-01 08:10:25,1953835.50054533,0.00000027,0.000000000023080113000000003,7721707,2019-06-01 08:10:25,btc,10.62584400964341,0.0,0.00000027,btc,1713889.23538978,0.05856331,0.0777725656208237,24
1,[],22,[],2019-06-01 08:10:28,21.76,0.00000100,0.00000000008548190000000001,7721708,2019-06-01 08:10:28,BTC,7.415e-05,0.0,0.00000100,BTC,23.919354838709676,0.0,1.186e-05,24
0.0,[],25,[],2019-06-01 08:10:29,0.0,0,0,7721709,2019-06-01 08:10:29,,0.0,0.0,0.0,btc,0.0,0.0,0.0,24
0,[],2,[],2019-01-20 23:25:56,0.0,0,0,6476976,2019-01-20 23:25:56,,0.0,0.0,0,,0.0,0.0,0.0,26
1,[],4,[],2019-06-01 08:10:30,26943506.46351175,0.00000481,0.000000000411167939,7721710,2019-06-01 08:10:30,btc,13.36690481553574,0.0,0.00000481,btc,244630.420991,0.09186005,0.4826301789197031,26
1,[],10,[],2019-06-01 08:10:32,150655.24411091,0.00000422,0.00000000036073361800000006,7721711,2019-06-01 08:10:32,btc,25.5870560102651,5590.19713739,0.00000422,btc,23615.73258462,0.0,0.0358210810213725,26
1,[],5,[],2019-04-26 09:47:06,0.0,0,0,7465326,2019-04-26 09:47:06,btc,0.0,0.0,0,btc,0.0,0.0,0.0,27
1,[],3,[],2019-06-01 08:10:33,21749283.185043,0.00000001,0.0000000000008548190000000001,7721712,2019-06-01 08:10:33,btc,3.764266340933782,10292604.6857,0.00000001,btc,26149454.45909521,0.0,0.21749283185043,27
1,[],11,[],2019-06-01 08:10:35,2110243.08157834,0.00000002,0.0000000000017096380000000002,7721713,2019-06-01 08:10:35,btc,67503.04527066177,19676.5543251,0.00000002,btc,6588861.32608848,0.0,0.0211134458157834,27
1,[],4,[],2019-06-01 08:10:35,1073028604.2268499,0.00000001,0.0000000000008548190000000001,7721714,2019-06-01 08:10:35,btc,4.9060046373888815,0.0,0.00000001,"btc,ltc",294802533.1620294,0.03610852,7.463568040648699,29
1,[],7,[],2019-06-01 08:10:36,85451021.33155985,0.00000001,0.0000000000008548190000000001,7721715,2019-06-01 08:10:36,btc,46548272.13038767,89522.0,0.00000001,btc,35158492.31660526,0.00089522,0.8545102133155985,29
0,[],17,[],2019-05-03 01:11:25,0.0,0,0,7559066,2019-05-03 01:11:25,btc,0.0,0.0,0,btc,0.0,0.0,0.0,30
1,[],4,[],2019-06-01 08:10:37,15256875.78730119,0.00000007,0.0000000000059837330000000005,7721716,2019-06-01 08:10:37,btc,2.598792341939883,0.0,0.00000007,btc,2103132.23973194,0.0,0.1695993014565784,30
1,[],4,[],2019-06-01 08:12:38,105319.82415339,0.00004542,0.000000003882587898000001,7721717,2019-06-01 08:12:38,btc,3.445418100874218,0.0,0.00004542,btc,46286.45529098,0.62494213,0.4899662349397759,31
1,[],21,[],2019-06-01 08:12:38,167306.28052486,0.00004623000000000000291608751035,0.000000003951828237000001,7721718,2019-06-01 08:12:38,btc,6.584034517767853,168223.62715636,0.0000462300000000000029160875103517724937773891724646091461181640625,btc,131432.55259795,7.6045923,6.248122929116781,31
0,[],2,[],2019-01-20 23:28:43,0.0,0,0,6477009,2019-01-20 23:28:43,,0.0,0.0,0,,0.0,0.0,0.0,32
1,[],12,[],2019-03-30 07:55:10,40641173.964,0.00000003,0.000000000001228359,7108785,2019-03-30 07:55:10,btc,4233210.82356125,0.0,0.00000003,btc,28378394.68333462,0.0126927883965248,0.90752895892,33
0,[],4,[],2019-06-01 08:12:39,0.0,0,0,7721719,2019-06-01 08:12:39,,0.0,0.0,0,,0.0,0.0,0.0,33
0.0000000001333297,[],4,[],2019-06-01 08:12:41,509790226.4487445,3.3332425e-17,2.8493190206075003e-21,7721720,2019-06-01 08:12:41,ltc,3.6059298381841973,0.0,0.00000025,ltc,154167426.81013116,0.00124777,2.0756076495598395e-09,34
1,[],5,[],2019-06-01 08:12:43,0.0,0,0,7721721,2019-06-01 08:12:43,btc,0.0,3.262e-05,0,btc,0.0,0.0,0.0,34
0.0000000002926451,[],17,[],2019-05-02 18:17:47,200000.0,2.9264510000000002e-18,1.596703856561e-22,7556430,2019-05-02 18:17:47,eth,0.20942468735267253,0.0,0.00000001,"btc,eth",1018272.20243647,0.0,5.852902e-13,36
0.0000000001311821,[],4,[],2019-05-31 13:28:19,2417517744.0607657,1.311821e-18,1.105058333085e-22,7717483,2019-05-31 13:28:19,ltc,5.019900492391546e-08,0.0,0.00000001,ltc,7102398142.262129,0.0,3.171350544531538e-09,36
1,[],5,[],2019-05-31 13:28:21,0.0,0,0,7717484,2019-05-31 13:28:21,btc,0.0,0.0,0,btc,0.0,0.0,0.0,36
0.0000000003108179,[],27,[],2019-05-31 13:30:34,10388811.226876,6.216358000000001e-18,5.236566733830001e-22,7717485,2019-05-31 13:30:34,eth,1569.8708019850988,761866.634299,0.00000002,"ltc,eth",5084024.2511555,4.736034912207001e-12,3.3251980286483705e-11,36
1,[],17,[],2019-05-03 01:11:36,211752.74075282,0.00000025,0.000000000013700074999999998,7559074,2019-05-03 01:11:36,btc,0.055484923955058496,0.0,0.00000025,"btc,eth",1387.19918473,0.0,0.0005381851887916605,37
1,[],4,[],2019-06-01 08:12:43,9867894.37880113,0.00000015,0.000000000012822285000000001,7721722,2019-06-01 08:12:43,btc,19772.52163122685,0.0,0.00000015,btc,736058.76933135,0.00056746,0.1203417714913695,37
1,[],12,[],2019-06-01 08:12:44,3602554.84028571,0.00000018,0.000000000015386742,7721723,2019-06-01 08:12:44,btc,112.42267357074726,0.0,0.00000018,btc,1000487.99081749,0.018904419264,0.1627782812514278,37
1,[],27,[],2019-06-01 08:14:52,6137.0,0.00000016,0.000000000013677104000000002,7721724,2019-06-01 08:14:52,btc,24.12337022903233,50.0,0.00000016,btc,5792.49438508,8e-06,0.00075592,37
1,[],5,[],2019-06-01 08:14:54,0.0,0,0,7721725,2019-06-01 08:14:54,btc,0.0,0.00054067,0,btc,0.0,0.0,0.0,42
1,[],12,[],2019-06-01 08:14:55,124301.34900004,0.00000091,0.00000000007778852900000001,7721726,2019-06-01 08:14:55,btc,24.79034710182475,0.0,0.00000091,btc,72391.88087489,0.002986581288,0.040824909999962196,42
1,[],27,[],2019-06-01 08:15:03,506.0,0.00000002,0.0000000000017096380000000002,7721727,2019-06-01 08:15:03,btc,0.07600425,0.0,0.00000002,"btc,eth",18.0,0.0,6.0000003319746814e-06,42
1,[],12,[],2019-03-13 09:13:29,1112112.0,0.00000001,0.000000000000386531,6919902,2019-03-13 09:13:29,btc,29058.00478931866,0.0,0.00000001,btc,5967681.93306694,9.99000999e-07,0.01112112,43
1,[],5,[],2019-04-26 22:38:52,0.0,0,0,7474154,2019-04-26 22:38:52,btc,0.0,0.02638891,0,btc,0.0,0.0,0.0,43
0,[],17,[],2019-04-26 22:38:53,0.0,0,0,7474155,2019-04-26 22:38:53,btc,0.0,0.0,0,btc,0.0,0.0,0.0,43
1,[],12,[],2019-03-05 01:54:08,639326.02,0.00000004,0.000000000001486676,6845775,2019-03-05 01:54:08,btc,11116042.728239931,0.0,0.00000004,btc,1103841.4595604,0.0003330765234764,0.014975410599999999,44
1,[],4,[],2019-06-01 08:15:03,111291137.46287183,0.00000001,0.0000000000008548190000000001,7721728,2019-06-01 08:15:03,btc,303169.60575944744,0.0,0.00000001,"btc,ltc",28272947.90928054,0.00188169,0.0349594701652296,49
0.0000000001333297,[],4,[],2019-06-01 08:15:04,130738793.45138578,3.4665722e-17,2.9632917814318004e-21,7721729,2019-06-01 08:15:04,ltc,22049.959233041467,0.0,0.00000026,ltc,159352575.622158,0.0,1.3065198550927501e-09,52
0,[],22,[],2019-06-01 08:15:07,0.0,0,0,7721730,2019-06-01 08:15:07,,10289.55991011,0.0,0,,308568058.4566013,0.0,0.0,57
1,[],27,[],2019-06-01 08:15:21,2297.0,0.0000003,0.000000000025644570000000003,7721731,2019-06-01 08:15:21,btc,0.0,0.0,0.0000003,"btc,eth",0.0,0.0,0.0003891,57
0.0000000001333297,[],4,[],2019-06-01 08:15:22,3423118777.8051414,1.333297e-18,1.139727608243e-22,7721732,2019-06-01 08:15:22,ltc,19.341013822011003,0.0,0.00000001,ltc,5852232846.057803,0.0,4.564033997091262e-09,58
1,[],12,[],2019-06-01 08:15:22,646911798.0,0.0000000001,0.000000000000008548190000000001,7721733,2019-06-01 08:15:22,btc,2236849.5189963747,0.0,0.0000000001,btc,3376092168.8421144,0.002157171841,0.0646911798,58
0.0000000001080014,[],22,[],2019-06-01 08:17:26,126877.0,1.080014e-18,9.232164874660001e-23,7721734,2019-06-01 08:17:26,XMR,68.17454206,0.0,0.00000001,XMR,9626402.6,0.0,0.00126877,58
1,[],17,[],2019-05-03 01:12:09,1200000.0,0.0000000001,0.00000000000000548003,7559085,2019-05-03 01:12:09,btc,1e+24,0.0,0.0000000001,"btc,eth",39516342.31952568,0.0,0.00010000000058666061,58
1,[],5,[],2019-06-01 08:17:27,0.0,0,0,7721735,2019-06-01 08:17:27,btc,0.0,0.01150379,0,btc,0.0,0.0,0.0,61
1,[],22,[],2019-06-01 08:17:30,13613.833333333334,0.00000012,0.000000000010257828,7721736,2019-06-01 08:17:30,BTC,1002.29123003,0.0,0.00000012,BTC,15014.200177125656,0.0,0.00153269,61
1,[],26,[],2019-06-01 08:17:30,0.0,0.00000050,0.000000000042740950000000005,7721737,2019-06-01 08:17:30,btc,0.0,0.0,0.00000050,btc,0.0,0.0,0.0,61
1,[],27,[],2019-06-01 08:17:36,8450.0,0.0000002,0.000000000017096380000000002,7721738,2019-06-01 08:17:36,btc,1.9582485601246655,0.0,0.0000002,"btc,eth",11379.41563696,0.0,0.001522,61
0,[],28,[],2019-06-01 08:17:38,0.0,0,0,7721739,2019-06-01 08:17:38,,0.0,714.0,0,,0.0,0.0,0.0,61
1,[],4,[],2019-06-01 08:17:40,822690.32266148,0.00000075,0.000000000064111425,7721740,2019-06-01 08:17:40,btc,2.915857192017176,0.0,0.00000075,btc,914377.92734413,0.07660523,0.4140126863156112,67
0.0,[],25,[],2019-06-01 08:17:41,0.0,0,0,7721741,2019-06-01 08:17:41,,0.0,0.0,0.0,btc,0.0,0.0,0.0,67
1,[],12,[],2019-06-01 08:17:43,786616.0,0.00000006,0.000000000005128914,7721742,2019-06-01 08:17:43,btc,5.169975085524473,0.0,0.00000006,btc,775869.19280716,0.001283255804,0.01664106,71
,[],5,[],2018-11-20 23:02:39,1.5e-07,0.00000005,0.000000000002128045,4862160,2018-11-20 23:02:39,btc,2.84511358,0.0,,btc,0.00036572,0.0,0.07381892,74
1,[],5,[],2019-06-01 08:17:44,0.0,0,0,7721743,2019-06-01 08:17:44,btc,0.0,0.1411859,0,btc,0.0,0.0,0.0,75
0,[],4,[],2019-05-25 21:33:44,0.0,0,0,7686249,2019-05-25 21:33:44,,133656.37989170782,0.0,0,,33439209.5909442,0.0,0.0,81
0,[],20,[],2019-01-25 09:30:31,0.0,0,0,6495923,2019-01-25 09:30:31,btc,0.0,0.0,0,btc,0.0,0.0,0.0,81
1,[],4,[],2019-06-01 08:17:45,36091.85541996,0.00011012,0.000000009413266828000001,7721744,2019-06-01 08:17:45,btc,55.541810718866294,0.0,0.00011012,btc,120279.5340953,0.12699577,0.7324413163081767,82
1,[],21,[],2019-06-01 08:17:48,83439.25505173,0.0001004299999999999989811275136,0.000000008584947217000001,7721745,2019-06-01 08:17:48,btc,14.593163128540102,49715.00333508,0.000100429999999999998981127513619782121168100275099277496337890625,btc,92983.18786248,5.61004674,6.459312242105786,82
0,[],17,[],2019-03-25 22:42:34,0.0,0,0,7038780,2019-03-25 22:42:34,btc,0.0445064681804024,0.0,0,btc,995513.18476001,0.0,0.0,84
0.0000000001161485,[],4,[],2019-05-20 13:09:39,216715621.0206096,1.161485e-18,9.0533806701e-23,7657228,2019-05-20 13:09:39,ltc,1.6511566870244727,0.0,0.00000001,ltc,471032407.9048656,0.0,2.5171194308112273e-10,85
,[],22,[],2018-11-20 23:09:34,3408.1,0.0000001,0.0000000000041895,4862324,2018-11-20 23:09:34,BTC,0.04624735,0.0,,BTC,4990.0,0.0,0.00033081,86
1,[],22,[],2019-06-01 08:17:51,62656.0,0.00000001,0.0000000000008548190000000001,7721746,2019-06-01 08:17:51,BTC,1.45392802,0.0,0.00000001,BTC,376558.04736842104,0.0,0.00062656,87
1,[],27,[],2019-06-01 08:17:57,97382.0,0.00000007,0.0000000000059837330000000005,7721747,2019-06-01 08:17:57,btc,5.052574818036,390442.0,0.00000007,btc,45323.67341,0.0390442,0.00122414,87
,[],2,[],2018-11-20 23:10:47,0.0,0,0,4862359,2018-11-20 23:10:47,,0.0,0.0,,,0.0,0.0,0.0,88
1,[],11,[],2019-06-01 08:17:59,125642.88623326,0.000080000000000000006544244313122504763668985106050968170166015625,0.000000006838552000000001,7721748,2019-06-01 08:17:59,btc,167.37098345351976,66.1,0.000080000000000000006544244313122504763668985106050968170166015625,btc,200873.9642181,0.0,2.0499510310336504,89
1,[],12,[],2019-06-01 08:18:01,264264.60637679,0.00000028,0.000000000023934932000000002,7721749,2019-06-01 08:18:01,btc,87.69490393527792,0.0,0.00000028,btc,147775.87496614,0.000428412052,0.0117857911999949,91
1,[],22,[],2019-06-01 08:20:06,75910.55,0.0000002,0.000000000017096380000000002,7721750,2019-06-01 08:20:06,BTC,0.497,0.0,0.0000002,"BTC,LTC",6.95,0.0,0.00165931,91
0,[],2,[],2019-01-20 23:31:45,0.0,0,0,6477083,2019-01-20 23:31:45,,0.0,0.0,0,,0.0,0.0,0.0,91
0,[],17,[],2019-05-03 01:12:26,0.0,0,0,7559096,2019-05-03 01:12:26,btc,0.0,0.0,0,btc,0.0,0.0,0.0,91
1,[],22,[],2019-04-09 20:17:52,374949.73333333334,0.00000015,0.000000000007771935,7235704,2019-04-09 20:17:52,BTC,6.87372503,0.0,0.00000015,"BTC,LTC",159980.01196797504,1.1e-05,0.80510266,95
0.0000000001333297,[],4,[],2019-06-01 08:20:07,543207057.0351129,2.7999237e-17,2.3934279773103002e-21,7721751,2019-06-01 08:20:07,ltc,11.298817330203377,0.0,0.00000021,ltc,153720645.0490942,0.0,8.847136716238874e-10,96
0,[],12,[],2019-06-01 08:20:08,0.0,0,0,7721752,2019-06-01 08:20:08,btc,17.17668368048951,0.0,0,btc,9673424.04895105,0.0,0.0,96
0,[],17,[],2019-05-03 01:12:32,0.0,0,0,7559100,2019-05-03 01:12:32,btc,0.0,0.0,0,btc,0.0,0.0,0.0,96
1,[],4,[],2019-04-14 03:32:46,1039404.33283278,0.00000038,0.000000000019245518,7293458,2019-04-14 03:32:46,btc,4.170086055365747,0.0,0.00000038,btc,3097704.34561074,0.06260606,0.1859928211030784,99
1,[],4,[],2019-06-01 08:22:09,246068.65687629,0.00001712,0.000000001463450128,7721753,2019-06-01 08:22:09,btc,7.574305497426176,0.0,0.00001712,btc,162553.44801217,0.06816789,0.4030747108168734,100
0,[],2,[],2019-01-20 23:23:55,0.0,0,0,6476914,2019-01-20 23:23:55,,0.0,0.0,0,,0.0,0.0,0.0,100
1,[],22,[],2019-06-01 08:22:12,150000.0,0.00000002,0.0000000000017096380000000002,7721754,2019-06-01 08:22:12,BTC,24.83526409,0.0,0.00000002,BTC,11187.719,0.0,0.0017,101
1,[],4,[],2019-06-01 08:22:13,550851.06225948,0.00000171,0.000000000146174049,7721755,2019-06-01 08:22:13,btc,551.1449754995698,0.0,0.00000171,btc,667934.79102287,0.08377712,0.2004041407956284,103
1,[],12,[],2019-06-01 08:22:16,173552145.0,0.000000004,0.00000000000034192760000000007,7721756,2019-06-01 08:22:16,btc,2404.6673959895247,0.0,0.000000004,btc,72113302.09889396,0.012385721752,0.228216251,105
0,[],27,[],2019-06-01 08:22:22,0.0,0,0,7721757,2019-06-01 08:22:22,,0.34418209,298657.0,0,btc,2515427.0,0.00298657,0.0,105
1,[],22,[],2019-04-21 00:17:26,21333.0,0.00000001,0.000000000000532493,7385819,2019-04-21 00:17:26,BTC,51.38182867,0.0,0.00000001,BTC,470435.0,0.0,0.00021333,107
1,[],26,[],2019-04-21 00:17:26,0.0,0.00000000,0,7385820,2019-04-21 00:17:26,btc,0.0,0.0,0.00000000,btc,0.0,0.0,0.0,107
1,[],5,[],2019-06-01 08:22:24,0.0,0,0,7721758,2019-06-01 08:22:24,btc,0.0,0.0,0,btc,0.0,0.0,0.0,112
0,[],22,[],2019-06-01 08:22:27,0.0,0,0,7721759,2019-06-01 08:22:27,,6.79500102,0.0,0,,3375892.0833333335,0.0,0.0,112
1,[],27,[],2019-06-01 08:22:34,1.0,0.00000001,0.0000000000008548190000000001,7721760,2019-06-01 08:22:34,btc,1.15032588,0.0,0.00000001,"btc,eth",1818.0,0.0,1e-08,112
1,[],4,[],2019-06-01 08:22:35,271588.05777454,0.00000089,0.00000000007607889100000001,7721761,2019-06-01 08:22:35,btc,5.562956995664973,0.0,0.00000089,btc,617573.15197821,0.03445967,0.1682125485582569,113
1,[],5,[],2019-06-01 08:22:36,0.0,0,0,7721762,2019-06-01 08:22:36,btc,0.0,0.0,0,btc,0.0,0.0,0.0,113
1,[],17,[],2019-04-26 02:17:47,162738.278,0.00000004,0.0000000000021069000000000002,7461287,2019-04-26 02:17:47,btc,1.3331140273775473,0.0,0.00000004,btc,51796.221,0.0,0.00230953112,116
1,[],27,[],2019-05-22 05:13:01,210000.0,0.00000001,0.00000000000079145,7666372,2019-05-22 05:13:01,btc,3919.0005001478,0.0,0.00000001,btc,128660.871,0.0,0.0021,116
1,[],4,[],2019-05-21 22:31:11,138169.03963019,0.00000701,0.000000000558364025,7664793,2019-05-21 22:31:11,btc,150.95388250938234,0.0,0.00000701,btc,344631.17141974,0.07552974,0.4288357684941946,120
1,[],7,[],2019-05-21 22:31:12,3901.07750076,0.000010679999999999999389654892212320191902108490467071533203125,0.0000000008506887,7664794,2019-05-21 22:31:12,btc,231188.94669936574,0.0,0.000010679999999999999389654892212320191902108490467071533203125,btc,4133.83151364,0.0,0.0113888422364489,120
1,[],20,[],2019-04-07 18:42:29,1914137.0852,0.000000035,0.0000000000017871910000000002,7211992,2019-04-07 18:42:29,btc,32.2497668025648,25528.85,0.000000035,btc,1001975.4986,0.00089350975,0.0152723574729,125
1,[],22,[],2019-06-01 08:22:39,10000.0,0.00000001,0.0000000000008548190000000001,7721763,2019-06-01 08:22:39,BTC,0.032061,0.0,0.00000001,BTC,299316.7611111111,0.0,0.0001,126
1,[],4,[],2019-06-01 08:22:39,427630.84467052,0.00000919,0.0000000007855786610000001,7721764,2019-06-01 08:22:39,btc,5.268656053164695,0.0,0.00000919,btc,171678.9675953,0.9471602,1.548041964468037,131
0,[],2,[],2019-01-20 23:25:46,0.0,0,0,6476969,2019-01-20 23:25:46,,0.0,0.0,0,,0.0,0.0,0.0,131
1,[],17,[],2019-05-03 01:13:10,10000.0,0.00000001,0.000000000000548003,7559115,2019-05-03 01:13:10,btc,0.0953976503951408,0.0,0.00000001,btc,5037.62507334,0.0,0.0001,131
1,[],4,[],2019-06-01 08:24:40,4875.83515671,0.00008051,0.000000006882147769,7721765,2019-06-01 08:24:40,btc,5.0309961238362,0.0,0.00008051,btc,202.13055914,0.0,0.006731941769691,135
1,[],3,[],2019-06-01 08:24:41,565457.22392675,0.00000001,0.0000000000008548190000000001,7721766,2019-06-01 08:24:41,btc,0.2222006885680936,1636349.79937,0.00000001,btc,1905502.4316845,0.0,0.0056545722392675,136
1,[],4,[],2019-06-01 08:24:42,2151747.81024717,0.00000183,0.00000000015643187700000001,7721767,2019-06-01 08:24:42,btc,109.11240160472771,0.0,0.00000183,btc,531000.17608287,0.02674942,0.4904890096726491,137
1,[],12,[],2019-06-01 08:24:43,88453.34196808,0.000001740000000000000069492480346544649449924690998159348964691162109375,0.00000000014873850600000002,7721768,2019-06-01 08:24:43,btc,57.84155271809054,0.0,0.000001740000000000000069492480346544649449924690998159348964691162109375,btc,50821.8164856,0.0004236,0.0178349399999158,137
1,[],4,[],2019-06-01 08:24:43,103000.16029712,0.00001808,0.0000000015455127520000001,7721769,2019-06-01 08:24:43,btc,8.5888843406839,0.0,0.00001808,btc,118509.81775019,0.2840696,0.9423284872244677,142
1,[],5,[],2019-06-01 08:24:45,0.0,0,0,7721770,2019-06-01 08:24:45,btc,0.0,0.00684424,0,btc,0.0,0.0,0.0,142
1,[],20,[],2019-06-01 08:26:47,209047.5862,0.000015001,0.0000000012823139819000002,7721771,2019-06-01 08:26:47,btc,1.6084709689553,0.0,0.000015001,btc,9872.8163,0.0,0.0187395600994,142
1,[],22,[],2019-06-01 08:26:49,11028.645,0.00001000,0.000000000854819,7721772,2019-06-01 08:26:49,BTC,3.27323936,0.0,0.00001000,BTC,1114.1496937357979,0.00223944,0.00745365,142
0.0,[],25,[],2019-06-01 08:26:51,0.0,0,0,7721773,2019-06-01 08:26:51,,0.0,0.0,0.0,btc,0.0,0.0,0.0,142
0,[],28,[],2019-06-01 08:26:52,0.0,0,0,7721774,2019-06-01 08:26:52,,0.0,0.0,0,,0.0,0.0,0.0,142
1,[],17,[],2019-05-03 01:13:16,32967.38636364,0.00000088,0.000000000048224264,7559122,2019-05-03 01:13:16,btc,20.06976206696776,0.0,0.00000088,btc,2746.079105,0.0,0.0105613000000032,142
0,[],22,[],2019-06-01 08:26:54,0.0,0,0,7721775,2019-06-01 08:26:54,,64.98618676,0.0,0,,787024755.3,0.0,0.0,143
0,[],22,[],2019-02-25 15:42:22,0.0,0,0,6783783,2019-02-25 15:42:22,,4.2131946,0.0,0,,2322156.0,0.0,0.0,146
,[],22,[],2018-11-20 23:01:11,0.0,0,0,4862114,2018-11-20 23:01:11,,2.56807021,0.0,,,61828.4988236,0.0,0.0,147
1,[],12,[],2019-04-21 06:38:04,193091.5971266,0.00000071,0.000000000037635183,7388679,2019-04-21 06:38:04,btc,2.301232411611175,0.0,0.00000071,btc,9957.48302385,0.00023528,0.0313308199999888,148
1,[],4,[],2019-03-19 21:31:25,255810.0415942,0.00000029,0.000000000011615747,6982695,2019-03-19 21:31:25,btc,218.94922712414143,0.0,0.00000029,btc,793529.37642722,0.00117,0.0608347789473395,152
0,[],22,[],2019-03-19 21:31:27,0.0,0,0,6982696,2019-03-19 21:31:27,,0.0,0.0,0,,0.0,0.0,0.0,152
1,[],5,[],2019-04-26 09:36:59,0.0,0,0,7465040,2019-04-26 09:36:59,btc,0.0,0.0,0,btc,0.0,0.0,0.0,153
,[],16,[],2019-01-11 15:38:59,0.0,0,0,6366141,2019-01-11 15:38:59,btc,0.0,0.0,,btc,0.0,0.0,0.0,155
0,[],22,[],2019-06-01 08:26:58,0.0,0,0,7721776,2019-06-01 08:26:58,,7.44455324,0.0,0,,5955762.942592593,0.0,0.0,156
0,[],23,[],2019-01-20 23:24:29,0.0,0,0,6476932,2019-01-20 23:24:29,,0.0,0.0,0,,0.0,0.0,0.0,156
1,[],22,[],2019-06-01 08:27:01,6996.0,0.00000001,0.0000000000008548190000000001,7721777,2019-06-01 08:27:01,BTC,1.7543039,0.0,0.00000001,BTC,57.0,0.0,6.996e-05,157
0,[],22,[],2019-05-21 23:40:32,0.0,0,0,7665049,2019-05-21 23:40:32,,50234.60468402,0.0,0,,54786159.03179465,0.0,0.0,158
,[],17,[],2018-11-20 22:56:10,0.0,0,0,4861976,2018-11-20 22:56:10,btc,1.1265625,0.0,,btc,1000.0,0.0,0.0,159
,[],20,[],2018-11-20 22:56:12,0.0,0,0,4861977,2018-11-20 22:56:12,btc,11912.7940471,0.0,,btc,34413894.3617,0.0,0.0,159
1,[],12,[],2019-05-24 02:51:20,9178.522006449999,0.00000191999999999999982841307998027158276954651228152215480804443359375,0.000000000151222656,7676256,2019-05-24 02:51:20,btc,149.80414728631675,0.0,0.00000191999999999999982841307998027158276954651228152215480804443359375,btc,1115.7451448499999,0.01783167678326,0.0120075778999181,168
1,[],17,[],2019-05-03 01:13:36,42852.0,0.00000002,0.000000000001096006,7559132,2019-05-03 01:13:36,btc,0.04279856251542,0.0,0.00000002,btc,274.46171372,0.0,0.00052852,168
1,[],22,[],2019-05-17 03:01:52,10.0,0.00000001,0.000000000000778341,7642059,2019-05-17 03:01:52,BTC,41.95893009,0.0,0.00000001,BTC,1753972.7737547632,0.0,1e-07,169
1,[],22,[],2019-05-30 08:38:18,202834.0,0.00000002,0.0000000000017416160000000001,7711049,2019-05-30 08:38:18,BTC,27.87002826,0.0,0.00000002,BTC,462189.5410507793,0.0,0.00211768,171
1,[],22,[],2019-05-29 08:05:18,349870.0,0.00000002,0.000000000001705894,7705265,2019-05-29 08:05:18,BTC,24.05907723,0.0,0.00000002,"BTC,LTC",1224285.4355616204,0.0,0.0039847,173
1,[],5,[],2019-06-01 08:27:03,0.0,0,0,7721778,2019-06-01 08:27:03,btc,0.0,0.06999647,0,btc,0.0,0.0,0.0,175
1,[],22,[],2019-06-01 08:27:06,90671.0,0.00000001,0.0000000000008548190000000001,7721779,2019-06-01 08:27:06,BTC,394.35459412,0.0,0.00000001,BTC,136275.61833431243,0.0,0.00090671,176
1,[],7,[],2019-06-01 08:27:07,0.0,0,0,7721780,2019-06-01 08:27:07,btc,522274.28208915493,0.0,0,btc,21993385.47972966,0.0,0.0,178
0,[],22,[],2019-06-01 08:27:09,0.0,0,0,7721781,2019-06-01 08:27:09,,1.00242428,0.0,0,,57512.0,0.0,0.0,178
0,[],2,[],2019-01-20 23:28:34,0.0,0,0,6477001,2019-01-20 23:28:34,,0.0,0.0,0,,0.0,0.0,0.0,178
1,[],5,[],2019-06-01 08:27:11,0.0,0,0,7721782,2019-06-01 08:27:11,btc,0.0,0.09582209,0,btc,0.0,0.0,0.0,179
0,[],22,[],2019-06-01 08:27:13,0.0,0,0,7721783,2019-06-01 08:27:13,,5.32069724,0.0,0,,13630439.811946675,0.0,0.0,179
0,[],23,[],2019-01-20 23:25:08,0.0,0,0,6476952,2019-01-20 23:25:08,,0.0,0.0,0,,0.0,0.0,0.0,179
1,[],22,[],2019-06-01 08:29:18,682984.5574905804,0.00000108,0.00000000009232045200000001,7721784,2019-06-01 08:29:18,BTC,39.18394258,0.0,0.00000108,"BTC,LTC",140585.08376237814,0.00185334,0.58255072,180
1,[],26,[],2019-06-01 08:29:18,0.0,0.00000010,0.000000000008548190000000001,7721785,2019-06-01 08:29:18,btc,0.0,50.0,0.00000010,btc,0.0,0.0,0.0,180
1,[],17,[],2019-05-03 01:13:56,20504.725000000002,0.0000001,0.00000000000548003,7559141,2019-05-03 01:13:56,btc,5.2010695838400265,0.0,0.0000001,btc,5033.45945,0.0,0.0011504725,180
,[],7,[],2018-11-20 22:58:01,562227.975654,0.00000085,0.000000000036176765,4862015,2018-11-20 22:58:01,btc,21836.6059674,2491.87645172,,btc,749999.041456,0.00211021,0.127565380455,183
,[],5,[],2019-01-10 08:11:41,0.0,0,0,6347036,2019-01-10 08:11:41,btc,82.15055501,0.00261,,btc,1.19002445,0.0,0.0,187
,[],17,[],2018-11-16 20:58:10,4062536.27273,0.00000001,0.000000000000550501,4708775,2018-11-16 20:58:10,btc,3.36492563466,0.195460381006,,"btc,eth",110697919.549,0.0,0.0157628953496,187
1,[],24,[],2019-05-22 21:04:52,0.0,0.000000000014,0.0000000000000010960978,7670219,2019-05-22 21:04:52,btc,0.0,0.0,0.000000000014,btc,0.0,0.0,0.0,187
0,[],22,[],2019-04-25 02:54:07,0.0,0,0,7447896,2019-04-25 02:54:07,,7.54794454,0.0,0,,76361.7243344055,0.0,0.0,191
0,[],22,[],2019-06-01 08:29:23,0.0,0,0,7721786,2019-06-01 08:29:23,,0.0,0.0,0,,0.0,0.0,0.0,197
0,[],23,[],2019-01-20 23:31:41,0.0,0,0,6477079,2019-01-20 23:31:41,,0.0,0.0,0,,0.0,0.0,0.0,199
0,[],22,[],2019-06-01 08:29:27,0.0,0,0,7721787,2019-06-01 08:29:27,,10.93271999,0.0,0,,99750037.0,0.0,0.0,199
1,[],26,[],2019-06-01 08:29:27,0.0,0.00000000,0,7721788,2019-06-01 08:29:27,btc,0.0,0.0,0.00000000,btc,0.0,0.0,0.0,199
0,[],2,[],2019-01-20 23:30:49,0.0,0,0,6477059,2019-01-20 23:30:49,,0.0,0.0,0,,0.0,0.0,0.0,201
1,[],4,[],2019-01-25 15:51:35,2084389.58565343,0.00000936,0.000000000333526752,6499557,2019-01-25 15:51:35,btc,2.0092503037378524,0.0,0.00000936,btc,160195.80207885,0.19272417,1.242687955921835,211
1,[],7,[],2019-06-01 08:29:30,1171079888.7999022,0.00000046,0.000000000039321674,7721789,2019-06-01 08:29:30,btc,15201836.707861548,582592.806292,0.00000046,btc,7131742.61107317,0.0,12.285006094415577,212
1,[],12,[],2019-01-25 02:44:32,207462.42853209,0.000001080000000000000035831255497387193287295303889550268650054931640625,0.000000000038610756000000006,6493050,2019-01-25 02:44:32,btc,85023.03793723314,0.0,0.000001080000000000000035831255497387193287295303889550268650054931640625,btc,43675.73520027,0.000146250909087,0.0348620860622024,213
1,[],5,[],2019-05-30 00:07:46,0.0,0,0,7709357,2019-05-30 00:07:46,btc,0.0,0.06425239,0,btc,0.0,0.0,0.0,213
1,[],24,[],2019-05-30 00:07:46,0.0,0.000000399202,0.0000000000344859829346,7709358,2019-05-30 00:07:46,btc,0.0,0.0,0.000000399202,btc,0.0,0.0,0.0,213
1,[],26,[],2019-05-30 00:07:47,0.0,0.00000040,0.000000000034554919999999996,7709359,2019-05-30 00:07:47,btc,0.0,0.0,0.00000040,btc,0.0,0.0,0.0,213
0,[],22,[],2019-06-01 08:29:33,0.0,0,0,7721790,2019-06-01 08:29:33,,9.61445386,0.0,0,,3661587.094064925,0.0,0.0,216
1,[],27,[],2019-06-01 08:29:40,194550.0,0.00000001,0.0000000000008548190000000001,7721791,2019-06-01 08:29:40,btc,76.41793967917752,3000.0,0.00000001,"btc,ltc",385335.407688,3e-05,0.0019355000000013333,216
1,[],22,[],2019-06-01 08:29:43,724519.0,0.00000028,0.000000000023934932000000002,7721792,2019-06-01 08:29:43,BTC,12056.4772337,0.0,0.00000028,BTC,515039.20562763204,0.01001124,0.05538483,217
1,[],7,[],2019-06-01 08:29:44,0.0,0,0,7721793,2019-06-01 08:29:44,btc,1234864.1040716618,0.0,0,btc,164001712.13147992,0.0,0.0,219
0,[],27,[],2019-06-01 08:29:50,0.0,0,0,7721794,2019-06-01 08:29:50,,261.41644782671324,158.0,0,btc,15857918.74381025,1.58e-06,0.0,219
0,[],28,[],2019-06-01 08:29:52,0.0,0,0,7721795,2019-06-01 08:29:52,,0.0,14813.0,0,,0.0,0.0,0.0,219
1,[],22,[],2019-05-23 16:41:05,172069.0,0.00000004,0.0000000000031167080000000004,7674065,2019-05-23 16:41:05,BTC,56.76466137,0.0,0.00000004,BTC,127061.6482738741,0.0,0.00393676,221
1,[],24,[],2019-05-23 16:41:05,0.0,0.000000010000,0.0000000000007791770000000001,7674066,2019-05-23 16:41:05,btc,0.0,0.0,0.000000010000,btc,0.0,0.0,0.0,221
1,[],20,[],2019-06-01 08:29:55,9844043.6429,0.000000002,0.0000000000001709638,7721796,2019-06-01 08:29:55,btc,100052.72935346414,100187.8571,0.000000002,btc,47854991.7038,0.0002003757142,0.0098577632858,224
0,[],22,[],2019-06-01 08:29:57,0.0,0,0,7721797,2019-06-01 08:29:57,,0.0,0.0,0,,0.0,0.0,0.0,224
1,[],26,[],2019-06-01 08:29:58,0.0,0.00000025,0.000000000021370475000000002,7721798,2019-06-01 08:29:58,btc,0.0,0.0,0.00000025,btc,0.0,0.0,0.0,231
1,[],26,[],2019-06-01 08:30:01,0.0,0.00000006,0.000000000005128914,7721799,2019-06-01 08:30:01,btc,0.0,0.0,0.00000006,btc,0.0,0.0,0.0,234
0.0000000003159858,[],27,[],2019-06-01 08:30:12,100.0,3.159858e-18,2.7011066557020005e-22,7721800,2019-06-01 08:30:12,eth,0.01134836604,0.0,0.00000001,"btc,eth",11462.996,0.0,3.159858e-16,234
1,[],4,[],2019-05-22 17:06:12,91780.56053785,0.00000078,0.000000000061977552,7669277,2019-05-22 17:06:12,btc,5.573372450018177,0.0,0.00000078,btc,729173.93529783,0.0,0.0307060663355679,236
1,[],24,[],2019-05-22 17:06:12,0.0,0.000000010000,0.000000000000794584,7669278,2019-05-22 17:06:12,btc,0.0,0.0,0.000000010000,btc,0.0,0.0,0.0,236
1,[],5,[],2019-06-01 08:30:13,0.0,0,0,7721801,2019-06-01 08:30:13,btc,0.0,0.17475084,0,btc,0.0,0.0,0.0,237
1,[],20,[],2019-06-01 08:30:15,119547537.9561,0.000000041,0.0000000000035047579,7721802,2019-06-01 08:30:15,btc,412.7378982314427,6199102.9083,0.000000041,btc,42924891.6632,0.2614540105554,0.4403667833658,237
1,[],22,[],2019-06-01 08:30:18,288100.0,0.00000003,0.000000000002564457,7721803,2019-06-01 08:30:18,BTC,1.20267422,0.0,0.00000003,"BTC,LTC",17930.94871794872,0.0,0.007541,237
1,[],4,[],2019-06-01 08:30:19,26952693.0790908,0.00000012,0.000000000010257828,7721804,2019-06-01 08:30:19,btc,2.892289103621347,0.0,0.00000012,btc,9366224.70693858,0.11471059,0.5562759492417664,238
1,[],5,[],2019-06-01 08:30:21,0.0,0,0,7721805,2019-06-01 08:30:21,btc,0.0,0.01962542,0,btc,0.0,0.0,0.0,238
0,[],22,[],2019-03-12 16:49:32,0.0,0,0,6914458,2019-03-12 16:49:32,,0.40415746,0.0,0,,526736.5639027493,0.0,0.0,249
0,[],22,[],2019-05-28 23:53:45,0.0,0,0,7703643,2019-05-28 23:53:45,,13.44714864,0.0,0,,43777534.3426455,0.0,0.0,252
0,[],28,[],2019-06-01 08:30:23,0.0,0,0,7721806,2019-06-01 08:30:23,,0.0,252678.1,0,,0.0,0.0,0.0,256
1,[],22,[],2019-06-01 08:30:26,1023211.0,0.00000001,0.0000000000008548190000000001,7721807,2019-06-01 08:30:26,BTC,31464.5506333,0.0,0.00000001,BTC,584951.6675322719,0.0001525,0.01023211,258
1,[],22,[],2019-05-19 18:12:02,400.0,0.00000001,0.0000000000007957800000000001,7653905,2019-05-19 18:12:02,BTC,2.415167,0.0,0.00000001,BTC,157.0,0.0,4e-06,259
1,[],5,[],2019-06-01 08:30:28,0.0,0,0,7721808,2019-06-01 08:30:28,btc,0.0,0.09335696,0,btc,0.0,0.0,0.0,264
1,[],20,[],2019-06-01 08:30:29,973953.2037,0.000000166,0.0000000000141899954,7721809,2019-06-01 08:30:29,btc,0.9761699458021,92491.1221,0.000000166,btc,51736.5911,0.05228027448,0.0106719592075,264
0,[],22,[],2019-04-12 17:57:27,0.0,0,0,7278186,2019-04-12 17:57:27,,66.37522201,0.0,0,,677842.4169881374,0.0,0.0,271
0,[],22,[],2019-05-29 08:10:20,0.0,0,0,7705301,2019-05-29 08:10:20,,33050470.74998113,0.0,0,,14361377780.7,0.0,0.0,272
0,[],28,[],2019-05-29 08:10:54,0.0,0,0,7705302,2019-05-29 08:10:54,,0.0,22189957216.5758,0,,0.0,0.0,0.0,272
1,[],22,[],2019-05-23 07:12:29,219930.0,0.00000004,0.000000000003048688,7671985,2019-05-23 07:12:29,BTC,426.77835217,0.0,0.00000004,BTC,248664.3325962929,0.0,0.00739728,281
1,[],22,[],2019-06-01 08:30:34,378731.43333333335,0.00000004,0.0000000000034192760000000005,7721810,2019-06-01 08:30:34,BTC,31.6734184,0.0,0.00000004,"BTC,LTC",1522468.4569583754,0.00044263,0.01589293,286
0,[],22,[],2019-06-01 08:30:36,0.0,0,0,7721811,2019-06-01 08:30:36,,7337904.96568486,0.0,0,,2004620112.6797826,0.0,0.0,294
