pairValue,buyBook,exchangeId,sellBook,updated,buyTotal,satoshiPrice,usdPrice,exchangeLogId,created,bestPair,sellTotalBtc,volume,pairPrice,activePairs,sellTotal,volumeBtc,buyTotalBtc,coinId
1,[],3,[],2019-06-01 17:29:54,68.597804241586,0.0108332099999999993678034826416478608734905719757080078125,0.000000924652389735,7723142,2019-06-01 17:29:54,btc,0.15172823072057398,44.1584085465,0.0108332099999999993678034826416478608734905719757080078125,btc,12.885174438353,0.0,0.27527033501563325,1
1,[],4,[],2019-06-01 17:29:55,207691.29399738,0.01080001,0.0000009218186535350001,7723143,2019-06-01 17:29:55,btc,7.668859986480664,0.0,0.01080001,btc,304.74787793,1.01556818,0.6242437917428362,1
1,[],5,[],2019-06-01 17:29:58,0.0,0,0,7723144,2019-06-01 17:29:58,btc,0.0,0.01830824,0,btc,0.0,0.0,0.0,1
1,[],10,[],2019-06-01 17:30:00,312496.55224316,0.00694769,0.000000593009658415,7723145,2019-06-01 17:30:00,btc,6520.100641843156,1505.21839222,0.00694769,btc,1200.11326254,0.0,2.436482906828685,1
1,[],12,[],2019-06-01 17:30:02,77.1397464,0.0107399999999999995470290059529361315071582794189453125,0.0000009166965900000001,7723146,2019-06-01 17:30:02,btc,0.1648030211443,0.0,0.0107399999999999995470290059529361315071582794189453125,btc,14.38208493,0.100360592869,0.30712916552270003,1
1,[],20,[],2019-06-01 17:30:05,934.1625,0.00920897,0.000000786017820895,7723147,2019-06-01 17:30:05,btc,0.2237467367594,0.0,0.00920897,btc,17.3543,0.0,0.0997425456655,1
1,[],21,[],2019-06-01 17:30:06,1818.69864478,0.01079441000000000080993878271,0.0000009213406739350001,7723148,2019-06-01 17:30:06,btc,11.226570443758805,1999.1234035,0.0107944100000000008099387827087412006221711635589599609375,"btc,eth",1380.79461762,20.35878497459641,16.026132312739996,1
1,[],22,[],2019-06-01 17:30:10,0.0025666666666666667,0.00900000,0.0000007681815,7723149,2019-06-01 17:30:10,BTC,0.31629903,0.0,0.00900000,BTC,0.2505752479991019,0.0,2.31e-05,1
1,[],24,[],2019-06-01 17:30:11,0.0,0.000000000000,0,7723150,2019-06-01 17:30:11,btc,0.0,0.0,0.000000000000,btc,0.0,0.0,0.0,1
0.0,[],25,[],2019-06-01 17:30:12,0.0,0,0,7723151,2019-06-01 17:30:12,btc,42.21499999834503,4386.2541772,0.0,btc,3760.92105701,48.0,0.0,1
1,[],26,[],2019-06-01 17:30:14,0.0,0,0,7723152,2019-06-01 17:30:14,,0.0,0.0,0,,0.0,0.0,0.0,1
0,[],28,[],2019-06-01 17:31:08,0.0,0,0,7723153,2019-06-01 17:31:08,,0.0,347057.9,0,,0.0,0.0,0.0,1
0,[],2,[],2019-01-20 23:28:45,0.0,0,0,6477011,2019-01-20 23:28:45,,0.0,0.0,0,,0.0,0.0,0.0,1
1,[],5,[],2019-06-01 17:31:10,0.0,0,0,7723154,2019-06-01 17:31:10,btc,0.0,0.03315692,0,btc,0.0,0.0,0.0,2
0,[],22,[],2019-06-01 17:31:13,0.0,0,0,7723155,2019-06-01 17:31:13,,0.0,0.0,0,,0.0,0.0,0.0,2
1,[],5,[],2019-06-01 17:31:15,0.0,0,0,7723156,2019-06-01 17:31:15,btc,0.0,0.15042969,0,btc,0.0,0.0,0.0,3
1,[],12,[],2019-06-01 17:31:16,1041857.66274,0.000000119,0.0000000000101570665,7723157,2019-06-01 17:31:16,btc,169517.4183054944,0.0,0.000000119,btc,2614422.99195351,0.075652621864,0.07060480851772,3
0,[],28,[],2019-06-01 17:31:18,0.0,0,0,7723158,2019-06-01 17:31:18,,0.0,0.0,0,,0.0,0.0,0.0,3
0,[],2,[],2019-01-20 23:31:32,0.0,0,0,6477077,2019-01-20 23:31:32,,0.0,0.0,0,,0.0,0.0,0.0,4
1,[],4,[],2019-05-18 21:29:50,562734.9206932,0.00000010,0.000000000007298720000000001,7650946,2019-05-18 21:29:50,btc,41.9347137769675,0.0,0.00000010,btc,1123702.32192634,0.00052462,0.029254593370966,4
0,[],12,[],2019-06-01 17:31:18,0.0,0,0,7723159,2019-06-01 17:31:18,btc,625.901992874995,0.0,0,btc,1211362.4995005,0.0,0.0,5
0,[],2,[],2019-01-20 23:31:51,0.0,0,0,6477087,2019-01-20 23:31:51,,0.0,0.0,0,,0.0,0.0,0.0,6
1,[],11,[],2019-06-01 17:31:20,9060347.776736,0.00000002,0.0000000000017070700000000001,7723160,2019-06-01 17:31:20,btc,9582.915876042945,3482184.0,0.00000002,btc,68304596.46260394,0.0,0.13675210276736,6
1,[],3,[],2019-06-01 17:31:21,11982.81211855846,0.00008893000000000000405432631911395446877577342092990875244140625,0.000000007590486755,7723161,2019-06-01 17:31:21,btc,0.14454671137318306,255.346731599,0.00008893000000000000405432631911395446877577342092990875244140625,btc,176.942158113082,0.0,0.02298637413713541,7
1,[],4,[],2019-06-01 17:31:22,319918.58477644,0.00009234,0.00000000788154219,7723162,2019-06-01 17:31:22,btc,9.285330520986522,0.0,0.00009234,btc,54550.24556264,1.81100177,1.8898149663012145,7
1,[],5,[],2019-06-01 17:31:23,0.0,0,0,7723163,2019-06-01 17:31:23,btc,0.0,0.5045644,0,btc,0.0,0.0,0.0,7
1,[],20,[],2019-04-07 22:06:50,3201475.0482,0.000000001,0.000000000000051590000000000004,7213932,2019-04-07 22:06:50,btc,30.8005781811902,0.0,0.000000001,btc,23077405.3926,0.0,0.0032014750482,8
0,[],2,[],2019-01-20 23:22:42,0.0,0,0,6476876,2019-01-20 23:22:42,,0.0,0.0,0,,0.0,0.0,0.0,9
0,[],23,[],2019-01-20 23:22:48,0.0,0,0,6476878,2019-01-20 23:22:48,,0.0,0.0,0,,0.0,0.0,0.0,9
1,[],4,[],2019-06-01 17:31:25,3579295.22771924,0.00000049,0.000000000041823215000000005,7723164,2019-06-01 17:31:25,btc,3.8432253430683163,0.0,0.00000049,btc,3439007.39712778,0.32640154,0.2713596606929692,9
0,[],28,[],2019-06-01 17:32:28,0.0,0,0,7723165,2019-06-01 17:32:28,,0.0,3562602.0,0,,0.0,0.0,0.0,9
1,[],1,[],2019-02-17 23:31:42,1822507.21,0.00000181000000000000003456111265232042484285557293333113193511962890625,0.000000000066086901,6701244,2019-02-17 23:31:42,btc,3.6990969245,17153386.5,0.00000181000000000000003456111265232042484285557293333113193511962890625,btc,1997391.71,31.11772986,3.2610482446,9
1,[],4,[],2019-02-17 11:22:43,4341674.27126056,0.00000002,0.0000000000007272960000000001,6696112,2019-02-17 11:22:43,btc,0.1997230937751353,0.0,0.00000002,btc,4109766.79808031,0.00215132,0.0479381022052112,10
0,[],2,[],2019-01-20 23:23:08,0.0,0,0,6476890,2019-01-20 23:23:08,,0.0,0.0,0,,0.0,0.0,0.0,12
1,[],4,[],2019-06-01 17:32:29,6848869.66745044,0.00000045,0.000000000038409075,7723166,2019-06-01 17:32:29,btc,4.681915101403379,0.0,0.00000045,btc,4885704.85531131,0.69282889,0.9516482172602984,12
1,[],5,[],2019-06-01 17:32:30,0.0,0,0,7723167,2019-06-01 17:32:30,btc,0.0,0.27171161,0,btc,0.0,0.0,0.0,12
0.0,[],25,[],2019-06-01 17:32:31,0.0,0,0,7723168,2019-06-01 17:32:31,,0.0,0.0,0.0,btc,0.0,0.0,0.0,12
1,[],4,[],2019-06-01 17:32:32,336821.00045901,0.00000562,0.0000000004796866700000001,7723169,2019-06-01 17:32:32,btc,1.7620839398817076,0.0,0.00000562,btc,228922.88257054,0.34883537,0.4873312570864054,13
1,[],10,[],2019-06-01 17:32:34,650725.96312707,0.00000546,0.0000000004660301100000001,7723170,2019-06-01 17:32:34,btc,666803.2832621695,28739.1673299,0.00000546,btc,869777.37108681,0.0,0.2261870884326344,13
1,[],21,[],2019-06-01 17:32:36,1825443.8139621501,0.000005579999999999999938076877121,0.0000000004762725300000001,7723171,2019-06-01 17:32:36,btc,2.750379905102675,637645.0599132,0.0000055799999999999999380768771206628997560983407311141490936279296875,btc,424563.45072347,3.63495975,7.399958447091344,13
1,[],4,[],2019-06-01 17:32:36,908048.90195367,0.00000076,0.00000000006486866,7723172,2019-06-01 17:32:36,btc,4.346423295142061,0.0,0.00000076,btc,846835.98892934,0.01403265,0.0797020209573265,14
1,[],12,[],2019-06-01 17:32:38,135636.07950132,0.00000073,0.000000000062308055,7723173,2019-06-01 17:32:38,btc,14.13388096031821,0.0,0.00000073,btc,21325.79261605,0.0,0.0152133299999717,14
1,[],26,[],2019-06-01 17:34:38,0.0,0.00000050,0.000000000042676750000000006,7723174,2019-06-01 17:34:38,btc,0.0,0.0,0.00000050,btc,0.0,0.0,0.0,14
0,[],17,[],2019-05-03 00:53:32,0.0,0,0,7558876,2019-05-03 00:53:32,btc,0.0,0.0,0,btc,0.0,0.0,0.0,14
0,[],4,[],2019-06-01 17:34:38,0.0,0,0,7723175,2019-06-01 17:34:38,,0.0,0.0,0,,0.0,0.0,0.0,15
,[],12,[],2018-12-01 15:15:48,204241.84496,0.00000489,0.000000000202473384,5260204,2018-12-01 15:15:48,btc,49.5475654835,0.0,,btc,35763.2193806,0.0163153972027625,0.0203389899998,15
0,[],2,[],2019-01-20 23:23:38,0.0,0,0,6476906,2019-01-20 23:23:38,,0.0,0.0,0,,0.0,0.0,0.0,18
1,[],4,[],2019-06-01 17:34:40,33079.50029906,0.00001022,0.0000000008723127700000001,7723176,2019-06-01 17:34:40,btc,0.9718258520949763,0.0,0.00001022,btc,11096.91594425,0.07562898,0.0660208734201423,18
1,[],10,[],2019-06-01 17:34:42,494948.81964598,0.00001247,0.000000001064358145,7723177,2019-06-01 17:34:42,btc,15.340628924726781,2343.40787008,0.00001247,btc,13281.6514603,0.0,0.1516308172028018,18
1,[],12,[],2019-06-01 17:34:42,3171.85285576,0.00001230000000000000081983031474663903281907550990581512451171875,0.00000000104984805,7723178,2019-06-01 17:34:42,btc,0.4010136548144294,0.0,0.00001230000000000000081983031474663903281907550990581512451171875,btc,1475.4474923,1.4922618e-05,0.0126566090353988,18
0,[],17,[],2019-05-03 00:53:39,0.0,0,0,7558882,2019-05-03 00:53:39,btc,0.0,0.0,0,btc,0.0,0.0,0.0,18
0,[],2,[],2019-01-20 23:24:19,0.0,0,0,6476924,2019-01-20 23:24:19,,0.0,0.0,0,,0.0,0.0,0.0,19
1,[],3,[],2019-06-01 17:36:44,148035.4327831554,0.000005499999999999999856993733449161965154416975565254688262939453125,0.00000000046944425,7723179,2019-06-01 17:36:44,btc,0.16771166274727478,5449.68204435,0.000005499999999999999856993733449161965154416975565254688262939453125,btc,4872.806092851002,0.0,0.0462122419716075,19
1,[],4,[],2019-06-01 17:36:44,526357.95299195,0.00000827,0.000000000705873445,7723180,2019-06-01 17:36:44,btc,3.969395421091489,0.0,0.00000827,btc,166093.87377159,0.14072641,0.5124639158130911,19
1,[],5,[],2019-06-01 17:36:46,0.0,0,0,7723181,2019-06-01 17:36:46,btc,0.0,0.00098715,0,btc,0.0,0.0,0.0,19
1,[],12,[],2019-06-01 17:36:47,15056.21694659,0.00000709999999999999978459071237057997905139927752315998077392578125,0.00000000060600985,7723182,2019-06-01 17:36:47,btc,0.0615463325521729,0.0,0.00000709999999999999978459071237057997905139927752315998077392578125,btc,1949.60747297,0.000964805194,0.0268646999995582,19
0,[],27,[],2019-06-01 17:36:54,0.0,0,0,7723183,2019-06-01 17:36:54,,0.0,0.0,0,btc,0.0,0.0,0.0,19
1,[],4,[],2019-06-01 17:36:55,10062076.88478525,0.00000007,0.0000000000059747450000000005,7723184,2019-06-01 17:36:55,btc,6.411239436602338,0.0,0.00000007,btc,2322306.93095912,0.0,0.1174938176872809,20
1,[],4,[],2019-06-01 17:36:55,8564728.748,0.00000001,0.0000000000008535350000000001,7723185,2019-06-01 17:36:55,btc,1793.578266683811,0.0,0.00000001,btc,71748883.49751575,0.04150499,0.08564728748,21
1,[],12,[],2019-06-01 17:36:56,2140017.0,0.00000001,0.0000000000008535350000000001,7723186,2019-06-01 17:36:56,btc,2566.6125287053546,0.0,0.00000001,btc,5033244.76723275,0.0,0.02140017,21
0,[],17,[],2019-05-03 00:53:51,0.0,0,0,7558891,2019-05-03 00:53:51,btc,0.0,0.0,0,btc,0.0,0.0,0.0,21
1,[],12,[],2019-06-01 17:38:58,5300612094.0,0.0000000003,0.000000000000025606050000000002,7723187,2019-06-01 17:38:58,btc,709129801.9342897,0.0,0.0000000003,btc,3203305497.5271163,0.010745627373,1.1954174321,23
0.0000000003099372,[],27,[],2019-06-01 17:39:03,63767222.9610017,9.298116e-18,7.93626744006e-22,7723188,2019-06-01 17:39:03,eth,105072.80404227032,10141386.542943,0.00000003,eth,19821164.028,9.429578962752e-11,3.6651757746335363e-10,23
1,[],4,[],2019-06-01 17:39:04,1863205.45355424,0.00000024,0.000000000020484840000000002,7723189,2019-06-01 17:39:04,btc,10.757383541510562,0.0,0.00000024,btc,1725329.18188182,0.0045078,0.0651802384977893,24
1,[],22,[],2019-06-01 17:39:07,21.76,0.00000100,0.00000000008535350000000001,7723190,2019-06-01 17:39:07,BTC,7.415e-05,0.0,0.00000100,BTC,23.919354838709676,0.0,1.186e-05,24
0.0,[],25,[],2019-06-01 17:39:08,0.0,0,0,7723191,2019-06-01 17:39:08,,0.0,0.0,0.0,btc,0.0,0.0,0.0,24
0,[],2,[],2019-01-20 23:25:56,0.0,0,0,6476976,2019-01-20 23:25:56,,0.0,0.0,0,,0.0,0.0,0.0,26
1,[],4,[],2019-06-01 17:39:09,26937644.64108186,0.00000476,0.00000000040628266000000003,7723192,2019-06-01 17:39:09,btc,13.216836372202078,0.0,0.00000476,btc,244252.02797401,0.12740661,0.4551573250177167,26
1,[],10,[],2019-06-01 17:39:11,152275.72098474,0.0000033,0.00000000028166655,7723193,2019-06-01 17:39:11,btc,25.585406915927962,8958.29533972,0.0000033,btc,23211.38322506,0.0,0.0401910845658936,26
1,[],5,[],2019-04-26 09:47:06,0.0,0,0,7465326,2019-04-26 09:47:06,btc,0.0,0.0,0,btc,0.0,0.0,0.0,27
1,[],3,[],2019-06-01 17:39:13,21630981.685043,0.00000001,0.0000000000008535350000000001,7723194,2019-06-01 17:39:13,btc,3.7636165244605637,4503393.68501,0.00000001,btc,26148692.486560762,0.0,0.21630981685043,27
1,[],11,[],2019-06-01 17:39:14,2110243.08157834,0.00000002,0.0000000000017070700000000001,7723195,2019-06-01 17:39:14,btc,67503.04527066177,19676.5543251,0.00000002,btc,6588861.32608848,0.0,0.0211134458157834,27
1,[],4,[],2019-06-01 17:39:15,1195645101.9968352,0.00000001,0.0000000000008535350000000001,7723196,2019-06-01 17:39:15,btc,4.880328222280797,0.0,0.00000001,"btc,ltc",295552922.6311143,0.03747507,8.620363519450647,29
1,[],7,[],2019-06-01 17:39:17,85451021.33155985,0.00000001,0.0000000000008535350000000001,7723197,2019-06-01 17:39:17,btc,46548272.13039428,0.0,0.00000001,btc,35158543.14328179,0.0,0.8545102133155985,29
0,[],17,[],2019-05-03 01:11:25,0.0,0,0,7559066,2019-05-03 01:11:25,btc,0.0,0.0,0,btc,0.0,0.0,0.0,30
1,[],4,[],2019-06-01 17:39:19,15242848.2015631,0.00000006,0.0000000000051212100000000006,7723198,2019-06-01 17:39:19,btc,2.562666443401238,0.0,0.00000006,btc,2020880.51679651,0.00085594,0.1687433592294358,30
1,[],4,[],2019-06-01 17:41:20,105909.80659606,0.00004379,0.000000003737629765,7723199,2019-06-01 17:41:20,btc,3.338447372231339,0.0,0.00004379,btc,45102.01260094,0.62543826,0.5142918199054958,31
1,[],21,[],2019-06-01 17:41:20,170467.75570725,0.00004520000000000000091922996992,0.0000000038579782,7723200,2019-06-01 17:41:20,btc,5.886696037509222,156371.4543688,0.000045200000000000000919229969920110079328878782689571380615234375,btc,118623.35058596,7.18826872,6.276242718398813,31
0,[],2,[],2019-01-20 23:28:43,0.0,0,0,6477009,2019-01-20 23:28:43,,0.0,0.0,0,,0.0,0.0,0.0,32
1,[],12,[],2019-03-30 07:55:10,40641173.964,0.00000003,0.000000000001228359,7108785,2019-03-30 07:55:10,btc,4233210.82356125,0.0,0.00000003,btc,28378394.68333462,0.0126927883965248,0.90752895892,33
0,[],4,[],2019-06-01 17:41:21,0.0,0,0,7723201,2019-06-01 17:41:21,,0.0,0.0,0,,0.0,0.0,0.0,33
0.0000000001319897,[],4,[],2019-06-01 17:41:22,466907868.01693296,6.071526200000001e-17,5.1822601151170005e-21,7723202,2019-06-01 17:41:22,ltc,3.7111719700894685,0.0,0.00000046,ltc,155862910.34871522,0.0,1.8103026831279826e-09,34
1,[],5,[],2019-06-01 17:41:24,0.0,0,0,7723203,2019-06-01 17:41:24,btc,0.0,1.262e-05,0,btc,0.0,0.0,0.0,34
0.0000000002926451,[],17,[],2019-05-02 18:17:47,200000.0,2.9264510000000002e-18,1.596703856561e-22,7556430,2019-05-02 18:17:47,eth,0.20942468735267253,0.0,0.00000001,"btc,eth",1018272.20243647,0.0,5.852902e-13,36
0.0000000001311821,[],4,[],2019-05-31 13:28:19,2417517744.0607657,1.311821e-18,1.105058333085e-22,7717483,2019-05-31 13:28:19,ltc,5.019900492391546e-08,0.0,0.00000001,ltc,7102398142.262129,0.0,3.171350544531538e-09,36
1,[],5,[],2019-05-31 13:28:21,0.0,0,0,7717484,2019-05-31 13:28:21,btc,0.0,0.0,0,btc,0.0,0.0,0.0,36
0.0000000003108179,[],27,[],2019-05-31 13:30:34,10388811.226876,6.216358000000001e-18,5.236566733830001e-22,7717485,2019-05-31 13:30:34,eth,1569.8708019850988,761866.634299,0.00000002,"ltc,eth",5084024.2511555,4.736034912207001e-12,3.3251980286483705e-11,36
1,[],17,[],2019-05-03 01:11:36,211752.74075282,0.00000025,0.000000000013700074999999998,7559074,2019-05-03 01:11:36,btc,0.055484923955058496,0.0,0.00000025,"btc,eth",1387.19918473,0.0,0.0005381851887916605,37
1,[],4,[],2019-06-01 17:41:25,9959965.11813447,0.00000015,0.000000000012803025,7723204,2019-06-01 17:41:25,btc,19772.502894509886,0.0,0.00000015,btc,736058.76933135,0.00242321,0.1253179466713705,37
1,[],12,[],2019-06-01 17:41:27,3586020.84028571,0.00000018,0.00000000001536363,7723205,2019-06-01 17:41:27,btc,9.358052179760259,0.0,0.00000018,btc,975252.66114724,0.013834904709,0.1598021912514278,37
1,[],27,[],2019-06-01 17:43:32,6137.0,0.00000016,0.000000000013656560000000001,7723206,2019-06-01 17:43:32,btc,24.12337022903233,0.0,0.00000016,btc,5792.49438508,0.0,0.00075592,37
1,[],5,[],2019-06-01 17:43:34,0.0,0,0,7723207,2019-06-01 17:43:34,btc,0.0,0.00097916,0,btc,0.0,0.0,0.0,42
1,[],12,[],2019-06-01 17:43:35,144445.43612771,0.00000095,0.000000000081085825,7723208,2019-06-01 17:43:35,btc,24.79033505074234,0.0,0.00000095,btc,72428.88087489,0.0,0.0572766599999687,42
1,[],27,[],2019-06-01 17:43:42,506.0,0.00000002,0.0000000000017070700000000001,7723209,2019-06-01 17:43:42,btc,0.07600425,0.0,0.00000002,"btc,eth",18.0,0.0,6.0000003256200226e-06,42
1,[],12,[],2019-03-13 09:13:29,1112112.0,0.00000001,0.000000000000386531,6919902,2019-03-13 09:13:29,btc,29058.00478931866,0.0,0.00000001,btc,5967681.93306694,9.99000999e-07,0.01112112,43
1,[],5,[],2019-04-26 22:38:52,0.0,0,0,7474154,2019-04-26 22:38:52,btc,0.0,0.02638891,0,btc,0.0,0.0,0.0,43
0,[],17,[],2019-04-26 22:38:53,0.0,0,0,7474155,2019-04-26 22:38:53,btc,0.0,0.0,0,btc,0.0,0.0,0.0,43
1,[],12,[],2019-03-05 01:54:08,639326.02,0.00000004,0.000000000001486676,6845775,2019-03-05 01:54:08,btc,11116042.728239931,0.0,0.00000004,btc,1103841.4595604,0.0003330765234764,0.014975410599999999,44
1,[],4,[],2019-06-01 17:43:42,105312336.02947043,0.00000001,0.0000000000008535350000000001,7723210,2019-06-01 17:43:42,btc,1395.266568804208,0.0,0.00000001,"btc,ltc",28007047.77528054,0.00138048,0.034398893120099194,49
0.0000000001319897,[],4,[],2019-06-01 17:43:43,133445038.08270425,3.6957116000000003e-17,3.1544192005060003e-21,7723211,2019-06-01 17:43:43,ltc,194919.8938695564,0.0,0.00000028,ltc,163235334.41907233,0.0,1.381451220323271e-09,52
0,[],22,[],2019-06-01 13:11:22,0.0,0,0,7722690,2019-06-01 13:11:22,,10289.55991011,0.0,0,,308568058.4566013,0.0,0.0,57
1,[],27,[],2019-06-01 13:11:30,2297.0,0.0000003,0.00000000002562834,7722691,2019-06-01 13:11:30,btc,0.0,0.0,0.0000003,"btc,eth",0.0,0.0,0.0003891,57
1,[],12,[],2019-06-01 15:16:33,720148924.0,0.0000000001,0.00000000000000849258,7723098,2019-06-01 15:16:33,btc,2236849.546057848,0.0,0.0000000001,btc,3380707521.338618,0.001900255137,0.0720148924,58
1,[],17,[],2019-05-03 01:12:09,1200000.0,0.0000000001,0.00000000000000548003,7559085,2019-05-03 01:12:09,btc,1e+24,0.0,0.0000000001,"btc,eth",39516342.31952568,0.0,0.00010000000058666061,58
0.0000000001319897,[],4,[],2019-06-01 17:43:44,3423118777.8051414,1.3198970000000001e-18,1.126578285895e-22,7723212,2019-06-01 17:43:44,ltc,19.341013565783243,0.0,0.00000001,ltc,5852235775.557803,0.0,4.5181642054686736e-09,58
0.0000000001088689,[],22,[],2019-06-01 17:47:48,126877.0,1.088689e-18,9.292341656150001e-23,7723213,2019-06-01 17:47:48,XMR,68.17454206,0.0,0.00000001,XMR,9626402.6,0.0,0.00126877,58
1,[],5,[],2019-06-01 17:47:50,0.0,0,0,7723214,2019-06-01 17:47:50,btc,0.0,0.0185442,0,btc,0.0,0.0,0.0,61
1,[],22,[],2019-06-01 17:47:53,13613.833333333334,0.00000012,0.000000000010242420000000001,7723215,2019-06-01 17:47:53,BTC,1002.29123003,0.0,0.00000012,BTC,15014.200177125656,0.0,0.00153269,61
1,[],26,[],2019-06-01 17:47:53,0.0,0.00000050,0.000000000042676750000000006,7723216,2019-06-01 17:47:53,btc,0.0,0.0,0.00000050,btc,0.0,0.0,0.0,61
1,[],27,[],2019-06-01 17:48:00,8450.0,0.0000002,0.000000000017070700000000002,7723217,2019-06-01 17:48:00,btc,1.9582485601246655,0.0,0.0000002,"btc,eth",11379.41563696,0.0,0.001522,61
0,[],28,[],2019-06-01 17:48:50,0.0,0,0,7723218,2019-06-01 17:48:50,,0.0,774.0,0,,0.0,0.0,0.0,61
1,[],4,[],2019-06-01 17:48:51,794477.32920962,0.00000070,0.00000000005974745,7723219,2019-06-01 17:48:51,btc,2.9154007832079336,0.0,0.00000070,btc,936041.50109773,0.07033514,0.3943172133199908,67
0.0,[],25,[],2019-06-01 17:48:52,0.0,0,0,7723220,2019-06-01 17:48:52,,0.0,0.0,0.0,btc,0.0,0.0,0.0,67
1,[],12,[],2019-06-01 17:48:54,893658.355,0.00000006,0.00000000000512121,7723221,2019-06-01 17:48:54,btc,5.167075310629368,0.0,0.00000006,btc,737721.69430566,0.004028280699,0.0180635913,71
,[],5,[],2018-11-20 23:02:39,1.5e-07,0.00000005,0.000000000002128045,4862160,2018-11-20 23:02:39,btc,2.84511358,0.0,,btc,0.00036572,0.0,0.07381892,74
1,[],5,[],2019-06-01 17:48:55,0.0,0,0,7723222,2019-06-01 17:48:55,btc,0.0,0.10511978,0,btc,0.0,0.0,0.0,75
0,[],4,[],2019-05-25 21:33:44,0.0,0,0,7686249,2019-05-25 21:33:44,,133656.37989170782,0.0,0,,33439209.5909442,0.0,0.0,81
0,[],20,[],2019-01-25 09:30:31,0.0,0,0,6495923,2019-01-25 09:30:31,btc,0.0,0.0,0,btc,0.0,0.0,0.0,81
1,[],4,[],2019-06-01 17:48:56,31087.79101747,0.00011003,0.000000009391445605,7723223,2019-06-01 17:48:56,btc,55.67467943238584,0.0,0.00011003,btc,121424.47232681,0.18871109,0.6868539359021487,82
1,[],21,[],2019-06-01 17:48:57,77547.45685139,0.0001056399999999999982265574960,0.000000009016743740000001,7723224,2019-06-01 17:48:57,btc,15.410178308373862,45258.6116472,0.0001056399999999999982265574960393905712408013641834259033203125,btc,94579.5184014,4.88622423,6.395704358407959,82
0,[],17,[],2019-03-25 22:42:34,0.0,0,0,7038780,2019-03-25 22:42:34,btc,0.0445064681804024,0.0,0,btc,995513.18476001,0.0,0.0,84
0.0000000001161485,[],4,[],2019-05-20 13:09:39,216715621.0206096,1.161485e-18,9.0533806701e-23,7657228,2019-05-20 13:09:39,ltc,1.6511566870244727,0.0,0.00000001,ltc,471032407.9048656,0.0,2.5171194308112273e-10,85
,[],22,[],2018-11-20 23:09:34,3408.1,0.0000001,0.0000000000041895,4862324,2018-11-20 23:09:34,BTC,0.04624735,0.0,,BTC,4990.0,0.0,0.00033081,86
1,[],22,[],2019-06-01 17:49:01,62656.0,0.00000001,0.0000000000008535350000000001,7723225,2019-06-01 17:49:01,BTC,1.46328467,0.0,0.00000001,BTC,412112.21403508773,0.00203195,0.00062656,87
1,[],27,[],2019-06-01 17:49:08,98782.0,0.00000008,0.0000000000068282800000000005,7723226,2019-06-01 17:49:08,btc,5.057418228036,2280.0,0.00000008,btc,92485.67341,0.000228,0.00133114,87
,[],2,[],2018-11-20 23:10:47,0.0,0,0,4862359,2018-11-20 23:10:47,,0.0,0.0,,,0.0,0.0,0.0,88
1,[],11,[],2019-06-01 17:49:10,122817.33451644,0.000080010000000000001366302904148852803700719960033893585205078125,0.000000006829133535000001,7723227,2019-06-01 17:49:10,btc,167.40455303750596,1239.00355127,0.000080010000000000001366302904148852803700719960033893585205078125,btc,201183.73049583,0.0,1.9509218597031348,89
0,[],2,[],2019-01-20 23:31:45,0.0,0,0,6477083,2019-01-20 23:31:45,,0.0,0.0,0,,0.0,0.0,0.0,91
0,[],17,[],2019-05-03 01:12:26,0.0,0,0,7559096,2019-05-03 01:12:26,btc,0.0,0.0,0,btc,0.0,0.0,0.0,91
1,[],22,[],2019-06-01 14:19:43,75910.55,0.0000002,0.00000000001704514,7722967,2019-06-01 14:19:43,BTC,0.497,0.0,0.0000002,"BTC,LTC",6.95,0.0,0.00165931,91
1,[],12,[],2019-06-01 17:49:12,261866.15086954,0.00000025,0.000000000021338375,7723228,2019-06-01 17:49:12,btc,87.6832753628971,0.0,0.00000025,btc,147351.58695415,0.000585089223,0.0108503201999941,91
1,[],22,[],2019-04-09 20:17:52,374949.73333333334,0.00000015,0.000000000007771935,7235704,2019-04-09 20:17:52,BTC,6.87372503,0.0,0.00000015,"BTC,LTC",159980.01196797504,1.1e-05,0.80510266,95
0.0000000001318031,[],4,[],2019-06-01 15:20:11,543640018.7058961,2.8996682000000005e-17,2.4625664161956e-21,7723114,2019-06-01 15:20:11,ltc,11.302987465620907,0.0,0.00000022,ltc,153073292.3838768,0.0,8.853671820321278e-10,96
0,[],12,[],2019-06-01 15:20:13,0.0,0,0,7723115,2019-06-01 15:20:13,btc,17.17750296048951,0.0,0,btc,9674260.04895105,0.0,0.0,96
0,[],17,[],2019-05-03 01:12:32,0.0,0,0,7559100,2019-05-03 01:12:32,btc,0.0,0.0,0,btc,0.0,0.0,0.0,96
1,[],4,[],2019-04-14 03:32:46,1039404.33283278,0.00000038,0.000000000019245518,7293458,2019-04-14 03:32:46,btc,4.170086055365747,0.0,0.00000038,btc,3097704.34561074,0.06260606,0.1859928211030784,99
1,[],4,[],2019-06-01 15:22:14,238872.40427455,0.00001625,0.00000000138004425,7723116,2019-06-01 15:22:14,btc,7.486795746790499,0.0,0.00001625,btc,157924.4284479,0.17803748,0.2807067551176377,100
0,[],2,[],2019-01-20 23:23:55,0.0,0,0,6476914,2019-01-20 23:23:55,,0.0,0.0,0,,0.0,0.0,0.0,100
1,[],22,[],2019-06-01 15:22:17,150000.0,0.00000002,0.000000000001698516,7723117,2019-06-01 15:22:17,BTC,24.83526409,0.0,0.00000002,BTC,11187.719,0.0,0.0017,101
1,[],4,[],2019-06-01 15:22:18,559046.1767,0.00000170,0.00000000014437386,7723118,2019-06-01 15:22:18,btc,551.146691367008,0.0,0.00000170,btc,668599.98036983,0.05121585,0.2121957908156408,103
1,[],12,[],2019-06-01 15:22:21,173818454.0,0.000000003,0.0000000000002547774,7723119,2019-06-01 15:22:21,btc,2404.662738768012,0.0,0.000000003,btc,71182684.21037468,0.007954076914,0.22802845600000002,105
0,[],27,[],2019-06-01 15:22:28,0.0,0,0,7723120,2019-06-01 15:22:28,,0.34418209,294611.0,0,btc,2515427.0,0.00294611,0.0,105
1,[],22,[],2019-04-21 00:17:26,21333.0,0.00000001,0.000000000000532493,7385819,2019-04-21 00:17:26,BTC,51.38182867,0.0,0.00000001,BTC,470435.0,0.0,0.00021333,107
1,[],26,[],2019-04-21 00:17:26,0.0,0.00000000,0,7385820,2019-04-21 00:17:26,btc,0.0,0.0,0.00000000,btc,0.0,0.0,0.0,107
1,[],5,[],2019-06-01 15:22:30,0.0,0,0,7723121,2019-06-01 15:22:30,btc,0.0,0.0,0,btc,0.0,0.0,0.0,112
0,[],22,[],2019-06-01 15:22:33,0.0,0,0,7723122,2019-06-01 15:22:33,,6.79500102,0.0,0,,3375892.0833333335,0.0,0.0,112
1,[],27,[],2019-06-01 15:22:40,1.0,0.00000001,0.000000000000849258,7723123,2019-06-01 15:22:40,btc,1.15032588,0.0,0.00000001,"btc,eth",1818.0,0.0,1e-08,112
1,[],4,[],2019-06-01 15:22:41,254199.65677474,0.00000087,0.000000000073885446,7723124,2019-06-01 15:22:41,btc,5.566724951001891,0.0,0.00000087,btc,616713.11169717,0.03771034,0.153171383900227,113
1,[],5,[],2019-06-01 15:22:43,0.0,0,0,7723125,2019-06-01 15:22:43,btc,0.0,0.0,0,btc,0.0,0.0,0.0,113
1,[],17,[],2019-04-26 02:17:47,162738.278,0.00000004,0.0000000000021069000000000002,7461287,2019-04-26 02:17:47,btc,1.3331140273775473,0.0,0.00000004,btc,51796.221,0.0,0.00230953112,116
1,[],27,[],2019-05-22 05:13:01,210000.0,0.00000001,0.00000000000079145,7666372,2019-05-22 05:13:01,btc,3919.0005001478,0.0,0.00000001,btc,128660.871,0.0,0.0021,116
1,[],4,[],2019-05-21 22:31:11,138169.03963019,0.00000701,0.000000000558364025,7664793,2019-05-21 22:31:11,btc,150.95388250938234,0.0,0.00000701,btc,344631.17141974,0.07552974,0.4288357684941946,120
1,[],7,[],2019-05-21 22:31:12,3901.07750076,0.000010679999999999999389654892212320191902108490467071533203125,0.0000000008506887,7664794,2019-05-21 22:31:12,btc,231188.94669936574,0.0,0.000010679999999999999389654892212320191902108490467071533203125,btc,4133.83151364,0.0,0.0113888422364489,120
1,[],20,[],2019-04-07 18:42:29,1914137.0852,0.000000035,0.0000000000017871910000000002,7211992,2019-04-07 18:42:29,btc,32.2497668025648,25528.85,0.000000035,btc,1001975.4986,0.00089350975,0.0152723574729,125
1,[],22,[],2019-06-01 15:22:47,10000.0,0.00000001,0.000000000000849258,7723126,2019-06-01 15:22:47,BTC,0.032061,0.0,0.00000001,BTC,299316.7611111111,0.0,0.0001,126
1,[],4,[],2019-06-01 15:22:48,426685.60682924,0.00000854,0.000000000725266332,7723127,2019-06-01 15:22:48,btc,5.25884311010428,0.0,0.00000854,btc,180592.95373691,1.00172722,1.5402707888926939,131
0,[],2,[],2019-01-20 23:25:46,0.0,0,0,6476969,2019-01-20 23:25:46,,0.0,0.0,0,,0.0,0.0,0.0,131
1,[],17,[],2019-05-03 01:13:10,10000.0,0.00000001,0.000000000000548003,7559115,2019-05-03 01:13:10,btc,0.0953976503951408,0.0,0.00000001,btc,5037.62507334,0.0,0.0001,131
1,[],4,[],2019-06-01 15:24:49,4879.83004561,0.00010000,0.00000000849258,7723128,2019-06-01 15:24:49,btc,5.03240851299538,0.0,0.00010000,btc,202.13055914,0.0,0.0068119517510071,135
1,[],3,[],2019-06-01 15:24:50,550457.22392675,0.00000001,0.000000000000849258,7723129,2019-06-01 15:24:50,btc,0.2222015482703881,1651349.79937,0.00000001,btc,1905502.4316845,0.0,0.0055045722392675,136
1,[],4,[],2019-06-01 14:24:29,2152266.49450132,0.00000182,0.000000000155110774,7722984,2019-06-01 14:24:29,btc,109.22162834870053,0.0,0.00000182,btc,531565.015517,0.02809181,0.4924495659198986,137
1,[],12,[],2019-06-01 14:24:30,88497.1058115,0.000001769999999999999994019540816569957542014890350401401519775390625,0.000000000150849489,7722985,2019-06-01 14:24:30,btc,57.84146673417668,0.0,0.000001769999999999999994019540816569957542014890350401401519775390625,btc,50782.49064291,0.000167466742,0.0179223332583711,137
1,[],4,[],2019-06-01 15:24:51,100497.33502779,0.00001721,0.000000001461573018,7723130,2019-06-01 15:24:51,btc,8.697430764115152,0.0,0.00001721,btc,123674.4757366,0.30071778,0.8946474254140195,142
1,[],5,[],2019-06-01 15:24:51,0.0,0,0,7723131,2019-06-01 15:24:51,btc,0.0,0.00161899,0,btc,0.0,0.0,0.0,142
1,[],20,[],2019-06-01 15:26:54,209217.2422,0.000015211,0.0000000012918063438,7723132,2019-06-01 15:26:54,btc,1.6083871536053,0.0,0.000015211,btc,9872.8163,0.0,0.0212005153666,142
1,[],22,[],2019-06-01 15:26:57,11028.645,0.00001000,0.000000000849258,7723133,2019-06-01 15:26:57,BTC,3.27323936,0.0,0.00001000,BTC,1114.1496937357979,0.00223944,0.00745365,142
0.0,[],25,[],2019-06-01 15:26:58,0.0,0,0,7723134,2019-06-01 15:26:58,,0.0,0.0,0.0,btc,0.0,0.0,0.0,142
0,[],28,[],2019-06-01 15:27:53,0.0,0,0,7723135,2019-06-01 15:27:53,,0.0,0.0,0,,0.0,0.0,0.0,142
1,[],17,[],2019-05-03 01:13:16,32967.38636364,0.00000088,0.000000000048224264,7559122,2019-05-03 01:13:16,btc,20.06976206696776,0.0,0.00000088,btc,2746.079105,0.0,0.0105613000000032,142
0,[],22,[],2019-06-01 15:27:56,0.0,0,0,7723136,2019-06-01 15:27:56,,64.98618676,0.0,0,,787024755.3,0.0,0.0,143
0,[],22,[],2019-02-25 15:42:22,0.0,0,0,6783783,2019-02-25 15:42:22,,4.2131946,0.0,0,,2322156.0,0.0,0.0,146
,[],22,[],2018-11-20 23:01:11,0.0,0,0,4862114,2018-11-20 23:01:11,,2.56807021,0.0,,,61828.4988236,0.0,0.0,147
1,[],12,[],2019-04-21 06:38:04,193091.5971266,0.00000071,0.000000000037635183,7388679,2019-04-21 06:38:04,btc,2.301232411611175,0.0,0.00000071,btc,9957.48302385,0.00023528,0.0313308199999888,148
1,[],4,[],2019-03-19 21:31:25,255810.0415942,0.00000029,0.000000000011615747,6982695,2019-03-19 21:31:25,btc,218.94922712414143,0.0,0.00000029,btc,793529.37642722,0.00117,0.0608347789473395,152
0,[],22,[],2019-03-19 21:31:27,0.0,0,0,6982696,2019-03-19 21:31:27,,0.0,0.0,0,,0.0,0.0,0.0,152
1,[],5,[],2019-04-26 09:36:59,0.0,0,0,7465040,2019-04-26 09:36:59,btc,0.0,0.0,0,btc,0.0,0.0,0.0,153
,[],16,[],2019-01-11 15:38:59,0.0,0,0,6366141,2019-01-11 15:38:59,btc,0.0,0.0,,btc,0.0,0.0,0.0,155
0,[],22,[],2019-06-01 15:27:59,0.0,0,0,7723137,2019-06-01 15:27:59,,7.44455324,0.0,0,,5955762.942592593,0.0,0.0,156
0,[],23,[],2019-01-20 23:24:29,0.0,0,0,6476932,2019-01-20 23:24:29,,0.0,0.0,0,,0.0,0.0,0.0,156
1,[],22,[],2019-06-01 15:28:01,6996.0,0.00000001,0.000000000000849258,7723138,2019-06-01 15:28:01,BTC,1.7543039,0.0,0.00000001,BTC,57.0,0.0,6.996e-05,157
0,[],22,[],2019-05-21 23:40:32,0.0,0,0,7665049,2019-05-21 23:40:32,,50234.60468402,0.0,0,,54786159.03179465,0.0,0.0,158
,[],17,[],2018-11-20 22:56:10,0.0,0,0,4861976,2018-11-20 22:56:10,btc,1.1265625,0.0,,btc,1000.0,0.0,0.0,159
,[],20,[],2018-11-20 22:56:12,0.0,0,0,4861977,2018-11-20 22:56:12,btc,11912.7940471,0.0,,btc,34413894.3617,0.0,0.0,159
1,[],12,[],2019-05-24 02:51:20,9178.522006449999,0.00000191999999999999982841307998027158276954651228152215480804443359375,0.000000000151222656,7676256,2019-05-24 02:51:20,btc,149.80414728631675,0.0,0.00000191999999999999982841307998027158276954651228152215480804443359375,btc,1115.7451448499999,0.01783167678326,0.0120075778999181,168
1,[],17,[],2019-05-03 01:13:36,42852.0,0.00000002,0.000000000001096006,7559132,2019-05-03 01:13:36,btc,0.04279856251542,0.0,0.00000002,btc,274.46171372,0.0,0.00052852,168
1,[],22,[],2019-05-17 03:01:52,10.0,0.00000001,0.000000000000778341,7642059,2019-05-17 03:01:52,BTC,41.95893009,0.0,0.00000001,BTC,1753972.7737547632,0.0,1e-07,169
1,[],22,[],2019-05-30 08:38:18,202834.0,0.00000002,0.0000000000017416160000000001,7711049,2019-05-30 08:38:18,BTC,27.87002826,0.0,0.00000002,BTC,462189.5410507793,0.0,0.00211768,171
1,[],22,[],2019-05-29 08:05:18,349870.0,0.00000002,0.000000000001705894,7705265,2019-05-29 08:05:18,BTC,24.05907723,0.0,0.00000002,"BTC,LTC",1224285.4355616204,0.0,0.0039847,173
1,[],5,[],2019-06-01 14:27:11,0.0,0,0,7722995,2019-06-01 14:27:11,btc,0.0,0.07600223,0,btc,0.0,0.0,0.0,175
1,[],22,[],2019-06-01 15:28:06,90671.0,0.00000001,0.000000000000849258,7723139,2019-06-01 15:28:06,BTC,394.35459412,0.0,0.00000001,BTC,136275.61833431243,0.0,0.00090671,176
1,[],7,[],2019-06-01 15:28:07,0.0,0,0,7723140,2019-06-01 15:28:07,btc,522274.28208915493,0.0,0,btc,21993385.47972966,0.0,0.0,178
0,[],22,[],2019-06-01 15:28:09,0.0,0,0,7723141,2019-06-01 15:28:09,,1.00242428,0.0,0,,57512.0,0.0,0.0,178
0,[],2,[],2019-01-20 23:28:34,0.0,0,0,6477001,2019-01-20 23:28:34,,0.0,0.0,0,,0.0,0.0,0.0,178
0,[],23,[],2019-01-20 23:25:08,0.0,0,0,6476952,2019-01-20 23:25:08,,0.0,0.0,0,,0.0,0.0,0.0,179
1,[],5,[],2019-06-01 14:27:19,0.0,0,0,7722999,2019-06-01 14:27:19,btc,0.0,0.1365201,0,btc,0.0,0.0,0.0,179
0,[],22,[],2019-06-01 14:27:22,0.0,0,0,7723000,2019-06-01 14:27:22,,5.32069724,0.0,0,,13630439.811946675,0.0,0.0,179
1,[],17,[],2019-05-03 01:13:56,20504.725000000002,0.0000001,0.00000000000548003,7559141,2019-05-03 01:13:56,btc,5.2010695838400265,0.0,0.0000001,btc,5033.45945,0.0,0.0011504725,180
1,[],22,[],2019-06-01 14:29:26,682244.1315646544,0.00000107,0.000000000091191499,7723001,2019-06-01 14:29:26,BTC,39.18714982,0.0,0.00000107,"BTC,LTC",143161.08376237814,0.001805,0.58175106,180
1,[],26,[],2019-06-01 14:29:26,0.0,0.00000010,0.00000000000852257,7723002,2019-06-01 14:29:26,btc,0.0,50.0,0.00000010,btc,0.0,0.0,0.0,180
,[],7,[],2018-11-20 22:58:01,562227.975654,0.00000085,0.000000000036176765,4862015,2018-11-20 22:58:01,btc,21836.6059674,2491.87645172,,btc,749999.041456,0.00211021,0.127565380455,183
,[],5,[],2019-01-10 08:11:41,0.0,0,0,6347036,2019-01-10 08:11:41,btc,82.15055501,0.00261,,btc,1.19002445,0.0,0.0,187
,[],17,[],2018-11-16 20:58:10,4062536.27273,0.00000001,0.000000000000550501,4708775,2018-11-16 20:58:10,btc,3.36492563466,0.195460381006,,"btc,eth",110697919.549,0.0,0.0157628953496,187
1,[],24,[],2019-05-22 21:04:52,0.0,0.000000000014,0.0000000000000010960978,7670219,2019-05-22 21:04:52,btc,0.0,0.0,0.000000000014,btc,0.0,0.0,0.0,187
0,[],22,[],2019-04-25 02:54:07,0.0,0,0,7447896,2019-04-25 02:54:07,,7.54794454,0.0,0,,76361.7243344055,0.0,0.0,191
0,[],22,[],2019-06-01 14:29:30,0.0,0,0,7723003,2019-06-01 14:29:30,,0.0,0.0,0,,0.0,0.0,0.0,197
0,[],23,[],2019-01-20 23:31:41,0.0,0,0,6477079,2019-01-20 23:31:41,,0.0,0.0,0,,0.0,0.0,0.0,199
0,[],22,[],2019-06-01 14:29:33,0.0,0,0,7723004,2019-06-01 14:29:33,,10.92249999,0.0,0,,98728037.0,0.0,0.0,199
1,[],26,[],2019-06-01 14:29:33,0.0,0.00000000,0,7723005,2019-06-01 14:29:33,btc,0.0,0.0,0.00000000,btc,0.0,0.0,0.0,199
0,[],2,[],2019-01-20 23:30:49,0.0,0,0,6477059,2019-01-20 23:30:49,,0.0,0.0,0,,0.0,0.0,0.0,201
1,[],4,[],2019-01-25 15:51:35,2084389.58565343,0.00000936,0.000000000333526752,6499557,2019-01-25 15:51:35,btc,2.0092503037378524,0.0,0.00000936,btc,160195.80207885,0.19272417,1.242687955921835,211
1,[],7,[],2019-06-01 14:29:36,1170644053.7999022,0.00000037,0.000000000031533509,7723006,2019-06-01 14:29:36,btc,15201833.254150618,277824.960815,0.00000037,btc,6786537.40107219,0.0,12.084521994415576,212
1,[],12,[],2019-01-25 02:44:32,207462.42853209,0.000001080000000000000035831255497387193287295303889550268650054931640625,0.000000000038610756000000006,6493050,2019-01-25 02:44:32,btc,85023.03793723314,0.0,0.000001080000000000000035831255497387193287295303889550268650054931640625,btc,43675.73520027,0.000146250909087,0.0348620860622024,213
1,[],5,[],2019-05-30 00:07:46,0.0,0,0,7709357,2019-05-30 00:07:46,btc,0.0,0.06425239,0,btc,0.0,0.0,0.0,213
1,[],24,[],2019-05-30 00:07:46,0.0,0.000000399202,0.0000000000344859829346,7709358,2019-05-30 00:07:46,btc,0.0,0.0,0.000000399202,btc,0.0,0.0,0.0,213
1,[],26,[],2019-05-30 00:07:47,0.0,0.00000040,0.000000000034554919999999996,7709359,2019-05-30 00:07:47,btc,0.0,0.0,0.00000040,btc,0.0,0.0,0.0,213
1,[],27,[],2019-06-01 14:29:43,194550.0,0.00000001,0.000000000000852257,7723008,2019-06-01 14:29:43,btc,76.41793967917752,2000.0,0.00000001,"btc,ltc",385335.407688,2e-05,0.0019355000000013274,216
0,[],22,[],2019-06-01 14:29:38,0.0,0,0,7723007,2019-06-01 14:29:38,,9.61445386,0.0,0,,3661587.094064925,0.0,0.0,216
1,[],22,[],2019-06-01 14:29:47,725210.0344827586,0.00000029,0.000000000024715453,7723009,2019-06-01 14:29:47,BTC,12056.47856541,0.0,0.00000029,BTC,518287.27879836375,0.01001163,0.05564642,217
1,[],7,[],2019-06-01 14:29:48,0.0,0,0,7723010,2019-06-01 14:29:48,btc,1234864.1040716618,0.0,0,btc,164001712.13147992,0.0,0.0,219
0,[],27,[],2019-06-01 14:29:54,0.0,0,0,7723011,2019-06-01 14:29:54,,261.41644782671324,158.0,0,btc,15857918.74381025,1.58e-06,0.0,219
0,[],28,[],2019-06-01 14:30:49,0.0,0,0,7723012,2019-06-01 14:30:49,,0.0,14785.0,0,,0.0,0.0,0.0,219
1,[],22,[],2019-05-23 16:41:05,172069.0,0.00000004,0.0000000000031167080000000004,7674065,2019-05-23 16:41:05,BTC,56.76466137,0.0,0.00000004,BTC,127061.6482738741,0.0,0.00393676,221
1,[],24,[],2019-05-23 16:41:05,0.0,0.000000010000,0.0000000000007791770000000001,7674066,2019-05-23 16:41:05,btc,0.0,0.0,0.000000010000,btc,0.0,0.0,0.0,221
1,[],20,[],2019-06-01 14:30:52,9844043.6429,0.000000002,0.0000000000001704514,7723013,2019-06-01 14:30:52,btc,100052.67419088971,100187.8571,0.000000002,btc,45432148.0108,0.0002003757142,0.0098577632858,224
0,[],22,[],2019-06-01 14:30:54,0.0,0,0,7723014,2019-06-01 14:30:54,,0.0,0.0,0,,0.0,0.0,0.0,224
1,[],26,[],2019-06-01 14:30:54,0.0,0.00000025,0.000000000021306425,7723015,2019-06-01 14:30:54,btc,0.0,0.0,0.00000025,btc,0.0,0.0,0.0,231
1,[],26,[],2019-06-01 14:30:55,0.0,0.00000006,0.000000000005113542,7723016,2019-06-01 14:30:55,btc,0.0,0.0,0.00000006,btc,0.0,0.0,0.0,234
0.0000000003126378,[],27,[],2019-06-01 14:31:02,100.0,3.1263779999999997e-18,2.6644775351459998e-22,7723017,2019-06-01 14:31:02,eth,0.01134836604,0.0,0.00000001,"btc,eth",11462.996,0.0,3.126378e-16,234
1,[],4,[],2019-05-22 17:06:12,91780.56053785,0.00000078,0.000000000061977552,7669277,2019-05-22 17:06:12,btc,5.573372450018177,0.0,0.00000078,btc,729173.93529783,0.0,0.0307060663355679,236
1,[],24,[],2019-05-22 17:06:12,0.0,0.000000010000,0.000000000000794584,7669278,2019-05-22 17:06:12,btc,0.0,0.0,0.000000010000,btc,0.0,0.0,0.0,236
1,[],5,[],2019-06-01 14:31:04,0.0,0,0,7723018,2019-06-01 14:31:04,btc,0.0,0.19140084,0,btc,0.0,0.0,0.0,237
1,[],20,[],2019-06-01 14:31:07,119306504.5257,0.000000042,0.0000000000035794794,7723019,2019-06-01 14:31:07,btc,412.7533154201408,9144815.4022,0.000000042,btc,43248039.5474,0.3914159397806,0.4322130144574,237
1,[],22,[],2019-06-01 14:31:11,288100.0,0.00000003,0.000000000002556771,7723020,2019-06-01 14:31:11,BTC,1.20267422,0.0,0.00000003,"BTC,LTC",17930.94871794872,0.0,0.007541,237
1,[],4,[],2019-06-01 14:31:12,26805491.50075407,0.00000011,0.000000000009374827,7723021,2019-06-01 14:31:12,btc,2.7843748933442574,0.0,0.00000011,btc,9386792.20902138,0.08013894,0.5394658406119073,238
1,[],5,[],2019-06-01 14:31:13,0.0,0,0,7723022,2019-06-01 14:31:13,btc,0.0,0.02288673,0,btc,0.0,0.0,0.0,238
0,[],22,[],2019-03-12 16:49:32,0.0,0,0,6914458,2019-03-12 16:49:32,,0.40415746,0.0,0,,526736.5639027493,0.0,0.0,249
0,[],22,[],2019-05-28 23:53:45,0.0,0,0,7703643,2019-05-28 23:53:45,,13.44714864,0.0,0,,43777534.3426455,0.0,0.0,252
0,[],28,[],2019-06-01 14:32:29,0.0,0,0,7723023,2019-06-01 14:32:29,,0.0,283746.69994233,0,,0.0,0.0,0.0,256
1,[],22,[],2019-06-01 14:32:34,1021960.0,0.00000001,0.000000000000852257,7723024,2019-06-01 14:32:34,BTC,31464.5506333,0.0,0.00000001,BTC,584951.6675322719,0.00016501,0.0102196,258
1,[],22,[],2019-05-19 18:12:02,400.0,0.00000001,0.0000000000007957800000000001,7653905,2019-05-19 18:12:02,BTC,2.415167,0.0,0.00000001,BTC,157.0,0.0,4e-06,259
1,[],5,[],2019-06-01 14:32:36,0.0,0,0,7723025,2019-06-01 14:32:36,btc,0.0,0.09332096,0,btc,0.0,0.0,0.0,264
1,[],20,[],2019-06-01 14:32:38,957022.0387,0.000000164,0.0000000000139770148,7723026,2019-06-01 14:32:38,btc,0.9761699458021,24861.0,0.000000164,btc,51736.5911,0.01441938,0.0078237773836,264
0,[],22,[],2019-04-12 17:57:27,0.0,0,0,7278186,2019-04-12 17:57:27,,66.37522201,0.0,0,,677842.4169881374,0.0,0.0,271
0,[],22,[],2019-05-29 08:10:20,0.0,0,0,7705301,2019-05-29 08:10:20,,33050470.74998113,0.0,0,,14361377780.7,0.0,0.0,272
0,[],28,[],2019-05-29 08:10:54,0.0,0,0,7705302,2019-05-29 08:10:54,,0.0,22189957216.5758,0,,0.0,0.0,0.0,272
1,[],22,[],2019-05-23 07:12:29,219930.0,0.00000004,0.000000000003048688,7671985,2019-05-23 07:12:29,BTC,426.77835217,0.0,0.00000004,BTC,248664.3325962929,0.0,0.00739728,281
1,[],22,[],2019-06-01 14:32:45,378731.43333333335,0.00000004,0.000000000003409028,7723027,2019-06-01 14:32:45,BTC,31.67458123,0.0,0.00000004,"BTC,LTC",1539629.4569583754,4.254e-05,0.01589293,286
0,[],22,[],2019-06-01 14:32:47,0.0,0,0,7723028,2019-06-01 14:32:47,,7337904.96568486,0.0,0,,2004620112.6797826,0.0,0.0,294
