pairValue,buyBook,exchangeId,sellBook,updated,buyTotal,satoshiPrice,usdPrice,exchangeLogId,created,bestPair,sellTotalBtc,volume,pairPrice,activePairs,sellTotal,volumeBtc,buyTotalBtc,coinId
1,[],3,[],2019-03-10 07:03:18,30528.960513162052,0.012535839999999999483382140397225157357752323150634765625,0.0000004888137698719999,6893196,2019-03-10 07:03:18,btc,61.13275571003941,0.0,0.012535839999999999483382140397225157357752323150634765625,btc,26.811190878565,0.0,0.1086270576459041,1
1,[],4,[],2019-03-10 07:03:20,207740.47047503,0.01274201,0.000000496853018533,6893197,2019-03-10 07:03:20,btc,10.28853101292217,0.0,0.01274201,btc,342.59029648,0.77390484,0.9641343228601773,1
1,[],5,[],2019-03-10 07:03:22,0.0,0,0,6893198,2019-03-10 07:03:22,btc,0.0,0.01022211,0,btc,0.0,0.0,0.0,1
1,[],10,[],2019-03-10 07:03:24,413923.00906484,0.01051976,0.000000410200157608,6893199,2019-03-10 07:03:24,btc,6521.983617662366,2217.4707267,0.01051976,btc,1080.39039313,0.0,4.981270182078855,1
1,[],12,[],2019-03-10 07:03:27,112.74979268999999,0.012600000000000000088817841970012523233890533447265625,0.00000049131558,6893200,2019-03-10 07:03:27,btc,0.3074420817615,0.0,0.012600000000000000088817841970012523233890533447265625,btc,23.06563619,0.0431017632391,0.4122097020011,1
1,[],20,[],2019-03-10 07:03:29,1152.478,0.010500222,0.0000004094383065126,6893201,2019-03-10 07:03:29,btc,0.0554564832443,0.0,0.010500222,btc,2.4799,0.0,0.0959861607749,1
1,[],21,[],2019-03-10 07:05:29,1557.6412737599999,0.01260009999999999949493734164,0.00000049131947933,6893202,2019-03-10 07:05:29,btc,24.644814010050467,4470.82729712,0.0126000999999999994949373416375237866304814815521240234375,btc,1920.18085322,56.17258185,19.400966098626117,1
1,[],22,[],2019-03-10 07:05:33,0.0059712,0.01250000,0.00000048741625,6893203,2019-03-10 07:05:33,BTC,0.31439419,0.0,0.01250000,BTC,0.12751438772928525,0.0,7.464e-05,1
1,[],24,[],2019-03-10 07:05:34,0.0,0.000000000000,0,6893204,2019-03-10 07:05:34,btc,0.0,0.0,0.000000000000,btc,0.0,0.0,0.0,1
0.0,[],25,[],2019-03-10 07:05:35,0.0,0,0,6893205,2019-03-10 07:05:35,btc,16.104699998897978,6.00611626,0.0,btc,1238.23245882,0.08,0.0,1
1,[],26,[],2019-03-10 07:05:44,0.0,0,0,6893206,2019-03-10 07:05:44,,0.0,0.0,0,,0.0,0.0,0.0,1
1,[],28,[],2019-03-10 07:05:51,993.142,0.01323000,0.000000515881359,6893207,2019-03-10 07:05:51,btc,0.147901439075,17685.8,0.01323000,btc,7.9421,0.0,0.089302756,1
0,[],2,[],2019-01-20 23:28:45,0.0,0,0,6477011,2019-01-20 23:28:45,,0.0,0.0,0,,0.0,0.0,0.0,1
1,[],5,[],2019-03-10 08:02:57,0.0,0,0,6893389,2019-03-10 08:02:57,btc,0.0,0.00521906,0,btc,0.0,0.0,0.0,2
0.0000000001230727,[],22,[],2019-03-10 08:03:00,1148.0,1.3537997e-16,5.281077863721e-21,6893390,2019-03-10 08:03:00,XMR,21.01373823,0.0,0.00000110,XMR,14319.12581,0.0,0.00087635,2
1,[],5,[],2019-03-10 04:07:52,0.0,0,0,6892279,2019-03-10 04:07:52,btc,0.0,1.45026677,0,btc,0.0,0.0,0.0,3
1,[],12,[],2019-03-10 04:07:54,1905698.94485,0.000000177,0.0000000000069428781000000005,6892280,2019-03-10 04:07:54,btc,22810.248596901045,0.0,0.000000177,btc,949405.88852,0.05158974707818944,0.27589331233845,3
0,[],28,[],2019-03-10 04:07:56,0.0,0,0,6892281,2019-03-10 04:07:56,,0.0,0.0,0,,0.0,0.0,0.0,3
0,[],2,[],2019-01-20 23:31:32,0.0,0,0,6477077,2019-01-20 23:31:32,,0.0,0.0,0,,0.0,0.0,0.0,4
1,[],4,[],2019-03-09 19:03:36,394362.28616607,0.00000032,0.000000000012569280000000001,6889097,2019-03-09 19:03:36,btc,32.15548375957025,0.0,0.00000032,btc,707361.31512647,0.00109114,0.0476374485302292,4
1,[],12,[],2019-03-10 08:03:02,364307.0,0.00000002,0.000000000000780186,6893391,2019-03-10 08:03:02,btc,1111742.13256361,0.0,0.00000002,btc,564210.0,0.0,0.00474588,5
0,[],2,[],2019-01-20 23:31:51,0.0,0,0,6477087,2019-01-20 23:31:51,,0.0,0.0,0,,0.0,0.0,0.0,6
1,[],11,[],2019-03-10 08:03:05,4731978.6305,0.00000002,0.000000000000780186,6893392,2019-03-10 08:03:05,btc,9568.12856451748,63083.8695,0.00000002,btc,42640286.853213936,0.0,0.06211440761,6
1,[],3,[],2019-03-10 08:03:06,1082.110864712546,0.0001540199999999999924162052966636338169337250292301177978515625,0.000000006008212385999999,6893393,2019-03-10 08:03:06,btc,29.634085403952064,0.0,0.0001540199999999999924162052966636338169337250292301177978515625,btc,239.122414578101,0.0,0.03346308231754337,7
1,[],4,[],2019-03-10 08:03:07,99064.87761164,0.00024363,0.000000009503835759,6893394,2019-03-10 08:03:07,btc,9.008388896995882,0.0,0.00024363,btc,29293.42212627,3.10156465,6.6845276215256995,7
1,[],5,[],2019-03-10 08:03:09,0.0,0,0,6893395,2019-03-10 08:03:09,btc,0.0,0.28042244,0,btc,0.0,0.0,0.0,7
1,[],20,[],2019-02-20 02:16:17,39399275.8418,0.000000001,0.0000000000000390183,6728586,2019-02-20 02:16:17,btc,116.9737569154545,525.0,0.000000001,btc,56932965.8895,5.25e-07,0.0393992758418,8
0,[],2,[],2019-01-20 23:22:42,0.0,0,0,6476876,2019-01-20 23:22:42,,0.0,0.0,0,,0.0,0.0,0.0,9
0,[],23,[],2019-01-20 23:22:48,0.0,0,0,6476878,2019-01-20 23:22:48,,0.0,0.0,0,,0.0,0.0,0.0,9
1,[],4,[],2019-03-10 08:03:12,1013043.36615554,0.00000147,0.000000000057343671,6893396,2019-03-10 08:03:12,btc,5.547529446617349,0.0,0.00000147,btc,2969353.68244756,1.29340247,0.6460041081782854,9
1,[],28,[],2019-03-10 08:03:18,37353.0,0.00000165,0.000000000064365345,6893397,2019-03-10 08:03:18,btc,2708.782203270583,3649779.77,0.00000165,btc,24261.1497,0.0,0.0328195,9
1,[],1,[],2019-02-17 23:31:42,1822507.21,0.00000181000000000000003456111265232042484285557293333113193511962890625,0.000000000066086901,6701244,2019-02-17 23:31:42,btc,3.6990969245,17153386.5,0.00000181000000000000003456111265232042484285557293333113193511962890625,btc,1997391.71,31.11772986,3.2610482446,9
1,[],4,[],2019-02-17 11:22:43,4341674.27126056,0.00000002,0.0000000000007272960000000001,6696112,2019-02-17 11:22:43,btc,0.1997230937751353,0.0,0.00000002,btc,4109766.79808031,0.00215132,0.0479381022052112,10
1,[],4,[],2019-03-10 08:03:19,5882716.19515382,0.00000119,0.000000000046421067,6893398,2019-03-10 08:03:19,btc,8.342338324432792,0.0,0.00000119,btc,4759406.18401004,1.06379006,3.400375023009345,12
1,[],5,[],2019-03-10 08:03:21,0.0,0,0,6893399,2019-03-10 08:03:21,btc,0.0,0.14693639,0,btc,0.0,0.0,0.0,12
0.0,[],25,[],2019-03-10 08:03:23,0.0,0,0,6893400,2019-03-10 08:03:23,,0.0,0.0,0.0,btc,0.0,0.0,0.0,12
0,[],2,[],2019-01-20 23:23:08,0.0,0,0,6476890,2019-01-20 23:23:08,,0.0,0.0,0,,0.0,0.0,0.0,12
1,[],4,[],2019-03-10 08:03:23,32036127.32554197,0.00000590,0.00000000023015487,6893401,2019-03-10 08:03:23,btc,2.8484146137122237,0.0,0.00000590,btc,387756.92558924,0.20144182,1.3194157684302295,13
1,[],21,[],2019-03-10 08:03:26,643184.10982805,0.000005910000000000000166665726359,0.000000000230544963,6893402,2019-03-10 08:03:26,btc,4.157441951101933,734498.50624745,0.0000059100000000000001666657263588167126044936594553291797637939453125,btc,630390.21234077,4.30456436,3.4510709464786373,13
1,[],10,[],2019-03-10 06:17:21,394788.88584572,0.00000579,0.000000000226715556,6893174,2019-03-10 06:17:21,btc,666801.3299900828,12481.6694787,0.00000579,btc,717910.20324432,0.0,0.2469120049366054,13
1,[],4,[],2019-03-10 08:03:27,735580.46158719,0.00000130,0.000000000050712089999999997,6893403,2019-03-10 08:03:27,btc,6.026864028558797,0.0,0.00000130,btc,864732.4250631,0.00916847,0.1555220096045924,14
1,[],12,[],2019-03-10 08:03:28,274971.0,0.0000015000000000000000380012861456169304119612206704914569854736328125,0.00000000005851395,6893404,2019-03-10 08:03:28,btc,0.1044943871794248,0.0,0.0000015000000000000000380012861456169304119612206704914569854736328125,btc,8748.22861629,7.84215784215e-05,0.033994699999999996,14
0,[],17,[],2019-03-10 08:03:30,0.0,0,0,6893405,2019-03-10 08:03:30,btc,0.0,0.0,0,btc,0.0,0.0,0.0,14
1,[],26,[],2019-03-10 08:03:39,0.0,0.00000050,0.00000000001950465,6893406,2019-03-10 08:03:39,btc,0.0,0.0,0.00000050,btc,0.0,0.0,0.0,14
0,[],4,[],2019-03-10 08:03:40,0.0,0,0,6893407,2019-03-10 08:03:40,,0.0,0.0,0,,0.0,0.0,0.0,15
,[],12,[],2018-12-01 15:15:48,204241.84496,0.00000489,0.000000000202473384,5260204,2018-12-01 15:15:48,btc,49.5475654835,0.0,,btc,35763.2193806,0.0163153972027625,0.0203389899998,15
1,[],4,[],2019-03-10 08:03:41,37031.42967933,0.00001706,0.000000000665498658,6893408,2019-03-10 08:03:41,btc,4.191151576482062,0.0,0.00001706,btc,18727.41313935,0.02547032,0.1181861862684272,18
1,[],10,[],2019-03-10 08:03:43,792055.00738242,0.00001714,0.0000000006686194019999999,6893409,2019-03-10 08:03:43,btc,15.320901078893755,4475.42207958,0.00001714,btc,9816.66383204,0.0,0.26789181310076,18
1,[],12,[],2019-03-10 08:03:44,363446.6767551,0.0000162900000000000015815994347523343321881839074194431304931640625,0.000000000635461497,6893410,2019-03-10 08:03:44,btc,33008.93386355783,0.0,0.0000162900000000000015815994347523343321881839074194431304931640625,btc,595.0323042,0.006410813007685,0.024233980225588,18
0,[],2,[],2019-01-20 23:23:38,0.0,0,0,6476906,2019-01-20 23:23:38,,0.0,0.0,0,,0.0,0.0,0.0,18
0,[],17,[],2019-03-10 07:06:30,0.0,0,0,6893230,2019-03-10 07:06:30,btc,0.0,0.0,0,btc,0.0,0.0,0.0,18
1,[],3,[],2019-03-10 08:03:56,117222.00592327578,0.0000185700000000000000808207667457594425286515615880489349365234375,0.000000000724402701,6893411,2019-03-10 08:03:56,btc,0.5249049423654688,52.0455582984,0.0000185700000000000000808207667457594425286515615880489349365234375,btc,9383.397571101079,0.0,0.014781733098662677,19
1,[],4,[],2019-03-10 08:03:56,241986.1035276,0.00002057,0.000000000802421301,6893412,2019-03-10 08:03:56,btc,3.1161946412896007,0.0,0.00002057,btc,92972.97158855,0.77647575,2.604941897510783,19
1,[],5,[],2019-03-10 08:03:58,0.0,0,0,6893413,2019-03-10 08:03:58,btc,0.0,0.01233666,0,btc,0.0,0.0,0.0,19
1,[],12,[],2019-03-10 08:03:59,171090.28395061,0.000012259999999999999508739322029438056915751076303422451019287109375,0.000000000478254018,6893414,2019-03-10 08:03:59,btc,0.2086949248179174,0.0,0.000012259999999999999508739322029438056915751076303422451019287109375,btc,365.56200924,0.0,0.0297652699999115,19
0,[],27,[],2019-03-10 08:04:02,0.0,0,0,6893415,2019-03-10 08:04:02,,0.0,0.0,0,btc,0.0,0.0,0.0,19
0,[],2,[],2019-01-20 23:24:19,0.0,0,0,6476924,2019-01-20 23:24:19,,0.0,0.0,0,,0.0,0.0,0.0,19
1,[],4,[],2019-03-10 08:04:03,2769800.98210011,0.00000012,0.000000000004681116,6893416,2019-03-10 08:04:03,btc,7.383042289760813,0.0,0.00000012,btc,2876583.25385408,0.00047882,0.0767487845231285,20
1,[],4,[],2019-03-10 08:04:04,103815793.72147027,0.00000002,0.0000000000007801859999999999,6893417,2019-03-10 08:04:04,btc,1852.945155259571,0.0,0.00000002,btc,54305021.8278267,0.0,1.1630563175500457,21
1,[],12,[],2019-03-10 08:04:05,1359458.0,0.00000001,0.000000000000390093,6893418,2019-03-10 08:04:05,btc,1247.5070061495405,0.0,0.00000001,btc,2425596.97702298,0.0,0.01359458,21
0,[],17,[],2019-03-10 07:06:41,0.0,0,0,6893239,2019-03-10 07:06:41,btc,0.0,0.0,0,btc,0.0,0.0,0.0,21
1,[],12,[],2019-03-10 08:04:17,1984283165.0,0.0000000001,0.00000000000000390093,6893419,2019-03-10 08:04:17,btc,1122581.7914476332,0.0,0.0000000001,btc,1631680409.5418472,0.0447306726062937,0.1984283165,23
0,[],27,[],2019-03-10 08:04:19,0.0,0,0,6893420,2019-03-10 08:04:19,,13.583243496593411,0.0,0,eth,2566832.35514486,0.0,0.0,23
1,[],4,[],2019-03-10 08:04:20,578000.3907438,0.00000044,0.000000000017164092,6893421,2019-03-10 08:04:20,btc,9.667117233632094,0.0,0.00000044,btc,1626424.74019704,0.00483398,0.1514325184058846,24
1,[],22,[],2019-03-10 08:04:23,11.76,0.00000100,0.0000000000390093,6893422,2019-03-10 08:04:23,BTC,7.415e-05,0.0,0.00000100,BTC,23.919354838709676,0.0,1.176e-05,24
0.0,[],25,[],2019-03-10 08:04:25,0.0,0,0,6893423,2019-03-10 08:04:25,,0.0,0.0,0.0,btc,0.0,0.0,0.0,24
1,[],4,[],2019-03-10 08:04:26,26580424.64398469,0.00000700,0.0000000002730651,6893424,2019-03-10 08:04:26,btc,146.11001787546098,0.0,0.00000700,btc,252993.84757295,0.15077009,0.4599902271141502,26
1,[],10,[],2019-03-10 08:04:28,686097.89861326,0.00000601,0.000000000234445893,6893425,2019-03-10 08:04:28,btc,26.127625884662702,4057.6587475,0.00000601,btc,14082.23878667,0.0,0.2137617411445378,26
0,[],2,[],2019-01-20 23:25:56,0.0,0,0,6476976,2019-01-20 23:25:56,,0.0,0.0,0,,0.0,0.0,0.0,26
1,[],3,[],2019-03-10 08:04:29,8436759.19501412,0.00000001,0.000000000000390093,6893426,2019-03-10 08:04:29,btc,2.2746846243272705,374.0,0.00000001,btc,17866078.11152067,0.0,0.0843675919501412,27
1,[],5,[],2019-03-10 08:04:31,0.0,0,0,6893427,2019-03-10 08:04:31,btc,0.0,0.00013829,0,btc,0.0,0.0,0.0,27
1,[],11,[],2019-03-10 08:04:33,9469667.88103613,0.00000005,0.000000000001950465,6893428,2019-03-10 08:04:33,btc,67506.32843704063,170.63047893,0.00000005,btc,7972152.75036371,0.0,0.4413054133414386,27
1,[],4,[],2019-03-10 08:04:34,2195488841.8041997,0.00000001,0.00000000000039009299999999997,6893429,2019-03-10 08:04:34,btc,2.9203216142298807,0.0,0.00000001,"btc,ltc",208287247.03104246,0.21974293,9.877087018002502,29
1,[],7,[],2019-03-10 08:04:35,35576600.71560571,0.00000001,0.000000000000390093,6893430,2019-03-10 08:04:35,btc,44461616.56859179,5000.0,0.00000001,btc,46749319.45179288,0.0001,0.35576600715605716,29
1,[],4,[],2019-03-10 08:04:36,2374641.69864112,0.00000024,0.000000000009362232,6893431,2019-03-10 08:04:36,btc,2.6381957151054656,0.0,0.00000024,btc,1973118.73549278,0.01205841,0.1117302374180154,30
0,[],17,[],2019-03-10 07:06:59,0.0,0,0,6893253,2019-03-10 07:06:59,btc,0.0,0.0,0,btc,0.0,0.0,0.0,30
1,[],4,[],2019-03-10 08:04:38,198352.65897431,0.00005671,0.000000002212217403,6893432,2019-03-10 08:04:38,btc,10.428946518559279,0.0,0.00005671,btc,133016.36701124,1.46662112,1.9578267423055742,31
1,[],21,[],2019-03-10 08:04:39,104087.83679698,0.00005721000000000000282156242815,0.000000002231722053,6893433,2019-03-10 08:04:39,btc,5.798927661660183,251377.70772417,0.00005721000000000000282156242814579627520288340747356414794921875,btc,90638.82402248,14.25039796,5.651597678498237,31
0,[],2,[],2019-01-20 23:28:43,0.0,0,0,6477009,2019-01-20 23:28:43,,0.0,0.0,0,,0.0,0.0,0.0,32
1,[],4,[],2019-03-10 08:04:40,424867463.12246996,0.00000004,0.0000000000015603719999999999,6893434,2019-03-10 08:04:40,btc,10.629537492503678,0.0,0.00000004,"btc,ltc",199306827.05153346,0.07610743,10.186954429573083,33
1,[],12,[],2019-03-10 08:04:41,25008985.961,0.00000004,0.000000000001560372,6893435,2019-03-10 08:04:41,btc,1321846.639554833,0.0,0.00000004,btc,15708398.4595404,0.026833123176824,0.5818896988,33
1,[],4,[],2019-03-10 08:04:42,110977223.46242525,0.00000001,0.00000000000039009299999999997,6893436,2019-03-10 08:04:42,btc,3.3469442903251725,0.0,0.00000001,btc,95443078.41397993,0.04445285,1.1097722346242525,34
1,[],5,[],2019-03-10 08:04:43,0.0,0,0,6893437,2019-03-10 08:04:43,btc,0.0,0.03138483,0,btc,0.0,0.0,0.0,34
0.0000000001443888,[],4,[],2019-03-10 08:04:44,3488100473.9933333,1.443888e-18,5.63250601584e-23,6893438,2019-03-10 08:04:44,ltc,4.183063429231102e-08,0.0,0.00000001,ltc,6342619096.469583,0.0,5.036426417193286e-09,36
1,[],5,[],2019-03-10 08:04:45,0.0,0,0,6893439,2019-03-10 08:04:45,btc,0.0,0.0,0,btc,0.0,0.0,0.0,36
0.00000000034540179999999997,[],27,[],2019-03-10 08:04:48,1090000.0,3.4540179999999996e-18,1.347388243674e-22,6893440,2019-03-10 08:04:48,eth,222.5593939951224,0.0,0.00000001,"ltc,eth",11165410.31026039,0.0,1.7078080999999999e-12,36
0,[],17,[],2019-03-10 07:07:09,0.0,0,0,6893262,2019-03-10 07:07:09,btc,0.07464582809263083,0.0,0,btc,4105386.20243647,0.0,0.0,36
1,[],4,[],2019-03-10 08:04:49,254538.07649813,0.00000059,0.000000000023015487,6893441,2019-03-10 08:04:49,btc,19772.477243701203,0.0,0.00000059,btc,558055.18457985,0.0,0.1109559443445795,37
1,[],12,[],2019-03-10 08:04:50,473140.96410406,0.00000061,0.000000000023795672999999998,6893442,2019-03-10 08:04:50,btc,9.729740082140767,0.0,0.00000061,btc,290167.61549548,0.0834574770911034,0.1173911721025212,37
1,[],17,[],2019-03-10 08:04:52,1752.74075282,0.00000025,0.000000000009752325,6893443,2019-03-10 08:04:52,btc,0.055484923777095005,0.0,0.00000025,btc,1319.19918473,0.0,0.00043818518820499993,37
1,[],27,[],2019-03-10 08:04:54,14685.567,0.00000045,0.000000000017554185,6893444,2019-03-10 08:04:54,btc,24.25536383611233,0.0,0.00000045,btc,6518.38138508,0.0,0.00480032515,37
1,[],5,[],2019-03-10 08:04:55,0.0,0,0,6893445,2019-03-10 08:04:55,btc,0.0,0.06342718,0,btc,0.0,0.0,0.0,42
1,[],12,[],2019-03-10 08:04:57,255011.06364394,0.00000099,0.000000000038619207,6893446,2019-03-10 08:04:57,btc,0.2905073939467961,0.0,0.00000099,btc,31715.43133003,0.0761325634692322,0.0190989999999883,42
0.00000000034540179999999997,[],27,[],2019-03-10 08:04:59,2000.0,3.4540179999999996e-18,1.347388243674e-22,6893447,2019-03-10 08:04:59,eth,0.00315028,0.0,0.00000001,"btc,eth",11.007,0.0,6.908035999999999e-15,42
1,[],5,[],2019-03-10 08:05:01,0.0,0,0,6893448,2019-03-10 08:05:01,btc,0.0,0.01156911,0,btc,0.0,0.0,0.0,43
1,[],12,[],2019-03-10 08:05:02,1121333.0,0.00000001,0.000000000000390093,6893449,2019-03-10 08:05:02,btc,1.8504711194405596,0.0,0.00000001,btc,4456703.97202798,0.0005495405494504,0.01121333,43
0,[],17,[],2019-03-10 07:07:38,0.0,0,0,6893272,2019-03-10 07:07:38,btc,0.0,0.0,0,btc,0.0,0.0,0.0,43
1,[],12,[],2019-03-05 01:54:08,639326.02,0.00000004,0.000000000001486676,6845775,2019-03-05 01:54:08,btc,11116042.728239931,0.0,0.00000004,btc,1103841.4595604,0.0003330765234764,0.014975410599999999,44
1,[],4,[],2019-03-10 08:05:13,299303326.7762322,0.00000004,0.0000000000015603719999999999,6893450,2019-03-10 08:05:13,btc,473.7504608180125,0.0,0.00000004,"btc,ltc",11593619.25359567,0.08461856,0.2860431464610952,49
0,[],4,[],2019-03-10 08:05:14,0.0,0,0,6893451,2019-03-10 08:05:14,,25.93605946256981,0.0,0,,10004377171.084637,0.0,0.0,52
0.0000000001230727,[],22,[],2019-03-10 08:05:18,80646562.0,1.230727e-18,4.80097987611e-23,6893452,2019-03-10 08:05:18,XMR,4366.97564137,0.0,0.00000001,XMR,255837734.67882353,2.588218881e-13,0.80646562,57
0.00000000034540179999999997,[],27,[],2019-03-10 08:05:20,2000.0,3.4540179999999996e-18,1.347388243674e-22,6893453,2019-03-10 08:05:20,eth,0.0,0.0,0.00000001,"btc,eth",0.0,0.0,6.908035999999999e-15,57
0,[],17,[],2019-03-10 06:13:23,0.0,0,0,6893085,2019-03-10 06:13:23,btc,1e+24,0.0,0,btc,49226522.0897055,0.0,0.0,58
0.0000000001443888,[],4,[],2019-03-10 08:05:21,454644914.33196163,2.887776e-18,1.126501203168e-22,6893454,2019-03-10 08:05:21,ltc,18.80718910761361,0.0,0.00000002,ltc,4864980275.997357,0.0,8.709654647269055e-10,58
1,[],12,[],2019-03-10 08:05:22,1066364467.0,0.0000000003,0.00000000000001170279,6893455,2019-03-10 08:05:22,btc,2911891.856706732,0.0,0.0000000003,btc,1686852662.2137861,0.005315544091408608,0.268630469,58
0.0000000001230727,[],22,[],2019-03-10 08:05:36,137438.0,1.230727e-18,4.80097987611e-23,6893456,2019-03-10 08:05:36,XMR,69.8835922,0.0,0.00000001,XMR,9887963.0,0.0,0.00137438,58
1,[],5,[],2019-03-10 08:05:38,0.0,0,0,6893457,2019-03-10 08:05:38,btc,0.0,0.00022657,0,btc,0.0,0.0,0.0,61
1,[],22,[],2019-03-10 08:05:43,13757.0,0.00000012,0.000000000004681116,6893458,2019-03-10 08:05:43,BTC,1002.2960049,0.0,0.00000012,BTC,14976.68361146909,0.0,0.00154987,61
1,[],26,[],2019-03-10 08:05:43,0.0,0.00000800,0.0000000003120744,6893459,2019-03-10 08:05:43,btc,0.0,0.0,0.00000800,btc,0.0,0.0,0.0,61
1,[],27,[],2019-03-10 08:05:46,4411.22008,0.00000047,0.000000000018334371,6893460,2019-03-10 08:05:46,btc,2.8990263703141324,0.0,0.00000047,"btc,eth",19485.01257617,0.0,0.0012437599595052377,61
1,[],28,[],2019-03-10 08:05:53,13880.304,0.0000005,0.00000000001950465,6893461,2019-03-10 08:05:53,btc,2.056312978300105,2345.2744,0.0000005,btc,9730.59500005,0.0,0.00566391304,61
1,[],4,[],2019-03-10 08:05:54,1357202.65538123,0.00000211,0.000000000082309623,6893462,2019-03-10 08:05:54,btc,9.09384296208525,0.0,0.00000211,btc,770224.90900564,0.1959096,1.0944006496321328,67
0.0,[],25,[],2019-03-10 08:05:55,0.0,0,0,6893463,2019-03-10 08:05:55,,0.0,0.0,0.0,btc,0.0,0.0,0.0,67
1,[],12,[],2019-03-10 08:05:57,283441.75369398,0.00000029,0.000000000011312696999999999,6893464,2019-03-10 08:05:57,btc,1111115.6512201447,0.0,0.00000029,btc,1108722.63976992,0.0061159645756362,0.0578423099343962,71
,[],5,[],2018-11-20 23:02:39,1.5e-07,0.00000005,0.000000000002128045,4862160,2018-11-20 23:02:39,btc,2.84511358,0.0,,btc,0.00036572,0.0,0.07381892,74
1,[],5,[],2019-03-10 08:05:59,0.0,0,0,6893465,2019-03-10 08:05:59,btc,0.0,0.0,0,btc,0.0,0.0,0.0,75
1,[],4,[],2019-03-10 08:06:00,13147768.81424166,0.00000001,0.00000000000039009299999999997,6893466,2019-03-10 08:06:00,btc,11388.985544584346,0.0,0.00000001,btc,40019471.49932191,0.0,0.1314776881424166,81
0,[],20,[],2019-01-25 09:30:31,0.0,0,0,6495923,2019-01-25 09:30:31,btc,0.0,0.0,0,btc,0.0,0.0,0.0,81
1,[],4,[],2019-03-10 08:06:02,24034.99779618,0.00007598,0.000000002963926614,6893467,2019-03-10 08:06:02,btc,18.122305679852158,0.0,0.00007598,btc,12328.10265487,0.01946267,0.1042605792046276,82
1,[],21,[],2019-03-10 08:06:03,763081.79558319,0.00007449999999999999482878931811,0.0000000029061928499999995,6893468,2019-03-10 08:06:03,btc,3.8117280113401155,3525.66445753,0.00007449999999999999482878931811313805155805312097072601318359375,btc,45986.58229688,0.26295241,2.7479362525930577,82
0,[],17,[],2019-03-10 08:06:05,0.0,0,0,6893469,2019-03-10 08:06:05,btc,0.0447233088476774,0.0,0,btc,999127.19588126,0.0,0.0,84
0.0000000001443888,[],4,[],2019-03-10 08:06:06,207742814.46412548,4.331664e-18,1.689751804752e-22,6893470,2019-03-10 08:06:06,ltc,1.6956429326110496,0.0,0.00000003,ltc,385505574.60705924,0.0,4.717340914686392e-10,85
,[],22,[],2018-11-20 23:09:34,3408.1,0.0000001,0.0000000000041895,4862324,2018-11-20 23:09:34,BTC,0.04624735,0.0,,BTC,4990.0,0.0,0.00033081,86
1,[],22,[],2019-03-10 08:06:10,122000.0,0.00000003,0.000000000001170279,6893471,2019-03-10 08:06:10,BTC,2.078122,0.0,0.00000003,BTC,169918.94736842104,0.0,0.00186,87
0,[],27,[],2019-03-10 08:06:12,0.0,0,0,6893472,2019-03-10 08:06:12,,0.0,0.0,0,btc,0.0,0.0,0.0,87
,[],2,[],2018-11-20 23:10:47,0.0,0,0,4862359,2018-11-20 23:10:47,,0.0,0.0,,,0.0,0.0,0.0,88
1,[],11,[],2019-03-10 08:06:14,96082.36069256,0.00014809999999999999488638213751556804709252901375293731689453125,0.00000000577727733,6893473,2019-03-10 08:06:14,btc,610.9676051645506,648.50120606,0.00014809999999999999488638213751556804709252901375293731689453125,btc,95890.24995526,0.0,6.727386559074466,89
0,[],2,[],2019-01-20 23:31:45,0.0,0,0,6477083,2019-01-20 23:31:45,,0.0,0.0,0,,0.0,0.0,0.0,91
0,[],17,[],2019-03-10 04:12:50,0.0,0,0,6892364,2019-03-10 04:12:50,btc,0.0,0.0,0,btc,0.0,0.0,0.0,91
1,[],12,[],2019-03-10 08:06:15,246528.73707855,0.000001,0.0000000000390093,6893474,2019-03-10 08:06:15,btc,61.09717471176156,0.0,0.000001,btc,117741.65449353,0.0074645872802289,0.0335163864999803,91
1,[],22,[],2019-03-10 08:06:20,65900.0,0.00000001,0.00000000000039009299999999997,6893475,2019-03-10 08:06:20,BTC,3e-06,0.0,0.00000001,BTC,1.0,0.0,0.000659,91
0,[],22,[],2019-03-10 08:06:23,0.0,0,0,6893476,2019-03-10 08:06:23,,7.50307462,0.0,0,,70597140.95714286,0.0,0.0,95
0.0000000001443888,[],4,[],2019-03-10 08:06:24,646849596.8276336,7.5082176e-17,2.9289031282368e-21,6893477,2019-03-10 08:06:24,ltc,11.894759067990854,0.0,0.00000052,ltc,136343495.56165135,0.0,1.8073681215253722e-09,96
0,[],12,[],2019-03-10 08:06:25,0.0,0,0,6893478,2019-03-10 08:06:25,btc,10.10121637,0.0,0,btc,2864974.0,0.00069933,0.0,96
0,[],17,[],2019-03-10 08:06:27,0.0,0,0,6893479,2019-03-10 08:06:27,btc,0.0,0.0,0,btc,0.0,0.0,0.0,96
1,[],4,[],2019-03-10 08:06:28,1614703.28758573,0.00000021,0.000000000008191953,6893480,2019-03-10 08:06:28,btc,2.535912983817552,0.0,0.00000021,btc,2566811.56425216,0.00584473,0.1306529308675804,99
0,[],2,[],2019-01-20 23:23:55,0.0,0,0,6476914,2019-01-20 23:23:55,,0.0,0.0,0,,0.0,0.0,0.0,100
1,[],4,[],2019-03-10 08:06:29,286123.41886018,0.00003901,0.0000000015217527929999999,6893481,2019-03-10 08:06:29,btc,11.422969194428951,0.0,0.00003901,btc,161300.85565782,1.71855437,1.592681288574223,100
1,[],22,[],2019-03-10 08:06:33,50000.0,0.00000001,0.00000000000039009299999999997,6893482,2019-03-10 08:06:33,BTC,23.49896609,0.0,0.00000001,BTC,10277.22,0.0,0.0005,101
1,[],4,[],2019-03-10 08:06:34,368331.67340464,0.00000085,0.000000000033157905,6893483,2019-03-10 08:06:34,btc,308.036385834514,0.0,0.00000085,btc,492964.98741241,0.00808563,0.1975338777353065,103
1,[],12,[],2019-03-10 08:06:36,21629861.19700003,0.000000009,0.00000000000035108369999999997,6893484,2019-03-10 08:06:36,btc,3859729.799981152,0.0,0.000000009,btc,73025563.144898,0.02277945600120863,0.04826928677300027,105
1,[],27,[],2019-03-10 08:06:38,223920.39,0.00000001,0.00000000000039009299999999997,6893485,2019-03-10 08:06:38,btc,36.60591030491341,0.0,0.00000001,btc,1301440.23571724,0.0,0.0022392039,105
1,[],22,[],2019-03-10 08:06:57,9328.0,0.00000001,0.00000000000039009299999999997,6893486,2019-03-10 08:06:57,BTC,51.10837004,0.0,0.00000001,BTC,470435.0,0.0,9.328e-05,107
1,[],26,[],2019-03-10 08:06:57,0.0,0.00000000,0,6893487,2019-03-10 08:06:57,btc,0.0,91290.0,0.00000000,btc,0.0,0.0,0.0,107
1,[],5,[],2019-03-10 08:06:59,0.0,0,0,6893488,2019-03-10 08:06:59,btc,0.0,0.07579912,0,btc,0.0,0.0,0.0,112
1,[],22,[],2019-03-10 08:07:04,1966.0,0.00000001,0.00000000000039009299999999997,6893489,2019-03-10 08:07:04,BTC,2.7975128,0.0,0.00000001,BTC,826524.0833333334,0.0,1.966e-05,112
0.00000000034540179999999997,[],27,[],2019-03-10 08:07:07,2000.0,3.4540179999999996e-18,1.347388243674e-22,6893490,2019-03-10 08:07:07,eth,1.24996908,0.0,0.00000001,"btc,eth",1289.0,0.0,6.908035999999999e-15,112
1,[],4,[],2019-03-10 08:07:08,1270463.12716479,0.00000194,0.000000000075678042,6893491,2019-03-10 08:07:08,btc,85.09326871164772,0.0,0.00000194,btc,328021.25894994,0.05013653,0.9564001665829585,113
1,[],5,[],2019-03-10 08:07:09,0.0,0,0,6893492,2019-03-10 08:07:09,btc,0.0,0.0,0,btc,0.0,0.0,0.0,113
0,[],27,[],2019-03-10 01:00:49,0.0,0,0,6891072,2019-03-10 01:00:49,,0.0,0.0,0,btc,0.0,0.0,0.0,116
1,[],17,[],2019-03-09 23:08:14,152738.278,0.00000004,0.0000000000015702200000000001,6890671,2019-03-09 23:08:14,btc,1.3368030274857574,0.0,0.00000004,btc,51896.221,0.0,0.0022095311199999998,116
1,[],4,[],2019-03-10 08:07:10,72774.77981549,0.00002485,0.000000000969381105,6893493,2019-03-10 08:07:10,btc,30.21793126832246,0.0,0.00002485,btc,82541.53355884,1.03310374,1.0094245232968158,120
1,[],7,[],2019-03-10 08:07:11,20902.60613081,0.0000212500000000000015265566588595902430824935436248779296875,0.0000000008289476250000001,6893494,2019-03-10 08:07:11,btc,115648.89480684382,0.0,0.0000212500000000000015265566588595902430824935436248779296875,btc,36709.119221220004,0.0,0.052704414613845105,120
1,[],20,[],2019-03-10 08:07:14,2950419.8305,0.000000034,0.0000000000013263162,6893495,2019-03-10 08:07:14,btc,33.6158386038068,61768.5,0.000000034,btc,1013047.029,0.0021517278668,0.0388376303376,125
1,[],22,[],2019-03-10 08:07:18,3053.0,0.00000001,0.00000000000039009299999999997,6893496,2019-03-10 08:07:18,BTC,0.01444887,0.0,0.00000001,BTC,296263.5111111111,0.0,3.053e-05,126
0,[],2,[],2019-01-20 23:25:46,0.0,0,0,6476969,2019-01-20 23:25:46,,0.0,0.0,0,,0.0,0.0,0.0,131
1,[],4,[],2019-03-10 08:07:19,137443.90200525,0.00001299,0.000000000506730807,6893497,2019-03-10 08:07:19,btc,3.5788956708357436,0.0,0.00001299,btc,121502.04705312,0.10435388,0.5461161276570511,131
0,[],17,[],2019-03-10 08:07:21,0.0,0,0,6893498,2019-03-10 08:07:21,btc,0.0009561751951600001,0.0,0,btc,35.42829368,0.0,0.0,131
1,[],4,[],2019-03-10 08:07:22,4547.5861368,0.00016000,0.0000000062414879999999995,6893499,2019-03-10 08:07:22,btc,1.6192491162380491,0.0,0.00016000,btc,239.25503526,0.0,0.0068561669208131,135
1,[],3,[],2019-03-07 00:20:44,877702.73244099,0.00000004,0.00000000000154846,6863392,2019-03-07 00:20:44,btc,0.119366241821405,0.0,0.00000004,btc,760637.99421222,0.0,0.023771231960604298,136
1,[],4,[],2019-03-10 08:07:23,236330.90009485,0.00000152,0.00000000005929413599999999,6893500,2019-03-10 08:07:23,btc,38.683537976204036,0.0,0.00000152,btc,522707.55937679,0.01157593,0.0570014271402722,137
1,[],12,[],2019-03-10 08:07:24,179363.20180528,0.000001410000000000000052661867921965921368609997443854808807373046875,0.000000000055003113,6893501,2019-03-10 08:07:24,btc,5.061571676430957,0.0,0.000001410000000000000052661867921965921368609997443854808807373046875,btc,4475.98036134,0.0026441229017778,0.0071380099999902,137
1,[],17,[],2019-03-10 06:07:22,22967.386363640002,0.00000088,0.000000000034472592,6892961,2019-03-10 06:07:22,btc,20.069913352731593,0.0,0.00000088,btc,2746.079105,0.0,0.0104613000000032,142
1,[],4,[],2019-03-10 08:07:25,10209.3711315,0.00003617,0.0000000014109663809999999,6893502,2019-03-10 08:07:25,btc,28.639306774029272,0.0,0.00003617,btc,49526.44740574,0.33189431,0.2120080737338719,142
1,[],5,[],2019-03-10 08:07:28,0.0,0,0,6893503,2019-03-10 08:07:28,btc,0.0,0.33243219,0,btc,0.0,0.0,0.0,142
1,[],20,[],2019-03-10 08:07:30,139641.8007,0.0000331,0.00000000129120783,6893504,2019-03-10 08:07:30,btc,0.3385275771142,5.1876,0.0000331,btc,2290.4355,0.000207417675,0.3068557305309,142
1,[],22,[],2019-03-10 08:07:34,1470.8988921568628,0.00004000,0.0000000015603719999999999,6893505,2019-03-10 08:07:34,BTC,3.00385504,0.0,0.00004000,BTC,891.218,0.0,0.0012358,142
0.0,[],25,[],2019-03-10 08:07:35,0.0,0,0,6893506,2019-03-10 08:07:35,,0.0,0.0,0.0,btc,0.0,0.0,0.0,142
1,[],28,[],2019-03-10 08:07:42,76202.668,0.00002550,0.00000000099473715,6893507,2019-03-10 08:07:42,btc,0.067100461059305,1650.0,0.00002550,btc,552.61077999,0.0,0.005494562,142
0,[],22,[],2019-03-10 08:07:45,0.0,0,0,6893508,2019-03-10 08:07:45,,65.61831169,0.0,0,,1037691921.3,0.0,0.0,143
0,[],22,[],2019-02-25 15:42:22,0.0,0,0,6783783,2019-02-25 15:42:22,,4.2131946,0.0,0,,2322156.0,0.0,0.0,146
,[],22,[],2018-11-20 23:01:11,0.0,0,0,4862114,2018-11-20 23:01:11,,2.56807021,0.0,,,61828.4988236,0.0,0.0,147
1,[],12,[],2019-03-10 07:10:38,337308.58737209,0.0000022199999999999999207166319348250027587710064835846424102783203125,0.000000000086565126,6893331,2019-03-10 07:10:38,btc,1.7297516686747016,0.0,0.0000022199999999999999207166319348250027587710064835846424102783203125,btc,28336.32742472,0.0,0.0282802599999767,148
1,[],4,[],2019-03-10 08:07:46,251436.93238136,0.00000029,0.000000000011312697,6893509,2019-03-10 08:07:46,btc,219.99888813067545,0.0,0.00000029,btc,841119.99512658,0.0,0.059760223645077,152
0,[],22,[],2019-03-10 08:07:49,0.0,0,0,6893510,2019-03-10 08:07:49,,0.0,0.0,0,,0.0,0.0,0.0,152
1,[],5,[],2019-03-10 08:07:50,0.0,0,0,6893511,2019-03-10 08:07:50,btc,0.0,0.0,0,btc,0.0,0.0,0.0,153
,[],16,[],2019-01-11 15:38:59,0.0,0,0,6366141,2019-01-11 15:38:59,btc,0.0,0.0,,btc,0.0,0.0,0.0,155
0,[],23,[],2019-01-20 23:24:29,0.0,0,0,6476932,2019-01-20 23:24:29,,0.0,0.0,0,,0.0,0.0,0.0,156
0,[],22,[],2019-03-10 08:07:53,0.0,0,0,6893512,2019-03-10 08:07:53,,6.7463781,0.0,0,,4673397.242592593,0.0,0.0,156
1,[],22,[],2019-03-10 08:07:57,7073.8,0.00005300,0.0000000020674929,6893513,2019-03-10 08:07:57,BTC,1.79802465,0.0,0.00005300,BTC,802.6461988741639,0.00541234,0.00104336,157
0,[],22,[],2019-03-10 08:08:00,0.0,0,0,6893514,2019-03-10 08:08:00,,50175.67608608,0.0,0,,54079135.04179466,0.0,0.0,158
,[],17,[],2018-11-20 22:56:10,0.0,0,0,4861976,2018-11-20 22:56:10,btc,1.1265625,0.0,,btc,1000.0,0.0,0.0,159
,[],20,[],2018-11-20 22:56:12,0.0,0,0,4861977,2018-11-20 22:56:12,btc,11912.7940471,0.0,,btc,34413894.3617,0.0,0.0,159
1,[],12,[],2019-03-10 08:08:02,221052.00078616,0.0000068299999999999998285724576996269519213456078432500362396240234375,0.000000000266433519,6893515,2019-03-10 08:08:02,btc,0.7786332421217523,0.0,0.0000068299999999999998285724576996269519213456078432500362396240234375,btc,8636.12642149,0.0022806023831213,0.0960037425629863,168
1,[],17,[],2019-03-10 05:15:37,29784.95,0.000001,0.0000000000391515,6892773,2019-03-10 05:15:37,btc,0.03026736251542,0.0,0.000001,btc,144.46171372,0.0,0.00716147,168
0,[],22,[],2019-03-07 13:06:36,0.0,0,0,6867364,2019-03-07 13:06:36,,1.1339604,0.0,0,,520283.17470714403,0.0,0.0,169
1,[],22,[],2019-03-10 07:11:09,222730.0,0.00000012,0.000000000004679196,6893339,2019-03-10 07:11:09,BTC,14.35049674,0.0,0.00000012,BTC,156152.1439341018,0.00011863,0.0030206,171
1,[],22,[],2019-03-10 07:11:14,944614.6916666667,0.00000012,0.000000000004679196,6893340,2019-03-10 07:11:14,BTC,2.25272976,0.0,0.00000012,"BTC,LTC",280793.5284535492,0.0,0.03325914,173
1,[],5,[],2019-03-05 01:59:40,0.0,0,0,6845846,2019-03-05 01:59:40,btc,0.0,0.00384852,0,btc,0.0,0.0,0.0,175
1,[],22,[],2019-03-10 07:11:18,35500.0,0.00000012,0.000000000004679196,6893341,2019-03-10 07:11:18,BTC,0.54559973,0.0,0.00000012,BTC,137776.41444619838,0.0,0.00206,176
1,[],7,[],2019-03-10 07:11:19,0.0,0,0,6893342,2019-03-10 07:11:19,btc,410914.8135572541,17509.4905095,0,btc,115666563.31395811,0.00017509,0.0,178
0,[],22,[],2019-03-10 07:11:22,0.0,0,0,6893343,2019-03-10 07:11:22,,1.00242438,0.0,0,,57522.0,0.0,0.0,178
0,[],2,[],2019-01-20 23:28:34,0.0,0,0,6477001,2019-01-20 23:28:34,,0.0,0.0,0,,0.0,0.0,0.0,178
1,[],5,[],2019-03-10 07:11:24,0.0,0,0,6893344,2019-03-10 07:11:24,btc,0.0,0.02839599,0,btc,0.0,0.0,0.0,179
1,[],22,[],2019-03-10 07:11:28,6875825.5,0.00000002,0.000000000000779866,6893345,2019-03-10 07:11:28,BTC,5.6519481,0.0,0.00000002,"BTC,LTC",17780969.756535422,0.0,0.37245723,179
0,[],23,[],2019-01-20 23:25:08,0.0,0,0,6476952,2019-01-20 23:25:08,,0.0,0.0,0,,0.0,0.0,0.0,179
1,[],22,[],2019-03-10 07:11:44,664166.7090909091,0.00000177,0.000000000069018141,6893346,2019-03-10 07:11:44,BTC,0.20952313,0.0,0.00000177,"BTC,LTC",59060.756131308655,0.01743884,0.57013798,180
1,[],26,[],2019-03-10 07:11:44,0.0,0.00000125,0.000000000048741625,6893347,2019-03-10 07:11:44,btc,0.0,194.0,0.00000125,btc,0.0,0.0,0.0,180
1,[],17,[],2019-03-10 05:06:01,10504.725,0.0000001,0.00000000000391942,6892596,2019-03-10 05:06:01,btc,5.201069583844242,0.0,0.0000001,btc,5033.45945,0.0,0.0010504725,180
,[],7,[],2018-11-20 22:58:01,562227.975654,0.00000085,0.000000000036176765,4862015,2018-11-20 22:58:01,btc,21836.6059674,2491.87645172,,btc,749999.041456,0.00211021,0.127565380455,183
,[],5,[],2019-01-10 08:11:41,0.0,0,0,6347036,2019-01-10 08:11:41,btc,82.15055501,0.00261,,btc,1.19002445,0.0,0.0,187
1,[],24,[],2019-03-10 07:11:45,0.0,0.000000000001,3.89933e-17,6893348,2019-03-10 07:11:45,btc,0.0,0.0,0.000000000001,btc,0.0,0.0,0.0,187
,[],17,[],2018-11-16 20:58:10,4062536.27273,0.00000001,0.000000000000550501,4708775,2018-11-16 20:58:10,btc,3.36492563466,0.195460381006,,"btc,eth",110697919.549,0.0,0.0157628953496,187
0,[],22,[],2019-03-10 07:11:47,0.0,0,0,6893349,2019-03-10 07:11:47,,7.54797454,0.0,0,,79361.7243344055,0.0,0.0,191
0,[],22,[],2019-03-10 07:11:53,0.0,0,0,6893350,2019-03-10 07:11:53,,0.0,0.0,0,,0.0,0.0,0.0,197
0,[],23,[],2019-01-20 23:31:41,0.0,0,0,6477079,2019-01-20 23:31:41,,0.0,0.0,0,,0.0,0.0,0.0,199
0,[],22,[],2019-03-10 07:11:56,0.0,0,0,6893351,2019-03-10 07:11:56,,5.19076992,0.0,0,,21057923.0,0.0,0.0,199
1,[],26,[],2019-03-10 07:11:56,0.0,0.00000000,0,6893352,2019-03-10 07:11:56,btc,0.0,128185.0,0.00000000,btc,0.0,0.0,0.0,199
0,[],17,[],2019-01-30 16:32:01,0.0,0,0,6540827,2019-01-30 16:32:01,btc,6.802544163788159,0.0,0,btc,105897.55575295,0.0,0.0,200
0,[],2,[],2019-01-20 23:30:49,0.0,0,0,6477059,2019-01-20 23:30:49,,0.0,0.0,0,,0.0,0.0,0.0,201
1,[],4,[],2019-01-25 15:51:35,2084389.58565343,0.00000936,0.000000000333526752,6499557,2019-01-25 15:51:35,btc,2.0092503037378524,0.0,0.00000936,btc,160195.80207885,0.19272417,1.242687955921835,211
1,[],7,[],2019-03-10 07:12:01,2219172.56535736,0.000001,0.0000000000389933,6893353,2019-03-10 07:12:01,btc,15476653.688516669,591028.285552,0.000001,btc,13356952.67091073,0.0,1.097315727814034,212
1,[],5,[],2019-03-10 07:12:03,0.0,0,0,6893354,2019-03-10 07:12:03,btc,0.0,0.04541431,0,btc,0.0,0.0,0.0,213
1,[],24,[],2019-03-10 07:12:03,0.0,0.000000120000,0.000000000004679196,6893355,2019-03-10 07:12:03,btc,0.0,0.0,0.000000120000,btc,0.0,0.0,0.0,213
1,[],26,[],2019-03-10 07:12:03,0.0,0.00000010,0.00000000000389933,6893356,2019-03-10 07:12:03,btc,0.0,0.0,0.00000010,btc,0.0,0.0,0.0,213
1,[],12,[],2019-01-25 02:44:32,207462.42853209,0.000001080000000000000035831255497387193287295303889550268650054931640625,0.000000000038610756000000006,6493050,2019-01-25 02:44:32,btc,85023.03793723314,0.0,0.000001080000000000000035831255497387193287295303889550268650054931640625,btc,43675.73520027,0.000146250909087,0.0348620860622024,213
1,[],22,[],2019-03-10 07:12:07,65000.0,0.00000002,0.000000000000779866,6893357,2019-03-10 07:12:07,BTC,2.28062382,0.0,0.00000002,BTC,675757.3963726171,0.0,0.00105,216
1,[],27,[],2019-03-10 07:12:10,1298122.0,0.00000003,0.000000000001169799,6893358,2019-03-10 07:12:10,btc,317.9840534547724,480.0,0.00000003,"btc,ltc",240763.990324,1.44e-05,0.033757640000260075,216
1,[],22,[],2019-03-10 07:12:14,155801.52409638555,0.00000173,0.000000000067458409,6893359,2019-03-10 07:12:14,BTC,12673.62768688,0.0,0.00000173,BTC,432481.7848329881,0.02317125,0.16455505,217
1,[],7,[],2019-03-10 07:12:15,0.0,0,0,6893360,2019-03-10 07:12:15,btc,77969.38822110009,1000.0,0,btc,135864036.11822966,1e-05,0.0,219
0,[],27,[],2019-03-10 07:12:17,0.0,0,0,6893361,2019-03-10 07:12:17,,0.0404796,0.0,0,btc,2057905.0,0.0,0.0,219
0.000000000000005,[],28,[],2019-03-10 07:12:25,168602693.387,7.5e-18,2.9244975e-22,6893362,2019-03-10 07:12:25,doge,85152.2106148375,14725.962,0.00150000,"btc,doge",3763918.34751,0.0,1.43534945916935e-11,219
1,[],22,[],2019-03-10 07:12:29,348339.0,0.00000006,0.000000000002339598,6893363,2019-03-10 07:12:29,BTC,2.76235014,0.0,0.00000006,BTC,86245.24541875876,0.0,0.01427961,221
1,[],24,[],2019-03-10 07:12:29,0.0,0.000000200000,0.00000000000779866,6893364,2019-03-10 07:12:29,btc,0.0,0.0,0.000000200000,btc,0.0,0.0,0.0,221
1,[],20,[],2019-03-10 07:12:33,39105329.5253,0.000000001,0.0000000000000389933,6893365,2019-03-10 07:12:33,btc,48.4450043719203,0.0,0.000000001,btc,16389766.8029,0.0,0.0391053295253,224
0,[],22,[],2019-03-10 07:12:35,0.0,0,0,6893366,2019-03-10 07:12:35,,0.0,0.0,0,,0.0,0.0,0.0,224
1,[],26,[],2019-03-10 07:12:36,0.0,0.00000035,0.000000000013647655,6893367,2019-03-10 07:12:36,btc,0.0,0.0,0.00000035,btc,0.0,0.0,0.0,231
1,[],26,[],2019-03-10 07:12:36,0.0,0.00000005,0.000000000001949665,6893368,2019-03-10 07:12:36,btc,0.0,100.0,0.00000005,btc,0.0,0.0,0.0,234
0.0000000003460317,[],27,[],2019-03-10 07:12:39,2000.0,3.460317e-18,1.349291788761e-22,6893369,2019-03-10 07:12:39,eth,0.01134836604,0.0,0.00000001,"btc,eth",11462.996,0.0,6.920634000000001e-15,234
1,[],4,[],2019-03-10 07:12:41,770709.76665452,0.00000072,0.000000000028075176,6893370,2019-03-10 07:12:41,btc,4.225751435598551,0.0,0.00000072,btc,1223144.38781741,0.02654975,0.1915929642461243,236
1,[],24,[],2019-03-10 07:12:41,0.0,0.000000500000,0.00000000001949665,6893371,2019-03-10 07:12:41,btc,0.0,0.0,0.000000500000,btc,0.0,0.0,0.0,236
1,[],20,[],2019-03-10 07:12:43,199013925.6393,0.000000054,0.0000000000021056382,6893372,2019-03-10 07:12:43,btc,13.553394669611,19431525.0286,0.000000054,btc,38408887.1725,1.0706245360574,0.319660284756,237
0.0000000001444868,[],22,[],2019-03-10 07:12:46,751594.9,2.4562756e-17,9.577829135348001e-22,6893373,2019-03-10 07:12:46,LTC,0.0405823,0.0,0.00000017,LTC,3164.0,0.0,0.12541949,237
1,[],4,[],2019-03-10 07:12:47,8648381.74031472,0.00000036,0.000000000014037588,6893374,2019-03-10 07:12:47,btc,9.088940197231748,0.0,0.00000036,btc,10964033.81026376,0.51133747,2.186358995770172,238
1,[],5,[],2019-03-10 07:12:48,0.0,0,0,6893375,2019-03-10 07:12:48,btc,0.0,0.03119915,0,btc,0.0,0.0,0.0,238
0,[],22,[],2019-03-10 07:12:51,0.0,0,0,6893376,2019-03-10 07:12:51,,0.40415746,0.0,0,,526736.5639027493,0.0,0.0,249
0.0000000001444868,[],22,[],2019-03-10 07:12:54,49087200.666666664,5.7794720000000005e-18,2.253606855376e-22,6893377,2019-03-10 07:12:54,LTC,0.90188236,0.0,0.00000004,LTC,17061399.253636364,0.0,1.18162413,252
1,[],28,[],2019-03-10 07:13:01,2789461.713,0.00000037,0.000000000014427521,6893378,2019-03-10 07:13:01,btc,164735.3137161558,8764.6,0.00000037,btc,3219214.1177,0.0,0.57356634182,256
1,[],22,[],2019-03-10 07:13:04,1370473.8333333333,0.00000004,0.000000000001559732,6893379,2019-03-10 07:13:04,BTC,31.45379838,0.0,0.00000004,BTC,643769.9124533612,0.00024099,0.02036077,258
1,[],22,[],2019-03-10 07:13:08,48751.0,0.00000001,0.000000000000389933,6893380,2019-03-10 07:13:08,BTC,2.4175745,0.0,0.00000001,BTC,1762.0,0.0,0.00048751,259
1,[],5,[],2019-03-10 07:13:10,0.0,0,0,6893381,2019-03-10 07:13:10,btc,0.0,0.0492708,0,btc,0.0,0.0,0.0,264
1,[],20,[],2019-03-10 07:13:12,1216059.8001,0.00000185,0.000000000072137605,6893382,2019-03-10 07:13:12,btc,7.4555756763332,48292.6879,0.00000185,btc,101109.9627,0.1344977821856,0.0173040529618,264
0,[],22,[],2019-03-10 07:13:15,0.0,0,0,6893383,2019-03-10 07:13:15,,8.75643939,0.0,0,,466495.2241309945,0.0,0.0,271
0,[],22,[],2019-03-10 07:13:18,0.0,0,0,6893384,2019-03-10 07:13:18,,266.36893303,0.0,0,,13949488766.692,0.0,0.0,272
0.000000000000005,[],28,[],2019-03-10 07:13:23,219865356712.905,5.05e-21,1.96916165e-25,6893385,2019-03-10 07:13:23,doge,36961346.41743207,6996495517.321,0.00000101,doge,200635681649.4549,0.0,6.040132249454133e-10,272
1,[],22,[],2019-03-10 07:13:28,179098.74,0.0000007,0.00000000002729531,6893386,2019-03-10 07:13:28,BTC,177.43013731,0.0,0.0000007,"BTC,LTC",31999.421119091923,0.0280804,0.06950825,281
1,[],22,[],2019-03-10 07:13:33,13202.0,0.00000001,0.000000000000389933,6893387,2019-03-10 07:13:33,BTC,1.30767006,0.0,0.00000001,BTC,171330.60966054318,0.03593441,0.00013202,286
0,[],22,[],2019-03-10 07:13:35,0.0,0,0,6893388,2019-03-10 07:13:35,,43638.82491513,0.0,0,,700126356.0,0.0,0.0,294
