pairValue,buyBook,exchangeId,sellBook,updated,buyTotal,satoshiPrice,usdPrice,exchangeLogId,created,bestPair,sellTotalBtc,volume,pairPrice,activePairs,sellTotal,volumeBtc,buyTotalBtc,coinId
1,[],3,[],2019-01-26 08:40:23,107.125617961378,0.0126968099999999993465760184108148678205907344818115234375,0.00000045910776183299996,6505825,2019-01-26 08:40:23,btc,106.95415189758945,1.10352526,0.0126968099999999993465760184108148678205907344818115234375,btc,12.919579154331,0.0,0.1527380540200608,1
1,[],4,[],2019-01-26 08:40:24,25073.11532345,0.01263672,0.000000456934949496,6505826,2019-01-26 08:40:24,btc,0.9018115422294883,0.0,0.01263672,btc,63.66537608,0.49902957,1.1800558994403363,1
1,[],5,[],2019-01-26 08:40:26,0.21090642,0.01252213,0.000000452791455309,6505827,2019-01-26 08:40:26,btc,14578.46611009,0.03240828,0.01252213,btc,35555556.29096361,0.0,1.44366744,1
1,[],10,[],2019-01-26 08:40:28,271510.36921192,0.01259,0.000000455245587,6505828,2019-01-26 08:40:28,btc,6537.702389190872,1239.69774541,0.01259,btc,898.30546682,0.0,3.580611915296926,1
1,[],12,[],2019-01-26 08:40:31,10416.11704993,0.01265999999999999937883021772222491563297808170318603515625,0.000000457776738,6505829,2019-01-26 08:40:31,btc,0.5837321523093,0.0,0.01265999999999999937883021772222491563297808170318603515625,btc,39.81176012,0.1226578913826,0.103032190082,1
1,[],20,[],2019-01-26 08:40:33,1350.5193,0.010700001,0.0000003869045461593,6505830,2019-01-26 08:40:33,btc,0.0832401101406,0.0,0.010700001,btc,4.0102,0.0,0.1087969637251,1
1,[],21,[],2019-01-26 08:40:33,2676.99977996,0.01271862999999999986611154412,0.000000459896757759,6505831,2019-01-26 08:40:33,btc,31.5838488208677,8271.375134920001,0.01271862999999999986611154412230462185107171535491943359375,"btc,eth",2924.3901805699998,79.79950621431486,27.079650552261825,1
1,[],22,[],2019-01-26 08:40:37,0.0363776,0.01400000,0.0000005062302,6505832,2019-01-26 08:40:37,BTC,0.31387019,0.0,0.01400000,BTC,0.09333966666666667,0.0,0.00048472,1
1,[],24,[],2019-01-26 08:40:38,0.0,0.000000000000,0,6505833,2019-01-26 08:40:38,btc,0.0,0.0,0.000000000000,btc,0.0,0.0,0.0,1
0.0,[],25,[],2019-01-26 08:40:38,0.0,0,0,6505834,2019-01-26 08:40:38,btc,11.199599998916433,481.65702418,0.0,btc,857.80255038,6.1897,0.0,1
1,[],26,[],2019-01-26 08:40:56,0.0,0,0,6505835,2019-01-26 08:40:56,,0.0,0.0,0,,0.0,0.0,0.0,1
1,[],28,[],2019-01-26 08:41:02,987.9,0.01131000,0.000000408961683,6505836,2019-01-26 08:41:02,btc,0.162839806,18359.3,0.01131000,btc,8.9,0.0,0.024551096,1
0,[],2,[],2019-01-20 23:28:45,0.0,0,0,6477011,2019-01-20 23:28:45,,0.0,0.0,0,,0.0,0.0,0.0,1
1,[],5,[],2019-01-26 07:46:54,1.688e-05,0.00000069,0.000000000025065009,6505669,2019-01-26 07:46:54,btc,0.17331741,0.01353682,0.00000069,btc,7.714e-05,0.0,0.52151601,2
1,[],22,[],2019-01-26 07:46:58,2224.625335862178,0.0000004,0.000000000014530440000000001,6505670,2019-01-26 07:46:58,BTC,0.0231601,0.0,0.0000004,"BTC,XMR",14562.72385,0.0,0.00130482,2
1,[],5,[],2019-01-26 08:41:03,1.42e-06,0.00000017,0.0000000000061470809999999995,6505837,2019-01-26 08:41:03,btc,3.92547972,0.54253935,0.00000017,btc,2.267e-05,0.0,2.3458876,3
1,[],12,[],2019-01-26 08:41:05,12502313.14114884,0.000000172,0.0000000000062193996,6505838,2019-01-26 08:41:05,btc,921359.5366330158,0.0,0.000000172,btc,7998122.09137567,0.03083782318215673,0.5569145246415744,3
0,[],28,[],2019-01-26 08:41:12,0.0,0,0,6505839,2019-01-26 08:41:12,,0.0,0.0,0,,0.0,0.0,0.0,3
0,[],2,[],2019-01-20 23:31:32,0.0,0,0,6477077,2019-01-20 23:31:32,,0.0,0.0,0,,0.0,0.0,0.0,4
1,[],4,[],2019-01-26 07:47:02,317414.51990056,0.00000037,0.000000000013440657,6505674,2019-01-26 07:47:02,btc,0.475348151663661,0.0,0.00000037,btc,322214.75876776,0.04255881,0.0428272026585851,4
1,[],12,[],2019-01-25 15:53:49,1222127.5219999999,0.00000003,0.000000000001069017,6499609,2019-01-25 15:53:49,btc,11013867.817925906,0.0,0.00000003,btc,969763.77092902,0.0,0.01617509044,5
0,[],2,[],2019-01-20 23:31:51,0.0,0,0,6477087,2019-01-20 23:31:51,,0.0,0.0,0,,0.0,0.0,0.0,6
1,[],11,[],2019-01-26 08:41:14,3384831.0,0.00000001,0.000000000000361593,6505840,2019-01-26 08:41:14,btc,9432.823004747594,890188.0,0.00000001,btc,41643859.63059839,0.0,0.03384831,6
1,[],3,[],2019-01-26 08:41:14,1051.093167918516,0.00015051999999999998865705952422189284334308467805385589599609375,0.0000000054426978359999995,6505841,2019-01-26 08:41:14,btc,30.108593419388622,0.0,0.00015051999999999998865705952422189284334308467805385589599609375,btc,231.077492617847,0.0,0.028198323718741553,7
1,[],4,[],2019-01-26 08:41:15,18089.60479099,0.00015926,0.000000005758730118,6505842,2019-01-26 08:41:15,btc,1.8459685304901967,0.0,0.00015926,btc,10161.11225546,2.66168015,2.6448822251588266,7
1,[],5,[],2019-01-26 08:41:16,0.00541598,0.00016060,0.00000000580718358,6505843,2019-01-26 08:41:16,btc,1.26318556,0.05666187,0.00016060,btc,0.01117557,0.0,1.57518751,7
1,[],20,[],2019-01-26 07:47:09,61771509.8802,0.000000001,0.0000000000000363261,6505679,2019-01-26 07:47:09,btc,121.193338259396,0.0,0.000000001,btc,26031125.3262,0.0,0.0617715098802,8
0,[],2,[],2019-01-20 23:22:42,0.0,0,0,6476876,2019-01-20 23:22:42,,0.0,0.0,0,,0.0,0.0,0.0,9
0,[],23,[],2019-01-20 23:22:48,0.0,0,0,6476878,2019-01-20 23:22:48,,0.0,0.0,0,,0.0,0.0,0.0,9
1,[],1,[],2019-01-26 08:41:17,3291405.71,0.00000190999999999999992415680542812150832787665422074496746063232421875,0.00000000006906426299999999,6505844,2019-01-26 08:41:17,btc,8.02126243,14871207.38,0.00000190999999999999992415680542812150832787665422074496746063232421875,btc,4103665.95,28.7387134,6.209254296599999,9
1,[],4,[],2019-01-26 08:41:17,215697.42510106,0.00000189,0.000000000068341077,6505845,2019-01-26 08:41:17,btc,0.9313630833383068,0.0,0.00000189,btc,469134.64557061,1.05417301,0.3518449614679569,9
1,[],28,[],2019-01-26 08:41:27,34585.0,0.00000170,0.00000000006147081,6505846,2019-01-26 08:41:27,btc,2708.7536406632,3559575.892,0.00000170,btc,8861.21,0.0,0.0286845,9
1,[],4,[],2019-01-26 08:41:27,7156047.09026053,0.00000002,0.000000000000723186,6505847,2019-01-26 08:41:27,btc,0.2135370022856993,0.0,0.00000002,btc,4189461.70572456,0.0009802,0.0749503461052106,10
0,[],2,[],2019-01-20 23:23:08,0.0,0,0,6476890,2019-01-20 23:23:08,,0.0,0.0,0,,0.0,0.0,0.0,12
1,[],4,[],2019-01-26 08:41:28,1961895.55127911,0.00000145,0.000000000052430985,6505848,2019-01-26 08:41:28,btc,1.1020585181852927,0.0,0.00000145,btc,731526.48071048,1.45344544,2.6335388673081748,12
1,[],5,[],2019-01-26 08:41:30,1.688e-05,0.00000142,0.000000000051346205999999996,6505849,2019-01-26 08:41:30,btc,0.26408384,0.65168837,0.00000142,btc,0.00011208,0.0,0.14602414,12
0.0,[],25,[],2019-01-26 08:41:31,0.0,0,0,6505850,2019-01-26 08:41:31,,0.0,0.0,0.0,btc,0.0,0.0,0.0,12
1,[],10,[],2019-01-26 05:45:25,565314.87887282,0.00000679,0.000000000242645403,6505065,2019-01-26 05:45:25,btc,666784.4660950344,15693.0861106,0.00000679,btc,834719.44108684,0.0,0.7553276623585244,13
1,[],4,[],2019-01-26 08:41:31,326100.98293628,0.00000685,0.000000000247691205,6505851,2019-01-26 08:41:31,btc,0.2703182334771961,0.0,0.00000685,btc,36536.8131805,0.55714655,1.512514459354433,13
1,[],21,[],2019-01-26 08:41:35,1932086.41201354,0.000006980000000000000086482470490,0.000000000252391914,6505852,2019-01-26 08:41:35,btc,6.181826608842347,495933.48586262,0.0000069800000000000000864824704904787466830384801141917705535888671875,btc,800309.98115182,3.5029022,8.151848375964901,13
0,[],17,[],2019-01-25 15:48:21,0.0,0,0,6499443,2019-01-25 15:48:21,btc,0.0,0.0,0,btc,0.0,0.0,0.0,14
1,[],4,[],2019-01-26 08:41:36,747786.32754396,0.00000189,0.000000000068341077,6505853,2019-01-26 08:41:36,btc,0.1635789990240147,0.0,0.00000189,btc,64588.00503781,0.16733131,0.2157744981914073,14
1,[],12,[],2019-01-26 08:41:37,89949.47933816,0.00000181000000000000003456111265232042484285557293333113193511962890625,0.000000000065448333,6505854,2019-01-26 08:41:37,btc,1.786483407687076,0.0,0.00000181000000000000003456111265232042484285557293333113193511962890625,btc,37907.62220723,0.0004551868397796,0.020854946483833202,14
1,[],26,[],2019-01-26 08:41:38,0.0,0.00000020,0.00000000000723186,6505855,2019-01-26 08:41:38,btc,0.0,0.0,0.00000020,btc,0.0,0.0,0.0,14
0,[],4,[],2019-01-26 08:41:39,0.0,0,0,6505856,2019-01-26 08:41:39,,0.0,0.0,0,,0.0,0.0,0.0,15
,[],12,[],2018-12-01 15:15:48,204241.84496,0.00000489,0.000000000202473384,5260204,2018-12-01 15:15:48,btc,49.5475654835,0.0,,btc,35763.2193806,0.0163153972027625,0.0203389899998,15
0,[],2,[],2019-01-20 23:23:38,0.0,0,0,6476906,2019-01-20 23:23:38,,0.0,0.0,0,,0.0,0.0,0.0,18
0,[],17,[],2019-01-25 15:48:32,0.0,0,0,6499450,2019-01-25 15:48:32,btc,0.0,0.0,0,btc,0.0,0.0,0.0,18
1,[],4,[],2019-01-26 08:41:40,25837.68788416,0.00001782,0.000000000644358726,6505857,2019-01-26 08:41:40,btc,1.209827859219873,0.0,0.00001782,btc,6521.42513486,0.00910705,0.0869143813652497,18
1,[],10,[],2019-01-26 08:41:42,390899.07194945,0.000018,0.0000000006508674,6505858,2019-01-26 08:41:42,btc,15.55639647945007,312.40831283,0.000018,btc,10500.54211908,0.0,0.1967384302352079,18
1,[],12,[],2019-01-26 08:41:44,200362.09683423,0.000017379999999999999615862833479695837013423442840576171875,0.000000000628448634,6505859,2019-01-26 08:41:44,btc,0.1969286816701292,0.0,0.000017379999999999999615862833479695837013423442840576171875,btc,2086.90663457,0.0,0.0198250797449783,18
0,[],2,[],2019-01-20 23:24:19,0.0,0,0,6476924,2019-01-20 23:24:19,,0.0,0.0,0,,0.0,0.0,0.0,19
1,[],3,[],2019-01-26 08:41:45,108853.37236620068,0.0000381099999999999993448296375930794965825043618679046630859375,0.000000001378030923,6505860,2019-01-26 08:41:45,btc,1.2539162075320083,0.80529903053,0.0000381099999999999993448296375930794965825043618679046630859375,btc,8295.293215847507,0.0,0.11583438793169817,19
1,[],4,[],2019-01-26 08:41:46,68846.03086284,0.00003771,0.000000001363567203,6505861,2019-01-26 08:41:46,btc,1.7057977997375164,0.0,0.00003771,btc,35567.0279693,0.80299327,1.5016089341766872,19
1,[],5,[],2019-01-26 08:41:47,0.00029437,0.00003057,0.000000001105389801,6505862,2019-01-26 08:41:47,btc,0.30949231,0.0,0.00003057,btc,0.0035046,0.0,0.19117301,19
1,[],12,[],2019-01-26 08:41:48,129522.42312129,0.0000368500000000000012441436769705660481122322380542755126953125,0.000000001332470205,6505863,2019-01-26 08:41:48,btc,1.9920402817121774,0.0,0.0000368500000000000012441436769705660481122322380542755126953125,btc,419.49251023,0.0,0.0382205220195365,19
0,[],27,[],2019-01-26 08:41:50,0.0,0,0,6505864,2019-01-26 08:41:50,,0.0,0.0,0,btc,0.0,0.0,0.0,19
1,[],4,[],2019-01-26 08:41:51,9443925.3670658,0.00000014,0.000000000005062302,6505865,2019-01-26 08:41:51,btc,0.8214389703598093,0.0,0.00000014,btc,1592904.2697911,0.00027197,0.3951825877258471,20
1,[],4,[],2019-01-26 08:41:52,127964659.11601596,0.00000002,0.000000000000723186,6505866,2019-01-26 08:41:52,btc,0.8160559776454455,0.0,0.00000002,btc,18428789.06840254,0.12594568,1.5690727665301596,21
1,[],12,[],2019-01-26 08:41:53,19817294.0,0.00000002,0.000000000000723186,6505867,2019-01-26 08:41:53,btc,668.0269141637974,0.0,0.00000002,btc,7961939.67233039,0.0141920851548457,0.26928240000000003,21
0,[],17,[],2019-01-25 15:49:42,0.0,0,0,6499491,2019-01-25 15:49:42,btc,0.0,0.0,0,btc,0.0,0.0,0.0,21
1,[],12,[],2019-01-26 08:41:55,4561149217.531896,0.0000000001,0.00000000000000361593,6505868,2019-01-26 08:41:55,btc,721663608789.0582,0.0,0.0000000001,btc,6482193826.345885,0.024182046596203793,0.4561149217531896,23
0,[],27,[],2019-01-26 08:41:57,0.0,0,0,6505869,2019-01-26 08:41:57,,0.424699,0.0,0,eth,424699.0,0.0,0.0,23
1,[],4,[],2019-01-26 08:41:58,2230084.84681533,0.00000084,0.000000000030373812,6505870,2019-01-26 08:41:58,btc,0.1249867965370609,0.0,0.00000084,btc,93717.94484552,0.00446601,0.4396071470858946,24
1,[],22,[],2019-01-26 08:42:01,11.76,0.00000100,0.0000000000361593,6505871,2019-01-26 08:42:01,BTC,7.415e-05,0.0,0.00000100,BTC,23.919354838709676,0.0,1.176e-05,24
0.0,[],25,[],2019-01-26 08:42:02,0.0,0,0,6505872,2019-01-26 08:42:02,,0.0,0.0,0.0,btc,0.0,0.0,0.0,24
1,[],4,[],2019-01-26 08:42:03,10024336.39269345,0.00000749,0.000000000270833157,6505873,2019-01-26 08:42:03,btc,0.4471844634995643,0.0,0.00000749,btc,37085.4249206,0.15931512,0.2087387191298418,26
1,[],10,[],2019-01-26 08:42:05,729672.85251422,0.0000073,0.00000000026396289,6505874,2019-01-26 08:42:05,btc,27.975848491140553,0.0,0.0000073,btc,12715.42087038,0.0,0.2115373590941351,26
0,[],2,[],2019-01-20 23:25:56,0.0,0,0,6476976,2019-01-20 23:25:56,,0.0,0.0,0,,0.0,0.0,0.0,26
1,[],3,[],2019-01-26 08:42:06,8045385.51415143,0.00000001,0.000000000000361593,6505875,2019-01-26 08:42:06,btc,3.1195760572205957,29996.8149298,0.00000001,btc,17904770.9735503,0.0,0.0804538551415143,27
1,[],5,[],2019-01-26 08:42:07,1e-08,0.00000001,0.000000000000361593,6505876,2019-01-26 08:42:07,btc,2.61407479,0.0,0.00000001,btc,4.13e-05,0.0,0.02479358,27
1,[],11,[],2019-01-26 08:42:09,10597882.41182718,0.00000005,0.000000000001807965,6505877,2019-01-26 08:42:09,btc,370.53275036350783,1000.0,0.00000005,btc,8220964.80991447,0.0,0.4932896594767663,27
1,[],4,[],2019-01-26 08:42:10,276011117.44455504,0.00000003,0.000000000001084779,6505878,2019-01-26 08:42:10,btc,2.91500364102797,0.0,0.00000003,"btc,ltc",102986458.93384297,1.08283348,3.271897622846685,29
1,[],7,[],2019-01-26 07:47:55,40168246.48558804,0.00000003,0.000000000001089783,6505715,2019-01-26 07:47:55,btc,44465238.102578096,71282.3893223,0.00000003,btc,38837780.51076072,0.00255166,0.7366003376382232,29
0,[],17,[],2019-01-25 15:50:57,0.0,0,0,6499534,2019-01-25 15:50:57,btc,0.0,0.0,0,btc,0.0,0.0,0.0,30
1,[],4,[],2019-01-26 07:47:56,1251139.06938457,0.00000036,0.000000000013077396000000001,6505716,2019-01-26 07:47:56,btc,0.3110531151166461,0.0,0.00000036,btc,496335.01610031,0.01160585,0.0622909472704631,30
1,[],4,[],2019-01-26 07:47:57,34574.27133368,0.00009502,0.0000000034517060220000002,6505717,2019-01-26 07:47:57,btc,1.3268460289567763,0.0,0.00009502,btc,12374.58773565,2.28312801,2.4807296143593915,31
1,[],21,[],2019-01-26 07:47:58,100091.60100391,0.00009500000000000000523019128007,0.0000000034509795000000003,6505718,2019-01-26 07:47:58,btc,15.93275941568685,708856.02330472,0.00009500000000000000523019128007007338965195231139659881591796875,btc,152551.41828062,66.08554556,9.03923265766374,31
0,[],2,[],2019-01-20 23:28:43,0.0,0,0,6477009,2019-01-20 23:28:43,,0.0,0.0,0,,0.0,0.0,0.0,32
1,[],4,[],2019-01-26 07:40:58,135318055.4640799,0.00000005,0.0000000000018119000000000002,6505534,2019-01-26 07:40:58,btc,0.4695979636859841,0.0,0.00000005,"btc,ltc",12509218.33622669,0.52761003,2.116243580210759,33
1,[],12,[],2019-01-26 07:40:59,24270494.0,0.00000006,0.00000000000217428,6505535,2019-01-26 07:40:59,btc,17261783.050848585,0.0,0.00000006,btc,87398724.27072918,0.2603563875524481,0.9653727999999999,33
1,[],4,[],2019-01-25 15:51:47,121436519.49535657,0.00000002,0.000000000000712664,6499565,2019-01-25 15:51:47,btc,0.7770388655030004,0.0,0.00000002,btc,25623680.84561682,0.04566956,1.2289232726234858,34
1,[],5,[],2019-01-25 15:51:48,3e-08,0.00000002,0.000000000000712664,6499566,2019-01-25 15:51:48,btc,3.15691075,0.01219489,0.00000002,btc,1.394e-05,0.0,0.77186813,34
0,[],17,[],2019-01-25 15:49:25,0.0,0,0,6499481,2019-01-25 15:49:25,btc,0.08200904495920741,0.0,0,btc,5842697.91583647,0.0,0.0,36
0.000000000092924,[],4,[],2019-01-26 07:47:59,2576635837.7120004,3.71696e-18,1.35022660656e-22,6505719,2019-01-26 07:47:59,ltc,3.6809446194772986e-09,0.0,0.00000004,ltc,635230441.6003737,0.0,6.999660440606995e-09,36
1,[],5,[],2019-01-26 07:48:01,0.0,0,0,6505720,2019-01-26 07:48:01,btc,202.44189641,0.0,0,btc,1.295e-05,0.0,0.0,36
0.000000000092924,[],27,[],2019-01-26 07:48:03,1000000.0,9.2924e-19,3.3755665164e-23,6505721,2019-01-26 07:48:03,ltc,448.55669329,0.0,0.00000001,"ltc,eth",3581972.58,0.0,9.2924e-13,36
1,[],17,[],2019-01-25 15:49:17,1752.74075282,0.00000025,0.0000000000089083,6499476,2019-01-25 15:49:17,btc,0.05548731397418299,0.0,0.00000025,btc,1388.79251806,0.0,0.00043818518820499993,37
1,[],4,[],2019-01-26 07:48:04,430195.38031732,0.00000142,0.000000000051583062,6505722,2019-01-26 07:48:04,btc,0.4396029181009773,0.0,0.00000142,btc,233448.52011628,0.01285677,0.3767764795613019,37
1,[],12,[],2019-01-26 07:48:05,454189.92926208,0.000001430000000000000072932653839841155019030338735319674015045166015625,0.000000000051946323,6505723,2019-01-26 07:48:05,btc,1330.8950359341113,0.0,0.000001430000000000000072932653839841155019030338735319674015045166015625,btc,754721.24721844,0.2141661862537298,0.346729855333324,37
1,[],27,[],2019-01-26 07:48:07,3640.0609574,0.00569910,0.00000020702607651000002,6505724,2019-01-26 07:48:07,btc,22.37095737308125,0.001833,0.00569910,btc,2948.884381,1.045e-05,0.000368193331273,37
1,[],5,[],2019-01-26 07:48:09,1.515e-05,0.00000128,0.000000000046497408000000004,6505725,2019-01-26 07:48:09,btc,0.17205934,0.05561369,0.00000128,btc,0.00014245,0.0,0.05419451,42
1,[],12,[],2019-01-26 07:48:09,100367.21848739,0.000001250000000000000102253817392539136932327892282046377658843994140625,0.00000000004540762500000001,6505726,2019-01-26 07:48:09,btc,109.10426191084304,0.0,0.000001250000000000000102253817392539136932327892282046377658843994140625,btc,94776.57649058,0.0507888890433732,0.0349787599999941,42
0,[],27,[],2019-01-26 07:48:11,0.0,0,0,6505727,2019-01-26 07:48:11,,0.00315028,0.0,0,"btc,eth",11.007,0.0,0.0,42
1,[],5,[],2019-01-26 07:41:15,3e-08,0.00000002,0.00000000000072476,6505545,2019-01-26 07:41:15,btc,6.15404046,3.472e-05,0.00000002,btc,1.425e-05,0.0,0.56542323,43
1,[],12,[],2019-01-26 07:41:16,6002619.0,0.00000002,0.00000000000072476,6505546,2019-01-26 07:41:16,btc,20007433.392920952,0.0,0.00000002,btc,40307546.40899101,0.0005714895004998,0.0600262,43
0,[],17,[],2019-01-25 15:47:37,0.0,0,0,6499419,2019-01-25 15:47:37,btc,0.0,0.0,0,btc,0.0,0.0,0.0,43
1,[],12,[],2019-01-26 07:48:12,762030.0,0.00000007,0.0000000000025428270000000003,6505728,2019-01-26 07:48:12,btc,11114761.219588628,0.0,0.00000007,btc,955800.89867649,0.0005034779620392,0.02039541,44
1,[],4,[],2019-01-26 07:48:13,237329237.6242539,0.00000003,0.0000000000010897830000000001,6505729,2019-01-26 07:48:13,btc,0.21975309569806947,0.0,0.00000003,"btc,ltc",6554842.53344355,0.00040696,0.6030549410752901,49
0.000000000092924,[],4,[],2019-01-26 07:48:13,4083258952.761865,1.85848e-18,6.7511330328e-23,6505730,2019-01-26 07:48:13,ltc,5.044116688151814,0.0,0.00000002,ltc,1636710054.3110626,0.0,4.753715262576713e-09,52
0,[],22,[],2019-01-26 07:48:16,0.0,0,0,6505731,2019-01-26 07:48:16,,3693.62623838,0.0,0,,269200006.90882355,0.0,0.0,57
0,[],27,[],2019-01-26 07:48:18,0.0,0,0,6505732,2019-01-26 07:48:18,,0.0,0.0,0,"btc,eth",0.0,0.0,0.0,57
0,[],17,[],2019-01-25 15:52:59,0.0,0,0,6499584,2019-01-25 15:52:59,btc,1e+24,0.0,0,btc,41616695.958325684,0.0,0.0,58
0.000000000092924,[],4,[],2019-01-26 07:48:18,1464490351.2781398,6.5046799999999995e-18,2.36289656148e-22,6505733,2019-01-26 07:48:18,ltc,3.3366770116385887,0.0,0.00000007,ltc,992955177.7177526,0.09991,6.601014223053468e-09,58
1,[],12,[],2019-01-26 07:48:19,2369011183.282997,0.0000000006,0.00000000000002179566,6505734,2019-01-26 07:48:19,btc,124018817925.45708,0.0,0.0000000006,btc,2968940125.6944056,0.10388003368321681,0.9279512512645631,58
0.0000000001266908,[],22,[],2019-01-26 07:48:23,137438.0,1.266908e-18,4.60218266988e-23,6505735,2019-01-26 07:48:23,XMR,69.8835922,0.0,0.00000001,XMR,9887963.0,0.0,0.00137438,58
1,[],5,[],2019-01-26 07:48:24,7.93e-06,0.00000063,0.000000000022885443,6505736,2019-01-26 07:48:24,btc,0.44641179,0.06434339,0.00000063,btc,0.00012672,0.0,0.05016078,61
1,[],22,[],2019-01-26 07:48:27,5111.5,0.00000011,0.000000000003995871,6505737,2019-01-26 07:48:27,BTC,1002.29606732,0.0,0.00000011,BTC,15028.700278135757,0.0,0.00051178,61
1,[],26,[],2019-01-26 07:48:27,0.0,0.00000800,0.0000000002906088,6505738,2019-01-26 07:48:27,btc,0.0,0.0,0.00000800,btc,0.0,0.0,0.0,61
0,[],27,[],2019-01-26 07:48:29,0.0,0,0,6505739,2019-01-26 07:48:29,,0.0,0.0,0,"btc,eth",0.0,0.0,0.0,61
1,[],28,[],2019-01-26 07:48:31,1923.782,0.00000023,0.000000000008355003,6505740,2019-01-26 07:48:31,btc,2.065678837430106,774.0,0.00000023,btc,11618.08240005,0.0,0.00017391298,61
1,[],4,[],2019-01-26 07:41:45,1355322.16024562,0.00000164,0.00000000005943032,6505560,2019-01-26 07:41:45,btc,0.4667712071853068,0.0,0.00000164,btc,168989.46003905,0.33919952,1.0313348641607014,67
0.0,[],25,[],2019-01-26 07:41:46,0.0,0,0,6505561,2019-01-26 07:41:46,,0.0,0.0,0.0,btc,0.0,0.0,0.0,67
1,[],12,[],2019-01-26 07:48:33,2836036.55555556,0.00000009,0.0000000000032693490000000002,6505741,2019-01-26 07:48:33,btc,16893709.218010478,0.0,0.00000009,btc,2073649.62597398,0.0059872226873137,0.07871838000000039,71
,[],5,[],2018-11-20 23:02:39,1.5e-07,0.00000005,0.000000000002128045,4862160,2018-11-20 23:02:39,btc,2.84511358,0.0,,btc,0.00036572,0.0,0.07381892,74
1,[],5,[],2019-01-25 15:53:51,3.303e-05,0.00000156,0.000000000055588884,6499610,2019-01-25 15:53:51,btc,1.42844212,0.0,0.00000156,btc,0.00015937,0.0,0.49487621,75
1,[],4,[],2019-01-26 07:48:34,63482976.34002812,0.00000001,0.00000000000036326100000000003,6505742,2019-01-26 07:48:34,btc,0.7438928706909006,0.0,0.00000001,btc,14043858.59123171,0.0,0.6348297634002812,81
0,[],20,[],2019-01-25 09:30:31,0.0,0,0,6495923,2019-01-25 09:30:31,btc,0.0,0.0,0,btc,0.0,0.0,0.0,81
1,[],4,[],2019-01-26 07:48:36,24380.95259834,0.00007751,0.000000002815636011,6505743,2019-01-26 07:48:36,btc,1.525326110589259,0.0,0.00007751,btc,13180.23847792,0.01495789,0.133126646938745,82
1,[],21,[],2019-01-26 07:48:37,84055.99995844,0.00008100000000000000374613534637,0.0000000029424141000000005,6505744,2019-01-26 07:48:37,btc,3.561969486084505,10405.46474917,0.000081000000000000003746135346371914920382550917565822601318359375,btc,40722.87298613,0.84212037,5.254029792397244,82
0,[],17,[],2019-01-25 15:48:27,0.0,0,0,6499446,2019-01-25 15:48:27,btc,0.0447233088476774,0.0,0,btc,999127.19588126,0.0,0.0,84
0.000000000092924,[],4,[],2019-01-26 07:48:39,154893759.9043977,1.39386e-17,5.0633497746e-22,6505745,2019-01-26 07:48:39,ltc,0.19754182534265974,0.0,0.00000015,ltc,80981493.71436255,0.0,1.5315011766930684e-09,85
,[],22,[],2018-11-20 23:09:34,3408.1,0.0000001,0.0000000000041895,4862324,2018-11-20 23:09:34,BTC,0.04624735,0.0,,BTC,4990.0,0.0,0.00033081,86
0,[],22,[],2019-01-26 07:48:42,0.0,0,0,6505746,2019-01-26 07:48:42,,2.07810912,0.0,0,,154826.94736842104,0.0,0.0,87
0,[],27,[],2019-01-26 07:48:43,0.0,0,0,6505747,2019-01-26 07:48:43,,0.0,0.0,0,btc,0.0,0.0,0.0,87
,[],2,[],2018-11-20 23:10:47,0.0,0,0,4862359,2018-11-20 23:10:47,,0.0,0.0,,,0.0,0.0,0.0,88
1,[],11,[],2019-01-26 07:48:45,105230.32912875,0.00019802000000000000482468232032573496326222084462642669677734375,0.000000007193294322000001,6505748,2019-01-26 07:48:45,btc,235.0967415065955,446.99793,0.00019802000000000000482468232032573496326222084462642669677734375,btc,182707.40913358,0.0,8.376459468216776,89
1,[],12,[],2019-01-26 07:48:46,354185.79233821,0.000002280000000000000193287226502025788477112655527889728546142578125,0.00000000008282350800000001,6505749,2019-01-26 07:48:46,btc,0.2289611226964487,0.0,0.000002280000000000000193287226502025788477112655527889728546142578125,btc,23347.0861473,0.1672743505973735,0.21577342640000557,91
0,[],2,[],2019-01-20 23:31:45,0.0,0,0,6477083,2019-01-20 23:31:45,,0.0,0.0,0,,0.0,0.0,0.0,91
0,[],17,[],2019-01-25 15:53:53,0.0,0,0,6499612,2019-01-25 15:53:53,btc,0.0,0.0,0,btc,0.0,0.0,0.0,91
0.000000000092924,[],22,[],2019-01-26 07:48:50,31170424.666666668,5.575439999999999e-18,2.02533990984e-22,6505750,2019-01-26 07:48:50,LTC,8.97477495,0.0,0.00000006,LTC,75272634.1,3.2388846047999997e-13,1.20185727,95
0.000000000092924,[],4,[],2019-01-26 07:48:52,133071841.32373343,9.571171999999999e-17,3.476833511892e-21,6505751,2019-01-26 07:48:52,ltc,1.4002258603615803,0.0,0.00000103,ltc,68667697.45383172,0.00752203,7.226621909638977e-10,96
1,[],12,[],2019-01-26 07:48:53,1204334.0,0.00000001,0.00000000000036326100000000003,6505752,2019-01-26 07:48:53,btc,255059.2635896603,0.0,0.00000001,btc,7846613.56674301,3.48e-06,0.01204334,96
0,[],17,[],2019-01-25 15:48:18,0.0,0,0,6499440,2019-01-25 15:48:18,btc,0.0,0.0,0,btc,0.0,0.0,0.0,96
1,[],4,[],2019-01-26 07:48:55,1577572.97358501,0.00000041,0.000000000014893701,6505753,2019-01-26 07:48:55,btc,0.3202571742214272,0.0,0.00000041,btc,482277.21564646,0.02389976,0.1747238679748464,99
1,[],4,[],2019-01-26 07:48:55,132041.53797185,0.00004320,0.0000000015692875200000002,6505754,2019-01-26 07:48:55,btc,1.3946515477286976,0.0,0.00004320,btc,26186.3141975,1.51155038,2.9952502626924615,100
0,[],2,[],2019-01-20 23:23:55,0.0,0,0,6476914,2019-01-20 23:23:55,,0.0,0.0,0,,0.0,0.0,0.0,100
1,[],22,[],2019-01-26 07:48:58,50000.0,0.00000001,0.00000000000036326100000000003,6505755,2019-01-26 07:48:58,BTC,23.49896609,0.0,0.00000001,BTC,10277.22,0.0,0.0005,101
1,[],4,[],2019-01-26 07:42:14,114304.88189614,0.00000110,0.000000000039861800000000004,6505577,2019-01-26 07:42:14,btc,0.4006500713347329,0.0,0.00000110,btc,137477.78340804,0.01677104,0.0531626313715115,103
0,[],22,[],2019-01-26 07:49:02,0.0,0,0,6505756,2019-01-26 07:49:02,,1.07253299,0.0,0,,94300.0,0.0,0.0,107
1,[],26,[],2019-01-26 07:49:02,0.0,0.00000000,0,6505757,2019-01-26 07:49:02,btc,0.0,0.0,0.00000000,btc,0.0,0.0,0.0,107
1,[],5,[],2019-01-26 07:49:04,3e-08,0.00000002,0.0000000000007265220000000001,6505758,2019-01-26 07:49:04,btc,3.23820253,0.06046986,0.00000002,btc,1.589e-05,0.0,0.09739756,112
1,[],22,[],2019-01-26 07:49:07,43782.0,0.00000001,0.00000000000036326100000000003,6505759,2019-01-26 07:49:07,BTC,2.84243449,0.0,0.00000001,BTC,977103.5833333334,0.0,0.00043782,112
0,[],27,[],2019-01-26 07:49:09,0.0,0,0,6505760,2019-01-26 07:49:09,,1.25356065,0.0,0,"btc,eth",1328.0,0.0,0.0,112
1,[],4,[],2019-01-26 07:49:10,455569.36805857,0.00000450,0.00000000016346745000000002,6505761,2019-01-26 07:49:10,btc,0.4470356758792838,0.0,0.00000450,btc,74212.94598173,0.09894592,0.4557867734765731,113
1,[],5,[],2019-01-26 07:49:11,2.508e-05,0.00000417,0.000000000151479837,6505762,2019-01-26 07:49:11,btc,2.18921085,0.0,0.00000417,btc,0.00303205,0.0,0.20372363,113
0,[],27,[],2019-01-26 07:49:13,0.0,0,0,6505763,2019-01-26 07:49:13,,0.0,0.0,0,btc,0.0,0.0,0.0,116
1,[],17,[],2019-01-25 15:48:03,233369.0,0.00000004,0.0000000000014253280000000002,6499431,2019-01-25 15:48:03,btc,1.337629057597492,0.0,0.00000004,btc,72546.975,0.0,0.00543476,116
1,[],4,[],2019-01-26 07:49:14,59329.05916563,0.00002511,0.000000000912148371,6505764,2019-01-26 07:49:14,btc,0.708980767305354,0.0,0.00002511,btc,24431.79783882,2.13369374,1.0427676121693672,120
1,[],7,[],2019-01-26 07:49:15,4404.81928547,0.00001811000000000000109690034832965466193854808807373046875,0.0000000006578656710000001,6505765,2019-01-26 07:49:15,btc,95.01981056692063,62.5577699,0.00001811000000000000109690034832965466193854808807373046875,btc,26084.10517962,0.00112609,0.052095812758709,120
1,[],20,[],2019-01-26 07:49:17,1211987.8588,0.000000013,0.0000000000004722393,6505766,2019-01-26 07:49:17,btc,31.4064986826774,0.0,0.000000013,btc,1110340.5464,0.0,0.0067998317606,125
1,[],22,[],2019-01-26 07:49:20,68433.0,0.00000001,0.00000000000036326100000000003,6505767,2019-01-26 07:49:20,BTC,0.01415863,0.0,0.00000001,BTC,293039.4,0.0,0.00068433,126
1,[],4,[],2019-01-26 07:49:21,311159.49806136,0.00001500,0.0000000005448915,6505768,2019-01-26 07:49:21,btc,0.650099573817879,0.0,0.00001500,btc,33930.39416061,0.21007221,0.299214846807928,131
0,[],2,[],2019-01-20 23:25:46,0.0,0,0,6476969,2019-01-20 23:25:46,,0.0,0.0,0,,0.0,0.0,0.0,131
0,[],17,[],2019-01-25 15:50:14,0.0,0,0,6499505,2019-01-25 15:50:14,btc,0.0008451375975800001,0.0,0,btc,30.89614684,0.0,0.0,131
1,[],4,[],2019-01-26 07:49:23,6060.7982182,0.00020005,0.0000000072670363050000006,6505769,2019-01-26 07:49:23,btc,1.6263552933341472,0.0,0.00020005,btc,203.60257325,0.00056797,0.0102568498995088,135
1,[],3,[],2019-01-26 07:49:23,638656.80018509,0.00000005,0.0000000000018163050000000001,6505770,2019-01-26 07:49:23,btc,0.2634601497584369,217580.697814,0.00000005,btc,977249.68036222,0.0,0.020339987337035,136
1,[],4,[],2019-01-26 07:49:24,79851.00307022,0.00000178,0.000000000064660458,6505771,2019-01-26 07:49:24,btc,0.4763128013040113,0.0,0.00000178,btc,184860.20268777,0.10597696,0.0884181952080884,137
1,[],12,[],2019-01-26 07:49:25,303272.67393904,0.00000181000000000000003456111265232042484285557293333113193511962890625,0.00000000006575024100000001,6505772,2019-01-26 07:49:25,btc,11798.819670633447,0.0,0.00000181000000000000003456111265232042484285557293333113193511962890625,btc,131571.25973822,0.0720257452750781,0.036925096000003,137
1,[],17,[],2019-01-25 15:53:39,12500.0,0.0000001,0.00000000000356339,6499603,2019-01-25 15:53:39,btc,0.5782815519287362,0.0,0.0000001,btc,4834.207754,0.0,0.00125,142
1,[],5,[],2019-01-26 07:49:27,0.00107282,0.00003450,0.0000000012532504500000001,6505773,2019-01-26 07:49:27,btc,11.45104273,3.79714895,0.00003450,btc,0.00385453,0.0,1.98155777,142
1,[],20,[],2019-01-26 07:49:29,156449.7963,0.000030071,0.0000000010923621531,6505774,2019-01-26 07:49:29,btc,2.50540661,29.725,0.000030071,btc,5107.1322,0.00113647843,0.2887546671847,142
1,[],22,[],2019-01-26 07:49:32,990.0,0.00001880,0.0000000006829306800000001,6505775,2019-01-26 07:49:32,BTC,0.00069415,0.0,0.00001880,BTC,9.0,0.0,0.00022106,142
0.0,[],25,[],2019-01-26 07:49:33,0.0,0,0,6505776,2019-01-26 07:49:33,,0.0,0.0,0.0,btc,0.0,0.0,0.0,142
1,[],28,[],2019-01-26 07:49:35,82971.032,0.00003155,0.000000001146088455,6505777,2019-01-26 07:49:35,btc,0.15558306278,48292.5723,0.00003155,btc,3267.722,0.0,0.16745585576,142
0,[],22,[],2019-01-25 15:57:33,0.0,0,0,6499726,2019-01-25 15:57:33,,59.04258297,0.0,0,,718491265.8,0.0,0.0,143
1,[],21,[],2019-01-26 07:49:36,47939407.24331459,0.0000003,0.00000000001089783,6505778,2019-01-26 07:49:36,btc,36.95604173205715,8762866.07364465,0.0000003,btc,73010838.90839821,2.63854509,8.83265984267119,145
0,[],22,[],2019-01-26 07:49:38,0.0,0,0,6505779,2019-01-26 07:49:38,,4.31668284,0.0,0,,1427838.5,0.0,0.0,146
,[],22,[],2018-11-20 23:01:11,0.0,0,0,4862114,2018-11-20 23:01:11,,2.56807021,0.0,,,61828.4988236,0.0,0.0,147
1,[],12,[],2019-01-26 07:43:58,8702296.6291615,0.00000269999999999999998369902033668044083469794713892042636871337890625,0.00000000009784260000000001,6505602,2019-01-26 07:43:58,btc,17.073718691589168,0.0,0.00000269999999999999998369902033668044083469794713892042636871337890625,btc,111210.72407238,0.01255734,0.1221635999999905,148
1,[],4,[],2019-01-26 07:49:39,113516.4976487,0.00000037,0.000000000013440657,6505780,2019-01-26 07:49:39,btc,0.6903655380733367,0.0,0.00000037,btc,513873.1719915,0.0,0.0318037643534905,152
0,[],22,[],2019-01-26 07:49:41,0.0,0,0,6505781,2019-01-26 07:49:41,,0.0,0.0,0,,0.0,0.0,0.0,152
1,[],5,[],2019-01-26 07:49:43,0.0,0,0,6505782,2019-01-26 07:49:43,btc,4.34000855,1.928e-05,0,btc,0.00161275,0.0,0.0,153
,[],16,[],2019-01-11 15:38:59,0.0,0,0,6366141,2019-01-11 15:38:59,btc,0.0,0.0,,btc,0.0,0.0,0.0,155
0,[],22,[],2019-01-26 07:49:45,0.0,0,0,6505783,2019-01-26 07:49:45,,6.79078781,0.0,0,,4337721.742592593,0.0,0.0,156
0,[],23,[],2019-01-20 23:24:29,0.0,0,0,6476932,2019-01-20 23:24:29,,0.0,0.0,0,,0.0,0.0,0.0,156
1,[],22,[],2019-01-26 07:49:48,7906.0,0.00000801,0.000000000290972061,6505784,2019-01-26 07:49:48,BTC,43.78612537,0.0,0.00000801,BTC,1033.584498154164,0.0293087,0.00743836,157
0,[],22,[],2019-01-26 07:44:14,0.0,0,0,6505608,2019-01-26 07:44:14,,50175.67300261,0.0,0,,53770788.04179466,0.0,0.0,158
,[],17,[],2018-11-20 22:56:10,0.0,0,0,4861976,2018-11-20 22:56:10,btc,1.1265625,0.0,,btc,1000.0,0.0,0.0,159
,[],20,[],2018-11-20 22:56:12,0.0,0,0,4861977,2018-11-20 22:56:12,btc,11912.7940471,0.0,,btc,34413894.3617,0.0,0.0,159
1,[],12,[],2019-01-26 07:49:49,185693.19068965,0.000009929999999999999794170722766661896230289130471646785736083984375,0.000000000360718173,6505785,2019-01-26 07:49:49,btc,6.650606937892027,0.0,0.000009929999999999999794170722766661896230289130471646785736083984375,btc,13918.21908934,0.0031135515,0.1032149536999625,168
1,[],17,[],2019-01-25 15:48:46,29784.95,0.000001,0.0000000000356332,6499458,2019-01-25 15:48:46,btc,0.0353989844335,0.0,0.000001,btc,196.82520268,0.0,0.00716147,168
1,[],22,[],2019-01-26 07:44:19,1433447.0,0.00000001,0.00000000000036238,6505610,2019-01-26 07:44:19,BTC,1.13388286,0.0,0.00000001,BTC,690107.5537281231,4.516e-05,0.01433447,169
1,[],22,[],2019-01-26 07:49:53,114403.6,0.0000004,0.000000000014530440000000001,6505786,2019-01-26 07:49:53,BTC,2.47077101,0.0,0.0000004,BTC,69599.56439849624,0.00817205,0.01925151,171
1,[],22,[],2019-01-26 07:49:56,74919.98245614035,0.00000019,0.000000000006901959,6505787,2019-01-26 07:49:56,BTC,2.84612777,0.0,0.00000019,BTC,242012.3394102434,0.00016391,0.00368959,173
1,[],5,[],2019-01-26 07:49:57,5.873e-05,0.00000431,0.000000000156565491,6505788,2019-01-26 07:49:57,btc,0.40694516,0.02696756,0.00000431,btc,0.0003629,0.0,0.82358511,175
1,[],22,[],2019-01-26 07:50:04,48691.0,0.00000130,0.00000000004722393,6505789,2019-01-26 07:50:04,BTC,0.61033917,0.0,0.00000130,BTC,107747.01752081183,0.02803296,0.03654268,176
1,[],7,[],2019-01-26 07:50:05,0.0,0,0,6505790,2019-01-26 07:50:05,btc,10977.435888587925,1399.0,0,btc,122070164.8834731,1.399e-05,0.0,178
0,[],22,[],2019-01-26 07:50:07,0.0,0,0,6505791,2019-01-26 07:50:07,,1.00242428,0.0,0,,57512.0,0.0,0.0,178
0,[],2,[],2019-01-20 23:28:34,0.0,0,0,6477001,2019-01-20 23:28:34,,0.0,0.0,0,,0.0,0.0,0.0,178
1,[],5,[],2019-01-26 07:50:08,6e-08,0.00000003,0.0000000000010897830000000001,6505792,2019-01-26 07:50:08,btc,16.21291458,0.09043581,0.00000003,btc,2.114e-05,0.0,2.41778552,179
1,[],22,[],2019-01-26 07:50:12,9086992.5,0.00000002,0.0000000000007265220000000001,6505793,2019-01-26 07:50:12,BTC,5.54964467,0.0,0.00000002,"BTC,LTC",17849523.318656635,0.01340245,0.39987798,179
0,[],23,[],2019-01-20 23:25:08,0.0,0,0,6476952,2019-01-20 23:25:08,,0.0,0.0,0,,0.0,0.0,0.0,179
1,[],22,[],2019-01-26 07:50:17,1011.8709677419355,0.00000031,0.000000000011261091000000001,6505794,2019-01-26 07:50:17,BTC,0.01978668,0.0,0.00000031,"BTC,LTC",15746.816254853482,1.9e-06,0.00026202,180
1,[],26,[],2019-01-26 07:50:17,0.0,0.00000020,0.0000000000072652200000000004,6505795,2019-01-26 07:50:17,btc,0.0,6017.99009998,0.00000020,btc,0.0,0.0,0.0,180
1,[],17,[],2019-01-25 15:52:29,10504.725,0.0000001,0.00000000000356339,6499572,2019-01-25 15:52:29,btc,5.207116757528441,0.0,0.0000001,btc,7944.1527587,0.0,0.0010504725,180
,[],7,[],2018-11-20 22:58:01,562227.975654,0.00000085,0.000000000036176765,4862015,2018-11-20 22:58:01,btc,21836.6059674,2491.87645172,,btc,749999.041456,0.00211021,0.127565380455,183
,[],5,[],2019-01-10 08:11:41,0.0,0,0,6347036,2019-01-10 08:11:41,btc,82.15055501,0.00261,,btc,1.19002445,0.0,0.0,187
1,[],24,[],2019-01-26 07:50:18,0.0,0.000000000001,3.63261e-17,6505796,2019-01-26 07:50:18,btc,0.0,0.0,0.000000000001,btc,0.0,0.0,0.0,187
,[],17,[],2018-11-16 20:58:10,4062536.27273,0.00000001,0.000000000000550501,4708775,2018-11-16 20:58:10,btc,3.36492563466,0.195460381006,,"btc,eth",110697919.549,0.0,0.0157628953496,187
0,[],22,[],2019-01-26 07:50:20,0.0,0,0,6505797,2019-01-26 07:50:20,,1.19413437,0.0,0,,14499.956201072173,0.0,0.0,191
0,[],22,[],2019-01-26 07:50:25,0.0,0,0,6505798,2019-01-26 07:50:25,,0.0,0.0,0,,0.0,0.0,0.0,197
0,[],23,[],2019-01-20 23:31:41,0.0,0,0,6477079,2019-01-20 23:31:41,,0.0,0.0,0,,0.0,0.0,0.0,199
1,[],26,[],2019-01-26 07:50:25,0.0,0.00000000,0,6505799,2019-01-26 07:50:25,btc,0.0,763295.0,0.00000000,btc,0.0,0.0,0.0,199
0,[],17,[],2019-01-25 15:51:02,0.0,0,0,6499537,2019-01-25 15:51:02,btc,6.802544163851783,0.0,0,btc,105897.55575295,0.0,0.0,200
0,[],2,[],2019-01-20 23:30:49,0.0,0,0,6477059,2019-01-20 23:30:49,,0.0,0.0,0,,0.0,0.0,0.0,201
1,[],4,[],2019-01-25 15:51:35,2084389.58565343,0.00000936,0.000000000333526752,6499557,2019-01-25 15:51:35,btc,2.0092503037378524,0.0,0.00000936,btc,160195.80207885,0.19272417,1.242687955921835,211
1,[],7,[],2019-01-26 07:50:28,19119020.54833055,0.000001179999999999999925426948273188276772316385176964104175567626953125,0.000000000042864798,6505800,2019-01-26 07:50:28,btc,16317791.339241792,302459.916982,0.000001179999999999999925426948273188276772316385176964104175567626953125,btc,12730661.91150935,0.0,9.019974777165519,212
1,[],5,[],2019-01-26 07:50:30,4.51e-06,0.00000030,0.00000000001089783,6505801,2019-01-26 07:50:30,btc,0.8738687,0.02703233,0.00000030,btc,2.886e-05,0.0,0.23115806,213
1,[],24,[],2019-01-26 07:50:30,0.0,0.000000050000,0.0000000000018163050000000001,6505802,2019-01-26 07:50:30,btc,0.0,0.0,0.000000050000,btc,0.0,0.0,0.0,213
1,[],26,[],2019-01-26 07:50:30,0.0,0.00000003,0.0000000000010897830000000001,6505803,2019-01-26 07:50:30,btc,0.0,0.0,0.00000003,btc,0.0,0.0,0.0,213
1,[],12,[],2019-01-25 02:44:32,207462.42853209,0.000001080000000000000035831255497387193287295303889550268650054931640625,0.000000000038610756000000006,6493050,2019-01-25 02:44:32,btc,85023.03793723314,0.0,0.000001080000000000000035831255497387193287295303889550268650054931640625,btc,43675.73520027,0.000146250909087,0.0348620860622024,213
1,[],22,[],2019-01-26 07:50:34,303952.2,0.00000005,0.0000000000018163050000000001,6505804,2019-01-26 07:50:34,BTC,70.21637514,0.0,0.00000005,BTC,198489.86129395306,0.0,0.00594161,216
1,[],27,[],2019-01-26 07:50:36,5087945.0,0.00000015,0.000000000005448915,6505805,2019-01-26 07:50:36,btc,619.87938651916,0.0,0.00000015,"btc,ltc",268416.09411,0.0,0.0535075,216
1,[],22,[],2019-01-26 07:50:39,303014.8247499803,0.00000223,0.00000000008100720300000001,6505806,2019-01-26 07:50:39,BTC,12677.79459356,0.0,0.00000223,BTC,338644.40131833754,0.02381612,0.4344229,217
1,[],7,[],2019-01-26 07:50:40,0.0,0,0,6505807,2019-01-26 07:50:40,btc,302.59303086911063,0.0,0,btc,135155897.1214003,0.0,0.0,219
0,[],27,[],2019-01-26 07:50:42,0.0,0,0,6505808,2019-01-26 07:50:42,,0.0747309448198,0.0,0,btc,1605140.29226592,0.0,0.0,219
0.0000000000000057999999999999996,[],28,[],2019-01-26 07:50:44,203816286.198,2.3200579999999998e-18,8.42786589138e-23,6505809,2019-01-26 07:50:44,doge,79804.0288717675,14338.0,0.00040001,"btc,doge",4119437.84751,0.0,1.746213195967455e-11,219
1,[],22,[],2019-01-26 07:45:20,211961.0,0.00000085,0.0000000000308023,6505635,2019-01-26 07:45:20,BTC,2.09044433,0.0,0.00000085,BTC,21440.55212317522,0.00204165,0.02774618,221
1,[],24,[],2019-01-26 07:45:21,0.0,0.000000550000,0.000000000019930900000000002,6505636,2019-01-26 07:45:21,btc,0.0,10699.71229,0.000000550000,btc,0.0,0.0071656,0.0,221
1,[],26,[],2019-01-26 07:50:44,0.0,0.00000020,0.0000000000072652200000000004,6505810,2019-01-26 07:50:44,btc,0.0,11231.0,0.00000020,btc,0.0,0.0,0.0,231
1,[],26,[],2019-01-26 07:50:45,0.0,0.00000004,0.0000000000014530440000000001,6505811,2019-01-26 07:50:45,btc,0.0,0.0,0.00000004,btc,0.0,0.0,0.0,234
0,[],27,[],2019-01-26 07:50:47,0.0,0,0,6505812,2019-01-26 07:50:47,,0.001146299618,0.0,0,"btc,eth",11462.99618,0.0,0.0,234
0,[],22,[],2019-01-25 20:35:43,0.0,0,0,6501978,2019-01-25 20:35:43,,3.07852116,0.0,0,,90316025.08996265,0.0,0.0,235
1,[],4,[],2019-01-26 07:45:27,624816.1940696,0.00000106,0.000000000038412280000000004,6505640,2019-01-26 07:45:27,btc,0.1683486915784651,0.0,0.00000106,btc,131680.27094937,0.02203438,0.145023119047237,236
1,[],24,[],2019-01-26 07:45:27,0.0,0.000000010000,0.00000000000036238,6505641,2019-01-26 07:45:27,btc,0.0,0.0,0.000000010000,btc,0.0,0.0,0.0,236
1,[],20,[],2019-01-26 07:50:49,34624681.907,0.000000068,0.0000000000024701748,6505813,2019-01-26 07:50:49,btc,14.3494062797039,10564707.7741,0.000000068,btc,25282499.3288,0.7096879353621,1.2422682118459,237
0,[],22,[],2019-01-26 07:50:51,0.0,0,0,6505814,2019-01-26 07:50:51,,0.04083605,0.0,0,,4179.0,0.0,0.0,237
1,[],4,[],2019-01-26 07:45:32,5183285.15092339,0.00000031,0.00000000001123378,6505644,2019-01-26 07:45:32,btc,0.5082877094292448,0.0,0.00000031,btc,1500198.14015298,0.20035814,1.4343271651655534,238
1,[],5,[],2019-01-26 07:45:34,3.96e-06,0.00000032,0.00000000001159616,6505645,2019-01-26 07:45:34,btc,0.67697489,0.02496641,0.00000032,btc,2.906e-05,0.0,0.18426404,238
1,[],22,[],2019-01-26 07:50:55,257457.25,0.00000004,0.0000000000014530440000000001,6505815,2019-01-26 07:50:55,BTC,15.41177932,0.0,0.00000004,BTC,248115.19643307183,0.00115631,0.00829841,249
0.000000000092924,[],22,[],2019-01-26 07:50:58,2565300.8,4.6462e-18,1.6877832582e-22,6505816,2019-01-26 07:50:58,LTC,0.43661897,0.0,0.00000005,LTC,12803035.29,5.0580949224e-13,0.05186212,252
1,[],28,[],2019-01-26 07:51:00,3107121.392,0.00000008,0.0000000000029060880000000002,6505817,2019-01-26 07:51:00,btc,164692.82775123123,18606.2,0.00000008,btc,1142592.6695,0.0,0.04603724994,256
0,[],27,[],2019-01-26 07:51:02,0.0,0,0,6505818,2019-01-26 07:51:02,,4.96668,0.0,0,"btc,eth",90.59,0.0,0.0,257
1,[],22,[],2019-01-26 07:45:49,53941.0,0.00000007,0.0000000000025366600000000002,6505650,2019-01-26 07:45:49,BTC,35605.68137805,0.0,0.00000007,BTC,715807.3310213444,0.00036497,0.00061014,258
1,[],22,[],2019-01-26 07:51:05,6321.654666666666,0.00000750,0.00000000027244575,6505819,2019-01-26 07:51:05,BTC,4.68656113,0.0,0.00000750,BTC,6062.297238095238,0.00161315,0.03134727,262
1,[],5,[],2019-01-26 07:51:08,4.943e-05,0.00000221,0.000000000080280681,6505820,2019-01-26 07:51:08,btc,34448.29970682,0.03099186,0.00000221,btc,11111.11519992,0.0,0.2553317,264
1,[],20,[],2019-01-26 07:51:10,1776480.1955,0.0000038,0.00000000013803918000000001,6505821,2019-01-26 07:51:10,btc,5.0320088798061,55943.5123,0.0000038,btc,81706.0816,0.2652551717699,0.0281095061524,264
1,[],22,[],2019-01-26 07:51:13,165743.0,0.00000003,0.0000000000010897830000000001,6505822,2019-01-26 07:51:13,BTC,6.33566388,0.0,0.00000003,BTC,223968.3801039501,0.00079509,0.00397663,271
0,[],22,[],2019-01-26 07:51:16,0.0,0,0,6505823,2019-01-26 07:51:16,,115.10659377,0.0,0,,11510659368.0,0.0,0.0,272
0.0000000000000057999999999999996,[],28,[],2019-01-26 07:51:17,375877471613.0,3.48e-21,1.26414828e-25,6505824,2019-01-26 07:51:17,doge,23237399.178245068,29848798475.388,0.0000006,doge,130484677782.9724,0.0,6.827057248241459e-10,272
