pairValue,buyBook,exchangeId,sellBook,updated,buyTotal,satoshiPrice,usdPrice,exchangeLogId,created,bestPair,sellTotalBtc,volume,pairPrice,activePairs,sellTotal,volumeBtc,buyTotalBtc,coinId
1,[],20,[],2019-03-13 11:51:26,1152.4737,0.01050023,0.000000405162924803,6920281,2019-03-13 11:51:26,btc,0.0552085068997,0.0,0.01050023,btc,2.4565,0.0,0.0959759649271,1
1,[],3,[],2019-03-13 12:39:42,30538.606987566392,0.01284760000000000068620664706031675450503826141357421875,0.00000049574006312,6920567,2019-03-13 12:39:42,btc,61.09224763606553,1.60295231693,0.01284760000000000068620664706031675450503826141357421875,btc,23.190464476240003,0.0,0.22359507232589984,1
1,[],4,[],2019-03-13 12:39:44,207762.02514073,0.01287512,0.000000496801955344,6920568,2019-03-13 12:39:44,btc,13.161783219863697,0.0,0.01287512,btc,333.38225026,0.98222186,1.2378249134360124,1
1,[],5,[],2019-03-13 12:39:47,0.0,0,0,6920569,2019-03-13 12:39:47,btc,0.0,0.19660389,0,btc,0.0,0.0,0.0,1
1,[],10,[],2019-03-13 12:39:50,413792.32225885,0.01042368,0.00000040221020121599995,6920570,2019-03-13 12:39:50,btc,6521.405543753435,1409.29357292,0.01042368,btc,1032.75094575,0.0,4.743232436491228,1
1,[],12,[],2019-03-13 12:39:53,98.5697091,0.01288000000000000082323037275955357472412288188934326171875,0.000000496990256,6920571,2019-03-13 12:39:53,btc,0.3229409386453,0.0,0.01288000000000000082323037275955357472412288188934326171875,btc,24.0769877,0.0283717697762,0.2286649902647,1
1,[],21,[],2019-03-13 12:39:55,2187.15867592,0.01290430000000000049231729804,0.00000049792790066,6920572,2019-03-13 12:39:55,btc,26.387711836937488,14251.555440499998,0.012904300000000000492317298039779416285455226898193359375,"btc,eth",3149.68883441,177.4354680645988,16.971568970152802,1
1,[],22,[],2019-03-13 12:40:22,0.0059712,0.01250000,0.0000004823275,6920573,2019-03-13 12:40:22,BTC,0.31439419,0.0,0.01250000,BTC,0.12751438772928525,0.0,7.464e-05,1
1,[],24,[],2019-03-13 12:40:23,0.0,0.000000000000,0,6920574,2019-03-13 12:40:23,btc,0.0,0.0,0.000000000000,btc,0.0,0.0,0.0,1
0.0,[],25,[],2019-03-13 12:40:24,0.0,0,0,6920575,2019-03-13 12:40:24,btc,35.94649999821354,1727.06264209,0.0,btc,2726.00830085,22.427,0.0,1
1,[],26,[],2019-03-13 12:41:46,0.0,0,0,6920576,2019-03-13 12:41:46,,0.0,0.0,0,,0.0,0.0,0.0,1
0,[],28,[],2019-03-13 12:43:47,0.0,0,0,6920577,2019-03-13 12:43:47,,0.0,18374.55,0,,0.0,0.0,0.0,1
0,[],2,[],2019-01-20 23:28:45,0.0,0,0,6477011,2019-01-20 23:28:45,,0.0,0.0,0,,0.0,0.0,0.0,1
1,[],5,[],2019-03-13 12:43:50,0.0,0,0,6920578,2019-03-13 12:43:50,btc,0.0,0.0103751,0,btc,0.0,0.0,0.0,2
0.0000000001288113,[],22,[],2019-03-13 12:44:04,1148.0,1.4169243e-16,5.467372442466e-21,6920579,2019-03-13 12:44:04,XMR,21.01373823,0.0,0.00000110,XMR,14319.12581,0.0,0.00087635,2
1,[],5,[],2019-03-13 12:44:05,0.0,0,0,6920580,2019-03-13 12:44:05,btc,0.0,0.31168579,0,btc,0.0,0.0,0.0,3
1,[],12,[],2019-03-13 12:44:07,2744941.9434276,0.000000187,0.0000000000072156194,6920581,2019-03-13 12:44:07,btc,22811.419469574583,0.0,0.000000187,btc,924317.5544,0.15306217329864352,0.3755259123113876,3
0,[],28,[],2019-03-13 12:44:08,0.0,0,0,6920582,2019-03-13 12:44:08,,0.0,0.0,0,,0.0,0.0,0.0,3
0,[],2,[],2019-01-20 23:31:32,0.0,0,0,6477077,2019-01-20 23:31:32,,0.0,0.0,0,,0.0,0.0,0.0,4
1,[],4,[],2019-03-09 19:03:36,394362.28616607,0.00000032,0.000000000012569280000000001,6889097,2019-03-09 19:03:36,btc,32.15548375957025,0.0,0.00000032,btc,707361.31512647,0.00109114,0.0476374485302292,4
1,[],12,[],2019-03-13 12:44:09,424987.0,0.00000002,0.0000000000007717240000000001,6920583,2019-03-13 12:44:09,btc,1111742.15469873,0.0,0.00000002,btc,732140.33266733,0.0002742400199801,0.0049594800000000005,5
0,[],2,[],2019-01-20 23:31:51,0.0,0,0,6477087,2019-01-20 23:31:51,,0.0,0.0,0,,0.0,0.0,0.0,6
1,[],11,[],2019-03-13 12:44:12,4497079.39882,0.00000002,0.0000000000007717240000000001,6920584,2019-03-13 12:44:12,btc,9568.097770382064,49485.0,0.00000002,btc,42770295.275313936,0.0,0.056880531334200006,6
1,[],3,[],2019-03-13 12:44:14,1087.833962084558,0.000154759999999999988719301402539940681890584528446197509765625,0.000000005971600312,6920585,2019-03-13 12:44:14,btc,29.634085403952064,0.0,0.000154759999999999988719301402539940681890584528446197509765625,btc,239.122414578101,0.0,0.03439493781756314,7
1,[],4,[],2019-03-13 12:44:15,89220.07748782,0.00023702,0.000000009145701124,6920586,2019-03-13 12:44:15,btc,10.431527781209192,0.0,0.00023702,btc,35103.32764286,4.78559643,7.5481173045357455,7
1,[],5,[],2019-03-13 12:44:17,0.0,0,0,6920587,2019-03-13 12:44:17,btc,0.0,0.12012007,0,btc,0.0,0.0,0.0,7
1,[],20,[],2019-02-20 02:16:17,39399275.8418,0.000000001,0.0000000000000390183,6728586,2019-02-20 02:16:17,btc,116.9737569154545,525.0,0.000000001,btc,56932965.8895,5.25e-07,0.0393992758418,8
0,[],2,[],2019-01-20 23:22:42,0.0,0,0,6476876,2019-01-20 23:22:42,,0.0,0.0,0,,0.0,0.0,0.0,9
0,[],23,[],2019-01-20 23:22:48,0.0,0,0,6476878,2019-01-20 23:22:48,,0.0,0.0,0,,0.0,0.0,0.0,9
1,[],4,[],2019-03-13 12:44:21,1646476.5320152,0.00000173,0.000000000066754126,6920588,2019-03-13 12:44:21,btc,5.682409296410452,0.0,0.00000173,btc,2641169.56240399,3.70883713,1.5192281569963917,9
1,[],28,[],2019-03-13 12:44:23,26353.0,0.00000159,0.000000000061352058,6920589,2019-03-13 12:44:23,btc,2708.761281370583,3683782.92,0.00000159,btc,11954.1497,0.0,0.0147295,9
1,[],1,[],2019-02-17 23:31:42,1822507.21,0.00000181000000000000003456111265232042484285557293333113193511962890625,0.000000000066086901,6701244,2019-02-17 23:31:42,btc,3.6990969245,17153386.5,0.00000181000000000000003456111265232042484285557293333113193511962890625,btc,1997391.71,31.11772986,3.2610482446,9
1,[],4,[],2019-02-17 11:22:43,4341674.27126056,0.00000002,0.0000000000007272960000000001,6696112,2019-02-17 11:22:43,btc,0.1997230937751353,0.0,0.00000002,btc,4109766.79808031,0.00215132,0.0479381022052112,10
0,[],2,[],2019-01-20 23:23:08,0.0,0,0,6476890,2019-01-20 23:23:08,,0.0,0.0,0,,0.0,0.0,0.0,12
1,[],4,[],2019-03-13 12:44:24,5633354.63104417,0.00000137,0.000000000052863094,6920590,2019-03-13 12:44:24,btc,10.381738090534485,0.0,0.00000137,btc,5157230.28368756,7.44812228,3.534351854911472,12
1,[],5,[],2019-03-13 12:44:26,0.0,0,0,6920591,2019-03-13 12:44:26,btc,0.0,0.27062376,0,btc,0.0,0.0,0.0,12
0.0,[],25,[],2019-03-13 12:44:28,0.0,0,0,6920592,2019-03-13 12:44:28,,0.0,0.0,0.0,btc,0.0,0.0,0.0,12
1,[],10,[],2019-03-13 12:32:05,434697.53511981,0.000007,0.0000000002694818,6920493,2019-03-13 12:32:05,btc,666802.243299457,20497.475477,0.000007,btc,705091.45975522,0.0,0.2505607303180667,13
1,[],4,[],2019-03-13 12:44:29,32095597.38887481,0.00000731,0.000000000282065122,6920593,2019-03-13 12:44:29,btc,3.290805513700037,0.0,0.00000731,btc,315363.96719589,2.95793175,1.857723306131649,13
1,[],21,[],2019-03-13 12:44:32,1719481.58262076,0.000007300000000000000410815045176,0.00000000028167926,6920594,2019-03-13 12:44:32,btc,8.026477588742912,3492331.58594299,0.0000073000000000000004108150451764824850897639407776296138763427734375,btc,993684.3463378,24.18202663,11.55578624373014,13
1,[],4,[],2019-03-13 12:44:33,865460.99399408,0.00000093,0.000000000035885166,6920595,2019-03-13 12:44:33,btc,5.889005544787314,0.0,0.00000093,btc,927644.89773993,0.15973207,0.1952528144229294,14
1,[],12,[],2019-03-13 12:44:35,270405.0,0.00000101999999999999997501889774376149233603428001515567302703857421875,0.000000000039357924,6920596,2019-03-13 12:44:35,btc,0.0566781582080484,0.0,0.00000101999999999999997501889774376149233603428001515567302703857421875,btc,9803.22317164,0.0013976545283194,0.01844981,14
0,[],17,[],2019-03-13 12:44:36,0.0,0,0,6920597,2019-03-13 12:44:36,btc,0.0,0.0,0,btc,0.0,0.0,0.0,14
1,[],26,[],2019-03-13 12:44:36,0.0,0,0,6920598,2019-03-13 12:44:36,,0.0,0.0,0,,0.0,0.0,0.0,14
0,[],4,[],2019-03-13 12:44:37,0.0,0,0,6920599,2019-03-13 12:44:37,,0.0,0.0,0,,0.0,0.0,0.0,15
,[],12,[],2018-12-01 15:15:48,204241.84496,0.00000489,0.000000000202473384,5260204,2018-12-01 15:15:48,btc,49.5475654835,0.0,,btc,35763.2193806,0.0163153972027625,0.0203389899998,15
0,[],2,[],2019-01-20 23:23:38,0.0,0,0,6476906,2019-01-20 23:23:38,,0.0,0.0,0,,0.0,0.0,0.0,18
1,[],4,[],2019-03-13 12:44:39,49072.50522128,0.00001561,0.000000000602330582,6920600,2019-03-13 12:44:39,btc,4.184959533407373,0.0,0.00001561,btc,18416.34840072,0.0805112,0.0465610664488638,18
1,[],10,[],2019-03-13 12:44:41,781637.79683399,0.00001688,0.000000000651335056,6920601,2019-03-13 12:44:41,btc,15.40712570292414,1259.47370261,0.00001688,btc,13302.36440746,0.0,0.1113681899481926,18
1,[],12,[],2019-03-13 12:44:43,313795.04820755,0.00001635000000000000100713708206523477883820305578410625457763671875,0.00000000063088437,6920602,2019-03-13 12:44:43,btc,33214.73081871882,0.0,0.00001635000000000000100713708206523477883820305578410625457763671875,btc,1036.98295997,0.0114166290005172,0.027664669837605,18
0,[],17,[],2019-03-13 12:44:45,0.0,0,0,6920603,2019-03-13 12:44:45,btc,0.0,0.0,0,btc,0.0,0.0,0.0,18
0,[],2,[],2019-01-20 23:24:19,0.0,0,0,6476924,2019-01-20 23:24:19,,0.0,0.0,0,,0.0,0.0,0.0,19
1,[],3,[],2019-03-13 12:44:46,120825.68933041462,0.0000174999999999999984669381281054967303134617395699024200439453125,0.0000000006752584999999999,6920604,2019-03-13 12:44:46,btc,0.641074700563674,256.5,0.0000174999999999999984669381281054967303134617395699024200439453125,btc,14655.982436769738,0.0,0.05444522177129822,19
1,[],4,[],2019-03-13 12:44:47,220525.83539929,0.00001975,0.00000000076207745,6920605,2019-03-13 12:44:47,btc,2.594618048190837,0.0,0.00001975,btc,92357.53441341,0.44061031,2.229468605839378,19
1,[],5,[],2019-03-13 12:44:49,0.0,0,0,6920606,2019-03-13 12:44:49,btc,0.0,0.00021515,0,btc,0.0,0.0,0.0,19
1,[],12,[],2019-03-13 12:44:51,192260.77159323,0.000016779999999999998584222782316288657966651953756809234619140625,0.0000000006474764359999999,6920607,2019-03-13 12:44:51,btc,0.8015753846975243,0.0,0.000016779999999999998584222782316288657966651953756809234619140625,btc,406.2143714,0.004778839336399,0.0404628999998735,19
0,[],27,[],2019-03-13 12:44:53,0.0,0,0,6920608,2019-03-13 12:44:53,,0.0,0.0,0,btc,0.0,0.0,0.0,19
1,[],4,[],2019-03-13 12:44:54,2778835.60194824,0.00000012,0.000000000004630344,6920609,2019-03-13 12:44:54,btc,7.382907576317832,0.0,0.00000012,btc,2875865.97746042,0.00300997,0.0776589389049041,20
1,[],4,[],2019-03-13 12:44:55,102903446.2663036,0.00000002,0.000000000000771724,6920610,2019-03-13 12:44:55,btc,39103.55115659408,0.0,0.00000002,btc,53710825.31990362,0.01495489,1.1438093684467123,21
1,[],12,[],2019-03-13 12:44:57,1424336.0,0.00000001,0.00000000000038586200000000003,6920611,2019-03-13 12:44:57,btc,1247.5321033693406,0.0,0.00000001,btc,2589644.96703296,1.013986014e-05,0.01424336,21
0,[],17,[],2019-03-13 12:44:59,0.0,0,0,6920612,2019-03-13 12:44:59,btc,0.0,0.0,0,btc,0.0,0.0,0.0,21
1,[],12,[],2019-03-13 12:45:00,2506577053.0,0.0000000001,0.00000000000000385862,6920613,2019-03-13 12:45:00,btc,1933717.3732951328,0.0,0.0000000001,btc,1754741452.3020868,0.002218710888511488,0.25065770530000003,23
0,[],27,[],2019-03-13 12:45:03,0.0,0,0,6920614,2019-03-13 12:45:03,,13.836146978083411,0.0,0,eth,5931606.84014486,0.0,0.0,23
1,[],4,[],2019-03-13 12:45:05,630259.77857971,0.00000045,0.00000000001736379,6920615,2019-03-13 12:45:05,btc,9.472679751513112,0.0,0.00000045,btc,1611311.60764315,0.01238031,0.1519705602489483,24
1,[],22,[],2019-03-13 12:45:25,11.76,0.00000100,0.0000000000385862,6920616,2019-03-13 12:45:25,BTC,7.415e-05,0.0,0.00000100,BTC,23.919354838709676,0.0,1.176e-05,24
0.0,[],25,[],2019-03-13 12:45:26,0.0,0,0,6920617,2019-03-13 12:45:26,,0.0,0.0,0.0,btc,0.0,0.0,0.0,24
1,[],4,[],2019-03-13 12:45:28,23513086.37258018,0.00000623,0.000000000240392026,6920618,2019-03-13 12:45:28,btc,58.40206915005981,0.0,0.00000623,btc,239715.14080131,0.15058901,0.6059914391714522,26
1,[],10,[],2019-03-13 12:45:31,601679.75447285,0.00000617,0.000000000238076854,6920619,2019-03-13 12:45:31,btc,26.08235327912798,3753.24614637,0.00000617,btc,14862.55890951,0.0,0.1781076363018895,26
0,[],2,[],2019-01-20 23:25:56,0.0,0,0,6476976,2019-01-20 23:25:56,,0.0,0.0,0,,0.0,0.0,0.0,26
1,[],3,[],2019-03-13 12:45:32,8366107.84709747,0.00000001,0.00000000000038586200000000003,6920620,2019-03-13 12:45:32,btc,2.0359818380103283,49333.7479166,0.00000001,btc,14605127.02521149,0.0,0.0836610784709747,27
1,[],5,[],2019-03-13 12:45:33,0.0,0,0,6920621,2019-03-13 12:45:33,btc,0.0,0.00031124,0,btc,0.0,0.0,0.0,27
1,[],11,[],2019-03-13 12:45:35,8483578.24590115,0.00000006,0.0000000000023151719999999997,6920622,2019-03-13 12:45:35,btc,67506.1992155516,5956.66666667,0.00000006,btc,7966196.08369704,0.0,0.4686349049180229,27
1,[],4,[],2019-03-13 12:45:36,2095486810.9922209,0.00000001,0.000000000000385862,6920623,2019-03-13 12:45:36,btc,5.424819146976968,0.0,0.00000001,"btc,ltc",372471409.5647603,0.0043855,9.55252737896162,29
1,[],7,[],2019-03-13 12:45:37,35606551.76455675,0.00000001,0.00000000000038586200000000003,6920624,2019-03-13 12:45:37,btc,44461617.373062775,18477.5674326,0.00000001,btc,52012834.48815731,0.00036955,0.3560655176455675,29
1,[],4,[],2019-03-13 12:45:39,1757126.82226751,0.00000018,0.000000000006945516,6920625,2019-03-13 12:45:39,btc,2.6954477178045613,0.0,0.00000018,btc,2151576.07095335,0.05373821,0.0997788131396052,30
0,[],17,[],2019-03-13 12:45:50,0.0,0,0,6920626,2019-03-13 12:45:50,btc,0.0,0.0,0,btc,0.0,0.0,0.0,30
1,[],4,[],2019-03-13 12:45:52,186944.12613281,0.00005450,0.0000000021029479,6920627,2019-03-13 12:45:52,btc,10.050895018281585,0.0,0.00005450,btc,127682.5708385,0.41033065,2.068990191555783,31
1,[],21,[],2019-03-13 12:45:53,45877.19757316,0.00005403999999999999759693961043,0.0000000020851982479999998,6920628,2019-03-13 12:45:53,btc,4.8956906918486025,156613.5595671,0.0000540399999999999975969396104336084363239933736622333526611328125,btc,76756.75742764,8.79129818,2.3031718257533975,31
0,[],2,[],2019-01-20 23:28:43,0.0,0,0,6477009,2019-01-20 23:28:43,,0.0,0.0,0,,0.0,0.0,0.0,32
1,[],4,[],2019-03-13 12:45:54,472061615.31058127,0.00000003,0.000000000001157586,6920629,2019-03-13 12:45:54,btc,9.196026942850896,0.0,0.00000003,"btc,ltc",181372536.12638694,2.529002,8.723665836922452,33
1,[],12,[],2019-03-13 12:45:55,26423924.964,0.00000004,0.0000000000015434480000000001,6920630,2019-03-13 12:45:55,btc,2918329.5604620306,0.0,0.00000004,btc,18479853.60839155,0.0016739210389615,0.62176551892,33
1,[],4,[],2019-03-13 12:45:57,97847583.57641807,0.00000001,0.000000000000385862,6920631,2019-03-13 12:45:57,btc,3.4065439808602553,0.0,0.00000001,btc,98941730.91273047,0.00318468,0.9784758357641807,34
1,[],5,[],2019-03-13 12:45:59,0.0,0,0,6920632,2019-03-13 12:45:59,btc,0.0,4.85e-06,0,btc,0.0,0.0,0.0,34
0.0000000001430471,[],4,[],2019-03-13 12:46:01,3807270722.2670126,1.4304710000000001e-18,5.519644010020001e-23,6920633,2019-03-13 12:46:01,ltc,4.495846246111172e-08,0.0,0.00000001,ltc,6090605728.90037,0.0,5.446190357352016e-09,36
1,[],5,[],2019-03-13 12:46:03,0.0,0,0,6920634,2019-03-13 12:46:03,btc,0.0,0.0,0,btc,0.0,0.0,0.0,36
0,[],17,[],2019-03-13 12:46:05,0.0,0,0,6920635,2019-03-13 12:46:05,btc,0.07464582802057074,0.0,0,btc,4105386.20243647,0.0,0.0,36
0.0000000003408327,[],27,[],2019-03-13 12:46:08,1088163.16325,3.408327e-18,1.315143872874e-22,6920636,2019-03-13 12:46:08,eth,222.5593908357632,0.0,0.00000001,"ltc,eth",11165406.63658689,0.0,1.6856509517103829e-12,36
1,[],4,[],2019-03-13 12:46:09,223420.06165284,0.00000058,0.000000000022379996,6920637,2019-03-13 12:46:09,btc,19772.480285405996,0.0,0.00000058,btc,560106.95519195,0.00877368,0.0935709363282298,37
1,[],12,[],2019-03-13 12:46:11,485706.19218084,0.0000006,0.00000000002315172,6920638,2019-03-13 12:46:11,btc,26.292531769026997,0.0,0.0000006,btc,429604.69483447,0.0488916198005284,0.14877533707481738,37
1,[],17,[],2019-03-13 12:46:12,1752.74075282,0.00000025,0.000000000009646549999999999,6920639,2019-03-13 12:46:12,btc,0.0554849239838782,0.0,0.00000025,btc,1387.19918473,0.0,0.00043818518820499993,37
1,[],27,[],2019-03-13 12:46:14,14685.567,0.00000045,0.00000000001736379,6920640,2019-03-13 12:46:14,btc,24.25536383611233,0.0,0.00000045,btc,6518.38138508,0.0,0.00480032515,37
1,[],5,[],2019-03-13 12:46:15,0.0,0,0,6920641,2019-03-13 12:46:15,btc,0.0,0.10375353,0,btc,0.0,0.0,0.0,42
1,[],12,[],2019-03-13 12:46:16,255882.70891917,0.0000011400000000000000966436132510128942385563277639448642730712890625,0.000000000043988268,6920642,2019-03-13 12:46:16,btc,5.571813782236372,0.0,0.0000011400000000000000966436132510128942385563277639448642730712890625,btc,28251.77253306,0.0329990042699633,0.020243805416975,42
0.0000000003408327,[],27,[],2019-03-13 12:46:19,2000.0,3.408327e-18,1.315143872874e-22,6920643,2019-03-13 12:46:19,eth,0.00315028,0.0,0.00000001,"btc,eth",11.007,0.0,6.816654e-15,42
0,[],17,[],2019-03-13 11:29:27,0.0,0,0,6920222,2019-03-13 11:29:27,btc,0.0,0.0,0,btc,0.0,0.0,0.0,43
1,[],5,[],2019-03-13 12:46:20,0.0,0,0,6920644,2019-03-13 12:46:20,btc,0.0,0.0,0,btc,0.0,0.0,0.0,43
1,[],12,[],2019-03-13 09:13:29,1112112.0,0.00000001,0.000000000000386531,6919902,2019-03-13 09:13:29,btc,29058.00478931866,0.0,0.00000001,btc,5967681.93306694,9.99000999e-07,0.01112112,43
1,[],12,[],2019-03-05 01:54:08,639326.02,0.00000004,0.000000000001486676,6845775,2019-03-05 01:54:08,btc,11116042.728239931,0.0,0.00000004,btc,1103841.4595604,0.0003330765234764,0.014975410599999999,44
1,[],4,[],2019-03-13 12:46:32,299005325.1851223,0.00000003,0.000000000001157586,6920645,2019-03-13 12:46:32,btc,956.631593963511,0.0,0.00000003,"btc,ltc",16832400.18729196,0.00294703,0.27929750069255443,49
0.0000000001430471,[],4,[],2019-03-13 12:46:33,677215724.1730587,1.4304710000000001e-18,5.519644010020001e-23,6920646,2019-03-13 12:46:33,ltc,25.86629961317612,0.0,0.00000001,ltc,10112619093.45465,0.0,9.687374541735596e-10,52
0.0000000001288113,[],22,[],2019-03-13 12:46:59,80645562.0,1.288113e-18,4.97033858406e-23,6920647,2019-03-13 12:46:59,XMR,4368.73577283,0.0,0.00000001,XMR,281327473.5359664,0.0,0.80645562,57
0.0000000003408327,[],27,[],2019-03-13 12:47:03,2000.0,3.408327e-18,1.315143872874e-22,6920648,2019-03-13 12:47:03,eth,0.0,0.0,0.00000001,"btc,eth",0.0,0.0,6.816654e-15,57
0,[],17,[],2019-03-13 12:34:43,0.0,0,0,6920540,2019-03-13 12:34:43,btc,1e+24,0.0,0,btc,49306342.21952568,0.0,0.0,58
0.0000000001430471,[],4,[],2019-03-13 12:47:04,406282403.02995366,2.8609420000000002e-18,1.1039288020040001e-22,6920649,2019-03-13 12:47:04,ltc,18.657416442856228,0.0,0.00000002,ltc,4760072395.523396,0.0,6.36885298715843e-10,58
1,[],12,[],2019-03-13 12:47:05,1284097176.0,0.0000000003,0.00000000000001157586,6920650,2019-03-13 12:47:05,btc,4023100.293750916,0.0,0.0000000003,btc,1591985110.8011987,0.030771702148051958,0.3066440369,58
0.0000000001288113,[],22,[],2019-03-13 12:47:24,137438.0,1.288113e-18,4.97033858406e-23,6920651,2019-03-13 12:47:24,XMR,69.8835922,0.0,0.00000001,XMR,9887963.0,0.0,0.00137438,58
1,[],5,[],2019-03-13 12:47:26,0.0,0,0,6920652,2019-03-13 12:47:26,btc,0.0,0.0017949,0,btc,0.0,0.0,0.0,61
1,[],22,[],2019-03-13 12:47:41,13757.0,0.00000012,0.000000000004630344,6920653,2019-03-13 12:47:41,BTC,1002.2960049,0.0,0.00000012,BTC,14976.68361146909,0.0,0.00154987,61
1,[],26,[],2019-03-13 12:47:41,0.0,0,0,6920654,2019-03-13 12:47:41,,0.0,0.0,0,,0.0,0.0,0.0,61
1,[],27,[],2019-03-13 12:47:44,4411.22008,0.00000047,0.000000000018135514,6920655,2019-03-13 12:47:44,btc,2.8990263703141324,0.0,0.00000047,"btc,eth",19485.01257617,0.0,0.0012437599594668062,61
1,[],28,[],2019-03-13 12:47:45,13880.304,0.0000005,0.0000000000192931,6920656,2019-03-13 12:47:45,btc,2.056312978300105,724.0,0.0000005,btc,9730.59500005,0.0,0.00566391304,61
1,[],4,[],2019-03-13 12:47:48,1567783.32319504,0.00000206,0.000000000079487572,6920657,2019-03-13 12:47:48,btc,9.64753510840347,0.0,0.00000206,btc,832240.77138083,0.07843862,1.55146656966289,67
0.0,[],25,[],2019-03-13 12:47:49,0.0,0,0,6920658,2019-03-13 12:47:49,,0.0,0.0,0.0,btc,0.0,0.0,0.0,67
1,[],12,[],2019-03-13 12:47:50,2580184.45302929,0.00000011,0.0000000000042444820000000005,6920659,2019-03-13 12:47:50,btc,1111115.0048749335,0.0,0.00000011,btc,935874.1501363,0.0030702260946851,0.0986003141918179,71
,[],5,[],2018-11-20 23:02:39,1.5e-07,0.00000005,0.000000000002128045,4862160,2018-11-20 23:02:39,btc,2.84511358,0.0,,btc,0.00036572,0.0,0.07381892,74
1,[],5,[],2019-03-13 12:47:53,0.0,0,0,6920660,2019-03-13 12:47:53,btc,0.0,0.0,0,btc,0.0,0.0,0.0,75
0,[],20,[],2019-01-25 09:30:31,0.0,0,0,6495923,2019-01-25 09:30:31,btc,0.0,0.0,0,btc,0.0,0.0,0.0,81
1,[],4,[],2019-03-13 12:47:55,13022177.09824166,0.00000001,0.000000000000385862,6920661,2019-03-13 12:47:55,btc,11370.021433532545,0.0,0.00000001,btc,39917749.40832191,0.00201987,0.1302217709824166,81
1,[],4,[],2019-03-13 12:47:58,24789.06927151,0.00007500,0.000000002893965,6920662,2019-03-13 12:47:58,btc,18.142194275014525,0.0,0.00007500,btc,12600.52419026,0.02062751,0.1578412779422084,82
1,[],21,[],2019-03-13 12:47:59,958499.79708719,0.00007336000000000000235544223015,0.000000002830683632,6920663,2019-03-13 12:47:59,btc,3.730396118368189,4894.63899108,0.000073360000000000002355442230150828208934399299323558807373046875,btc,44827.03663826,0.36130335,6.326354826824527,82
0,[],17,[],2019-03-12 22:53:24,0.0,0,0,6916626,2019-03-12 22:53:24,btc,0.0447233088476774,0.0,0,btc,999127.19588126,0.0,0.0,84
0.0000000001430471,[],4,[],2019-03-13 12:48:00,174410523.80746466,4.291413e-18,1.655893203006e-22,6920664,2019-03-13 12:48:00,ltc,1.67828795789666,0.0,0.00000003,ltc,388940208.63271725,0.0,3.8132974625206474e-10,85
,[],22,[],2018-11-20 23:09:34,3408.1,0.0000001,0.0000000000041895,4862324,2018-11-20 23:09:34,BTC,0.04624735,0.0,,BTC,4990.0,0.0,0.00033081,86
1,[],22,[],2019-03-13 12:48:12,110870.0,0.00000005,0.00000000000192931,6920665,2019-03-13 12:48:12,BTC,2.07858175,0.0,0.00000005,BTC,170145.94736842104,0.0,0.0017035,87
1,[],27,[],2019-03-13 12:48:15,55.0,0.00000001,0.000000000000385862,6920666,2019-03-13 12:48:15,btc,14.54922496642528,0.0,0.00000001,btc,13342.9236248,0.0,5.5e-07,87
,[],2,[],2018-11-20 23:10:47,0.0,0,0,4862359,2018-11-20 23:10:47,,0.0,0.0,,,0.0,0.0,0.0,88
1,[],11,[],2019-03-13 12:48:17,92708.85571041,0.0001470099999999999900758551607538038297207094728946685791015625,0.000000005672557261999999,6920667,2019-03-13 12:48:17,btc,611.7983102510161,529.84948454,0.0001470099999999999900758551607538038297207094728946685791015625,btc,99569.73224828,0.0,6.228472158222489,89
0,[],2,[],2019-01-20 23:31:45,0.0,0,0,6477083,2019-01-20 23:31:45,,0.0,0.0,0,,0.0,0.0,0.0,91
0,[],17,[],2019-03-13 11:31:32,0.0,0,0,6920247,2019-03-13 11:31:32,btc,0.0,0.0,0,btc,0.0,0.0,0.0,91
1,[],12,[],2019-03-13 12:48:18,267970.5907394,0.000001,0.000000000038586199999999996,6920668,2019-03-13 12:48:18,btc,60.9973888744642,0.0,0.000001,btc,114634.68047144,0.0049565565438633,0.049426392399328,91
1,[],22,[],2019-03-13 12:48:39,65900.0,0.00000001,0.000000000000385862,6920669,2019-03-13 12:48:39,BTC,3e-06,0.0,0.00000001,BTC,1.0,0.0,0.000659,91
0.0000000001430471,[],22,[],2019-03-13 12:48:54,52834053.0,1.4304710000000001e-18,5.519644010020001e-23,6920670,2019-03-13 12:48:54,LTC,3.31498785,0.0,0.00000001,LTC,37200566.889473684,1.1337579846257e-11,0.52834053,95
0,[],17,[],2019-03-13 12:03:27,0.0,0,0,6920384,2019-03-13 12:03:27,btc,0.0,0.0,0,btc,0.0,0.0,0.0,96
0.0000000001430471,[],4,[],2019-03-13 12:48:55,633633931.1926622,7.438449200000001e-17,2.8702148852104e-21,6920671,2019-03-13 12:48:55,ltc,11.884610526877216,0.0,0.00000052,ltc,135853875.31549752,0.0,1.554288283454641e-09,96
0,[],12,[],2019-03-13 12:48:55,0.0,0,0,6920672,2019-03-13 12:48:55,btc,10.189827933386614,0.0,0,btc,3076105.33866133,6.02097902098e-05,0.0,96
1,[],4,[],2019-03-12 10:13:14,2544101.88493427,0.00000025,0.0000000000097174,6911574,2019-03-12 10:13:14,btc,2.5031007307816195,0.0,0.00000025,btc,2555984.39269018,0.04718357,0.3381776086135513,99
0,[],2,[],2019-01-20 23:23:55,0.0,0,0,6476914,2019-01-20 23:23:55,,0.0,0.0,0,,0.0,0.0,0.0,100
1,[],4,[],2019-03-13 12:49:07,300554.42001066,0.00003512,0.000000001355147344,6920673,2019-03-13 12:49:07,btc,12.444324318327487,0.0,0.00003512,btc,193372.79834584,2.83477641,2.0077881324987024,100
1,[],22,[],2019-03-13 12:49:28,50000.0,0.00000001,0.000000000000385862,6920674,2019-03-13 12:49:28,BTC,23.49896609,0.0,0.00000001,BTC,10277.22,0.0,0.0005,101
1,[],4,[],2019-03-13 12:49:29,450941.47847742,0.00000080,0.00000000003086896,6920675,2019-03-13 12:49:29,btc,308.0861238850971,0.0,0.00000080,btc,510264.37914956,0.00437445,0.2236063134344005,103
1,[],12,[],2019-03-13 12:49:33,31660484.93780044,0.000000008,0.00000000000030868960000000004,6920676,2019-03-13 12:49:33,btc,3219150.2607555427,0.0,0.000000008,btc,76901992.6703725,0.00561592755376896,0.05290535750240352,105
0,[],27,[],2019-03-13 12:49:35,0.0,0,0,6920677,2019-03-13 12:49:35,,36.60963340207041,223920.39,0,btc,1428552.54761724,0.0022392,0.0,105
1,[],22,[],2019-03-13 12:49:54,9328.0,0.00000001,0.000000000000385862,6920678,2019-03-13 12:49:54,BTC,51.10837004,0.0,0.00000001,BTC,470435.0,0.0,9.328e-05,107
1,[],26,[],2019-03-13 12:49:54,0.0,0,0,6920679,2019-03-13 12:49:54,,0.0,0.0,0,,0.0,0.0,0.0,107
1,[],5,[],2019-03-13 12:49:57,0.0,0,0,6920680,2019-03-13 12:49:57,btc,0.0,0.05083131,0,btc,0.0,0.0,0.0,112
1,[],22,[],2019-03-13 12:50:11,47455.0,0.00000002,0.000000000000771724,6920681,2019-03-13 12:50:11,BTC,2.7975128,0.0,0.00000002,BTC,826524.0833333334,0.0,0.00092944,112
0.0000000003408327,[],27,[],2019-03-13 12:50:14,2000.0,3.408327e-18,1.315143872874e-22,6920682,2019-03-13 12:50:14,eth,1.24996908,0.0,0.00000001,"btc,eth",1289.0,0.0,6.816654e-15,112
1,[],4,[],2019-03-13 12:50:15,1319614.40084278,0.00000187,0.000000000072156194,6920683,2019-03-13 12:50:15,btc,5.019503168755891,0.0,0.00000187,btc,384001.70767735,0.04473276,1.0331305072808874,113
1,[],5,[],2019-03-13 12:50:16,0.0,0,0,6920684,2019-03-13 12:50:16,btc,0.0,0.0,0,btc,0.0,0.0,0.0,113
1,[],17,[],2019-03-13 12:50:18,152738.278,0.00000004,0.0000000000015434480000000001,6920685,2019-03-13 12:50:18,btc,1.3368030274698182,0.0,0.00000004,btc,51896.221,0.0,0.0022095311199999998,116
0,[],27,[],2019-03-13 12:50:20,0.0,0,0,6920686,2019-03-13 12:50:20,,0.0,0.0,0,btc,0.0,0.0,0.0,116
1,[],4,[],2019-03-13 12:50:21,95241.34992337,0.00003621,0.000000001397206302,6920687,2019-03-13 12:50:21,btc,84.49164843657088,0.0,0.00003621,btc,30787.78352417,3.27591154,1.9467174241534857,120
1,[],7,[],2019-03-13 12:50:22,20844.86454856,0.000037559999999999999528536853699023367880727164447307586669921875,0.000000001449297672,6920688,2019-03-13 12:50:22,btc,115648.05025898345,340.92886103,0.000037559999999999999528536853699023367880727164447307586669921875,btc,20712.89852236,0.01349065,0.0537282898747769,120
1,[],20,[],2019-03-13 12:50:26,1619712.3745,0.000000034,0.0000000000013119308,6920689,2019-03-13 12:50:26,btc,33.5719235046648,130650.0938,0.000000034,btc,1028083.5986,0.0044421031892,0.0137566979756,125
1,[],22,[],2019-03-13 12:50:37,3053.0,0.00000001,0.000000000000385862,6920690,2019-03-13 12:50:37,BTC,0.01444887,0.0,0.00000001,BTC,296263.5111111111,0.0,3.053e-05,126
0,[],2,[],2019-01-20 23:25:46,0.0,0,0,6476969,2019-01-20 23:25:46,,0.0,0.0,0,,0.0,0.0,0.0,131
0,[],17,[],2019-03-13 12:08:38,0.0,0,0,6920402,2019-03-13 12:08:38,btc,0.0009561751951600001,0.0,0,btc,35.42829368,0.0,0.0,131
1,[],4,[],2019-03-13 12:50:38,139446.47163525,0.00001189,0.000000000458789918,6920691,2019-03-13 12:50:38,btc,3.565166133737969,0.0,0.00001189,btc,120692.03505195,0.14712979,0.552485237483954,131
1,[],4,[],2019-03-13 12:50:50,4614.71651001,0.00017010,0.00000000656351262,6920692,2019-03-13 12:50:50,btc,1.608919825127998,0.0,0.00017010,btc,203.58765242,0.0041121,0.0182704797266467,135
1,[],3,[],2019-03-07 00:20:44,877702.73244099,0.00000004,0.00000000000154846,6863392,2019-03-07 00:20:44,btc,0.119366241821405,0.0,0.00000004,btc,760637.99421222,0.0,0.023771231960604298,136
1,[],4,[],2019-03-13 12:50:52,283464.92566779,0.00000144,0.000000000055564128,6920693,2019-03-13 12:50:52,btc,38.619036521824086,0.0,0.00000144,btc,538354.20354738,0.02109041,0.0214197416267557,137
1,[],12,[],2019-03-13 12:50:53,175722.07960198,0.000001349999999999999991849510168340220417348973569460213184356689453125,0.00000000005209137,6920694,2019-03-13 12:50:53,btc,5.047225955320736,0.0,0.000001349999999999999991849510168340220417348973569460213184356689453125,btc,4645.92629283,0.0036264916265225,0.0068512425373001,137
1,[],17,[],2019-03-13 12:08:46,22967.386363640002,0.00000088,0.000000000033955768000000005,6920408,2019-03-13 12:08:46,btc,20.0699133484,0.0,0.00000088,btc,405.079105,0.0,0.0104613000000032,142
1,[],4,[],2019-03-13 12:50:54,11700.40838862,0.00003647,0.000000001407238714,6920695,2019-03-13 12:50:54,btc,28.374270277268256,0.0,0.00003647,btc,46321.48812252,0.12649598,0.2260783933731769,142
1,[],5,[],2019-03-13 12:50:57,0.0,0,0,6920696,2019-03-13 12:50:57,btc,0.0,0.04021917,0,btc,0.0,0.0,0.0,142
1,[],20,[],2019-03-13 12:51:11,153078.0141,0.00003,0.0000000011575859999999999,6920697,2019-03-13 12:51:11,btc,0.3367868013272,8.9601,0.00003,btc,2264.2765,0.0002956833,0.3090254434931,142
1,[],22,[],2019-03-13 12:51:30,1470.2803921568627,0.00001020,0.00000000039357924,6920698,2019-03-13 12:51:30,BTC,3.0054103,0.0,0.00001020,BTC,910.5995,2.474e-05,0.00121106,142
0.0,[],25,[],2019-03-13 12:51:31,0.0,0,0,6920699,2019-03-13 12:51:31,,0.0,0.0,0.0,btc,0.0,0.0,0.0,142
1,[],28,[],2019-03-13 12:51:39,76600.0,0.00002270,0.00000000087590674,6920700,2019-03-13 12:51:39,btc,0.067100461059305,1492.0,0.00002270,btc,552.61077999,0.0,0.0154572,142
0,[],22,[],2019-03-13 12:52:00,0.0,0,0,6920701,2019-03-13 12:52:00,,65.83990167,0.0,0,,1043231670.8,0.0,0.0,143
0,[],22,[],2019-02-25 15:42:22,0.0,0,0,6783783,2019-02-25 15:42:22,,4.2131946,0.0,0,,2322156.0,0.0,0.0,146
,[],22,[],2018-11-20 23:01:11,0.0,0,0,4862114,2018-11-20 23:01:11,,2.56807021,0.0,,,61828.4988236,0.0,0.0,147
1,[],12,[],2019-03-13 12:52:01,343552.82895203,0.000001659999999999999988409336675043714848243325832299888134002685546875,0.000000000064053092,6920702,2019-03-13 12:52:01,btc,7.932723664692206,0.0,0.000001659999999999999988409336675043714848243325832299888134002685546875,btc,101645.33942272,0.00051715,0.07654645999984659,148
0,[],22,[],2019-03-13 12:53:35,0.0,0,0,6920704,2019-03-13 12:53:35,,0.0,0.0,0,,0.0,0.0,0.0,152
1,[],4,[],2019-03-13 12:52:02,245652.31511897,0.00000029,0.000000000011189998,6920703,2019-03-13 12:52:02,btc,219.99427644231156,0.0,0.00000029,btc,832875.78510436,0.00118436,0.0580478698241691,152
1,[],5,[],2019-03-13 12:53:36,0.0,0,0,6920705,2019-03-13 12:53:36,btc,0.0,0.0,0,btc,0.0,0.0,0.0,153
,[],16,[],2019-01-11 15:38:59,0.0,0,0,6366141,2019-01-11 15:38:59,btc,0.0,0.0,,btc,0.0,0.0,0.0,155
0,[],22,[],2019-03-13 12:53:59,0.0,0,0,6920706,2019-03-13 12:53:59,,6.7463775,0.0,0,,4673391.242592593,0.0,0.0,156
0,[],23,[],2019-01-20 23:24:29,0.0,0,0,6476932,2019-01-20 23:24:29,,0.0,0.0,0,,0.0,0.0,0.0,156
1,[],22,[],2019-03-13 12:54:25,7073.8,0.00005300,0.0000000020450686,6920707,2019-03-13 12:54:25,BTC,1.79802465,0.0,0.00005300,BTC,802.6461988741639,0.0,0.00104336,157
0,[],22,[],2019-03-13 12:54:40,0.0,0,0,6920708,2019-03-13 12:54:40,,50175.67608608,0.0,0,,54079135.04179466,0.0,0.0,158
,[],17,[],2018-11-20 22:56:10,0.0,0,0,4861976,2018-11-20 22:56:10,btc,1.1265625,0.0,,btc,1000.0,0.0,0.0,159
,[],20,[],2018-11-20 22:56:12,0.0,0,0,4861977,2018-11-20 22:56:12,btc,11912.7940471,0.0,,btc,34413894.3617,0.0,0.0,159
1,[],12,[],2019-03-13 12:54:42,232353.70684196,0.00000759000000000000017534584895173566110315732657909393310546875,0.000000000292869258,6920709,2019-03-13 12:54:42,btc,1.7064132182002316,0.0,0.00000759000000000000017534584895173566110315732657909393310546875,btc,9859.86058202,0.0017468126,0.0994555422964673,168
1,[],17,[],2019-03-13 12:54:44,29784.95,0.000001,0.000000000038586199999999996,6920710,2019-03-13 12:54:44,btc,0.03026736251542,0.0,0.000001,btc,144.46171372,0.0,0.00716147,168
0,[],22,[],2019-03-13 12:54:56,0.0,0,0,6920711,2019-03-13 12:54:56,,1.1340533,0.0,0,,524928.174707144,0.0,0.0,169
1,[],22,[],2019-03-13 12:55:19,204741.0,0.00000012,0.000000000004630344,6920712,2019-03-13 12:55:19,BTC,14.34960004,0.0,0.00000012,BTC,152903.96015308815,0.00011008,0.00248092,171
1,[],22,[],2019-03-13 12:55:50,716138.3333333334,0.00000011,0.000000000004244482,6920713,2019-03-13 12:55:50,BTC,2.59945759,0.0,0.00000011,"BTC,LTC",335814.3092206753,0.00023872,0.02516216,173
1,[],5,[],2019-03-05 01:59:40,0.0,0,0,6845846,2019-03-05 01:59:40,btc,0.0,0.00384852,0,btc,0.0,0.0,0.0,175
1,[],22,[],2019-03-13 12:56:47,35500.0,0.00000012,0.000000000004630344,6920714,2019-03-13 12:56:47,BTC,0.54559973,0.0,0.00000012,BTC,137776.41444619838,0.0,0.00206,176
1,[],7,[],2019-03-13 12:56:48,0.0,0,0,6920715,2019-03-13 12:56:48,btc,408082.64447418746,0.0,0,btc,111357382.24961711,0.0,0.0,178
0,[],22,[],2019-03-13 12:56:50,0.0,0,0,6920716,2019-03-13 12:56:50,,1.00242438,0.0,0,,57522.0,0.0,0.0,178
0,[],2,[],2019-01-20 23:28:34,0.0,0,0,6477001,2019-01-20 23:28:34,,0.0,0.0,0,,0.0,0.0,0.0,178
1,[],5,[],2019-03-13 12:56:52,0.0,0,0,6920717,2019-03-13 12:56:52,btc,0.0,0.03951474,0,btc,0.0,0.0,0.0,179
1,[],22,[],2019-03-13 12:56:57,6867106.0,0.00000002,0.000000000000771724,6920718,2019-03-13 12:56:57,BTC,5.63500652,0.0,0.00000002,"BTC,LTC",17355770.756535422,0.0,0.37228284,179
0,[],23,[],2019-01-20 23:25:08,0.0,0,0,6476952,2019-01-20 23:25:08,,0.0,0.0,0,,0.0,0.0,0.0,179
1,[],22,[],2019-03-13 12:57:12,666651.6896935456,0.00000180,0.00000000006945516,6920719,2019-03-13 12:57:12,BTC,0.21053278,0.0,0.00000180,"BTC,LTC",59593.295398324364,0.0049932,0.57286594,180
1,[],26,[],2019-03-13 12:57:12,0.0,0,0,6920720,2019-03-13 12:57:12,,0.0,0.0,0,,0.0,0.0,0.0,180
1,[],17,[],2019-03-13 11:12:59,10504.725,0.0000001,0.00000000000384851,6920114,2019-03-13 11:12:59,btc,5.2010695838170005,0.0,0.0000001,btc,4994.45945,0.0,0.0010504725,180
,[],7,[],2018-11-20 22:58:01,562227.975654,0.00000085,0.000000000036176765,4862015,2018-11-20 22:58:01,btc,21836.6059674,2491.87645172,,btc,749999.041456,0.00211021,0.127565380455,183
1,[],24,[],2019-03-13 12:57:13,0.0,0.000000000001,3.85862e-17,6920721,2019-03-13 12:57:13,btc,0.0,0.0,0.000000000001,btc,0.0,0.0,0.0,187
,[],5,[],2019-01-10 08:11:41,0.0,0,0,6347036,2019-01-10 08:11:41,btc,82.15055501,0.00261,,btc,1.19002445,0.0,0.0,187
,[],17,[],2018-11-16 20:58:10,4062536.27273,0.00000001,0.000000000000550501,4708775,2018-11-16 20:58:10,btc,3.36492563466,0.195460381006,,"btc,eth",110697919.549,0.0,0.0157628953496,187
0,[],22,[],2019-03-13 12:57:15,0.0,0,0,6920722,2019-03-13 12:57:15,,7.54797454,0.0,0,,79361.7243344055,0.0,0.0,191
0,[],22,[],2019-03-13 12:57:20,0.0,0,0,6920723,2019-03-13 12:57:20,,0.0,0.0,0,,0.0,0.0,0.0,197
0,[],22,[],2019-03-13 12:57:24,0.0,0,0,6920724,2019-03-13 12:57:24,,5.19581047,0.0,0,,21561978.0,0.0,0.0,199
1,[],26,[],2019-03-13 12:57:24,0.0,0,0,6920725,2019-03-13 12:57:24,,0.0,0.0,0,,0.0,0.0,0.0,199
0,[],23,[],2019-01-20 23:31:41,0.0,0,0,6477079,2019-01-20 23:31:41,,0.0,0.0,0,,0.0,0.0,0.0,199
0,[],17,[],2019-01-30 16:32:01,0.0,0,0,6540827,2019-01-30 16:32:01,btc,6.802544163788159,0.0,0,btc,105897.55575295,0.0,0.0,200
0,[],2,[],2019-01-20 23:30:49,0.0,0,0,6477059,2019-01-20 23:30:49,,0.0,0.0,0,,0.0,0.0,0.0,201
1,[],4,[],2019-01-25 15:51:35,2084389.58565343,0.00000936,0.000000000333526752,6499557,2019-01-25 15:51:35,btc,2.0092503037378524,0.0,0.00000936,btc,160195.80207885,0.19272417,1.242687955921835,211
1,[],7,[],2019-03-13 12:57:27,4968283.05711829,0.00000101000000000000007076262319161141789436442195437848567962646484375,0.000000000038972062000000003,6920726,2019-03-13 12:57:27,btc,15476654.630554631,1850541.53353,0.00000101000000000000007076262319161141789436442195437848567962646484375,btc,13305022.61308827,0.0,2.4068068452205678,212
1,[],5,[],2019-03-13 12:57:30,0.0,0,0,6920727,2019-03-13 12:57:30,btc,0.0,0.05012204,0,btc,0.0,0.0,0.0,213
1,[],24,[],2019-03-13 12:57:30,0.0,0.000000150000,0.00000000000578793,6920728,2019-03-13 12:57:30,btc,0.0,0.0,0.000000150000,btc,0.0,0.0,0.0,213
1,[],26,[],2019-03-13 12:57:30,0.0,0,0,6920729,2019-03-13 12:57:30,,0.0,0.0,0,,0.0,0.0,0.0,213
1,[],12,[],2019-01-25 02:44:32,207462.42853209,0.000001080000000000000035831255497387193287295303889550268650054931640625,0.000000000038610756000000006,6493050,2019-01-25 02:44:32,btc,85023.03793723314,0.0,0.000001080000000000000035831255497387193287295303889550268650054931640625,btc,43675.73520027,0.000146250909087,0.0348620860622024,213
1,[],22,[],2019-03-13 12:57:34,49000.0,0.00000002,0.000000000000771724,6920730,2019-03-13 12:57:34,BTC,2.27972134,0.0,0.00000002,BTC,650798.3963726171,0.0,0.00073,216
1,[],27,[],2019-03-13 12:57:38,1298122.0,0.00000003,0.000000000001157586,6920731,2019-03-13 12:57:38,btc,317.9840526547724,0.0,0.00000003,"btc,ltc",240753.990324,0.0,0.03375764000025749,216
1,[],22,[],2019-03-13 12:57:41,158712.11184210525,0.00000152,0.000000000058651024,6920732,2019-03-13 12:57:41,BTC,12543.5677897,0.0,0.00000152,BTC,413318.13116448384,0.04569591,0.16149329,217
1,[],7,[],2019-03-13 12:57:43,0.0,0,0,6920733,2019-03-13 12:57:43,btc,77971.81411323446,0.0,0,btc,135963412.7426053,0.0,0.0,219
0,[],27,[],2019-03-13 12:57:46,0.0,0,0,6920734,2019-03-13 12:57:46,,0.0404796,0.0,0,btc,2057905.0,0.0,0.0,219
0.0000000000000052,[],28,[],2019-03-13 12:57:54,171578396.705,9.1026e-18,3.5123474412e-22,6920735,2019-03-13 12:57:54,doge,86217.0756560575,14446.0,0.00175050,"btc,doge",3933098.30521,0.0,2.493544688178804e-11,219
1,[],22,[],2019-03-13 12:57:58,406759.0,0.00000008,0.000000000003086896,6920736,2019-03-13 12:57:58,BTC,18.0683074,0.0,0.00000008,BTC,93423.54541875875,0.0,0.01939217,221
1,[],24,[],2019-03-13 12:57:58,0.0,0.000000200000,0.00000000000771724,6920737,2019-03-13 12:57:58,btc,0.0,0.0,0.000000200000,btc,0.0,0.0,0.0,221
1,[],20,[],2019-03-13 12:58:02,42187007.8129,0.000000002,0.0000000000000771724,6920738,2019-03-13 12:58:02,btc,48.4420210574641,107452.2124,0.000000002,btc,15332733.1127,0.0002149044248,0.0452686861005,224
0,[],22,[],2019-03-13 12:58:05,0.0,0,0,6920739,2019-03-13 12:58:05,,0.0,0.0,0,,0.0,0.0,0.0,224
1,[],26,[],2019-03-13 12:58:08,0.0,0,0,6920740,2019-03-13 12:58:08,,0.0,0.0,0,,0.0,0.0,0.0,231
1,[],26,[],2019-03-13 12:58:08,0.0,0,0,6920741,2019-03-13 12:58:08,,0.0,0.0,0,,0.0,0.0,0.0,234
0.0000000003408327,[],27,[],2019-03-13 13:00:11,2000.0,3.408327e-18,1.315143872874e-22,6920742,2019-03-13 13:00:11,eth,0.0,0.0,0.00000001,eth,0.0,0.0,6.816654e-15,234
1,[],4,[],2019-03-13 13:00:12,800267.81755219,0.00000071,0.000000000027396202,6920743,2019-03-13 13:00:12,btc,4.295627386222914,0.0,0.00000071,btc,1267221.19248579,0.03184746,0.2025050308050333,236
1,[],24,[],2019-03-13 13:00:12,0.0,0.000000500000,0.0000000000192931,6920744,2019-03-13 13:00:12,btc,0.0,0.0,0.000000500000,btc,0.0,0.0,0.0,236
1,[],20,[],2019-03-13 13:00:14,226165293.4734,0.000000045,0.000000000001736379,6920745,2019-03-13 13:00:14,btc,10.6436272844499,18659966.5355,0.000000045,btc,33796293.2122,0.9545602861812,0.31596809022,237
0.0000000001430471,[],22,[],2019-03-13 13:00:48,751594.9,2.4318007e-17,9.383394817034001e-22,6920746,2019-03-13 13:00:48,LTC,0.0405823,0.0,0.00000017,LTC,3164.0,0.0,0.12541949,237
1,[],4,[],2019-03-13 13:00:49,7219775.34114048,0.00000033,0.000000000012733446,6920747,2019-03-13 13:00:49,btc,6.807567648765977,0.0,0.00000033,btc,10656796.75584212,0.46020423,1.7134210569652484,238
1,[],5,[],2019-03-13 13:00:51,0.0,0,0,6920748,2019-03-13 13:00:51,btc,0.0,0.03165007,0,btc,0.0,0.0,0.0,238
0,[],22,[],2019-03-12 16:49:32,0.0,0,0,6914458,2019-03-12 16:49:32,,0.40415746,0.0,0,,526736.5639027493,0.0,0.0,249
0.0000000001430471,[],22,[],2019-03-13 13:01:13,48919588.666666664,5.7218840000000005e-18,2.2078576040080003e-22,6920749,2019-03-13 13:01:13,LTC,0.95047601,0.0,0.00000004,LTC,18518358.353636365,9.59056421008e-13,1.17491965,252
1,[],28,[],2019-03-13 13:01:20,2330426.06,0.00000059,0.000000000022765858,6920750,2019-03-13 13:01:20,btc,164780.3764123949,383033.018,0.00000059,btc,338498.109,0.0,0.64819496101,256
1,[],22,[],2019-03-13 13:01:31,1342472.3333333333,0.00000003,0.000000000001157586,6920751,2019-03-13 13:01:31,BTC,31.44445715,0.0,0.00000003,BTC,561979.8568978057,0.00162416,0.01920709,258
1,[],22,[],2019-03-13 00:07:30,47146.0,0.00000001,0.000000000000387233,6917028,2019-03-13 00:07:30,BTC,2.415167,0.0,0.00000001,BTC,157.0,0.0,0.00047146,259
1,[],5,[],2019-03-13 13:01:35,0.0,0,0,6920752,2019-03-13 13:01:35,btc,0.0,0.07949545,0,btc,0.0,0.0,0.0,264
1,[],20,[],2019-03-13 13:01:37,1216154.1697,0.00000227,0.00000000008759067399999999,6920753,2019-03-13 13:01:37,btc,7.1445603017273,23391.52,0.00000227,btc,97637.2196,0.0718114101404,0.018412113155,264
0,[],22,[],2019-03-13 13:01:45,0.0,0,0,6920754,2019-03-13 13:01:45,,8.75660439,0.0,0,,474745.2241309945,0.0,0.0,271
0.0000000000000053,[],28,[],2019-03-13 12:24:55,209179556712.905,4.77e-21,1.8405569700000002e-25,6920463,2019-03-13 12:24:55,doge,147693298.96298212,15206206298.7367,0.0000009,doge,241482061626.6149,0.0,5.69271712042138e-10,272
0,[],22,[],2019-03-13 13:01:53,0.0,0,0,6920755,2019-03-13 13:01:53,,111821.04152134,0.0,0,,13992847597.692,0.0,0.0,272
1,[],22,[],2019-03-13 12:26:47,278305.09153846157,0.00000260,0.00000000010032386,6920464,2019-03-13 12:26:47,BTC,383.68799873,0.0,0.00000260,"BTC,LTC",75109.88178576677,0.0013202,0.12025273,281
1,[],22,[],2019-03-13 12:28:34,475901.625,0.00000011,0.0000000000042444710000000006,6920465,2019-03-13 12:28:34,BTC,1.3621891,0.0,0.00000011,BTC,232459.43484881354,0.03390795,0.03404981,286
0,[],22,[],2019-03-13 05:14:01,0.0,0,0,6918528,2019-03-13 05:14:01,,1044638.85409864,0.0,0,,705144707.0,0.0,0.0,294
