pairValue,buyBook,exchangeId,sellBook,updated,buyTotal,satoshiPrice,usdPrice,exchangeLogId,created,bestPair,sellTotalBtc,volume,pairPrice,activePairs,sellTotal,volumeBtc,buyTotalBtc,coinId
0.0,[],25,[],2019-07-03 08:54:37,0.0,0,0,7791104,2019-07-03 08:54:37,btc,44.37709999875492,15996.10902485,0.0,btc,5415.57140968,127.94,0.0,1
1,[],26,[],2019-07-03 08:54:40,0.0,0,0,7791105,2019-07-03 08:54:40,,0.0,0.0,0,,0.0,0.0,0.0,1
1,[],28,[],2019-07-03 08:54:51,1039.924,0.00730000,0.00000081236955,7791106,2019-07-03 08:54:51,btc,0.373339197,122232.2549,0.00730000,btc,23.6711,0.0,0.268011296,1
0,[],2,[],2019-01-20 23:28:45,0.0,0,0,6477011,2019-01-20 23:28:45,,0.0,0.0,0,,0.0,0.0,0.0,1
1,[],3,[],2019-07-03 08:54:19,31393.754980539736,0.0080505100000000003046540797413399559445679187774658203125,0.0000008958889295850001,7791095,2019-07-03 08:54:19,btc,9.264029958031218,75.5455456677,0.0080505100000000003046540797413399559445679187774658203125,btc,36.786372711284,0.0,0.24953793934712723,1
1,[],4,[],2019-07-03 08:54:20,208232.15497956,0.00792002,0.00000088136754567,7791096,2019-07-03 08:54:20,btc,7.990414503022991,0.0,0.00792002,btc,407.42625831,6.96869743,0.4855234608383625,1
1,[],5,[],2019-07-03 08:54:22,0.0,0,0,7791097,2019-07-03 08:54:22,btc,0.0,0.02722287,0,btc,0.0,0.0,0.0,1
1,[],10,[],2019-07-03 08:54:25,246684.94916018,0.00287765,0.000000320234963775,7791098,2019-07-03 08:54:25,btc,6525.518432586514,1620.95122008,0.00287765,btc,1904.40359356,0.0,1.4692440386515269,1
1,[],12,[],2019-07-03 08:54:28,98.90791947,0.00788999999999999944433337617510915151797235012054443359375,0.000000878026815,7791099,2019-07-03 08:54:28,btc,0.6280252542143,0.0,0.00788999999999999944433337617510915151797235012054443359375,btc,26.44098296,2.053153175697,0.1531322110426,1
1,[],20,[],2019-07-03 08:54:30,928.2369,0.008250152,0.000000918105790092,7791100,2019-07-03 08:54:30,btc,0.1409510192224,1.0323,0.008250152,btc,10.3269,0.0110659164645,0.127343615155,1
1,[],21,[],2019-07-03 08:54:32,2488.33016775,0.007899009999999999712128051499,0.000000879029479335,7791101,2019-07-03 08:54:32,btc,7.884893550594066,6477.550474209999,0.00789900999999999971212805149889391032047569751739501953125,"btc,eth",1448.56070451,48.72073963551508,15.585633486513018,1
1,[],22,[],2019-07-03 08:54:35,0.5199,0.00150000,0.00000016692525,7791102,2019-07-03 08:54:35,BTC,0.01681976,0.0,0.00150000,BTC,0.2717810146658512,0.0,0.00077189,1
1,[],24,[],2019-07-03 08:54:36,0.0,0.000000000000,0,7791103,2019-07-03 08:54:36,btc,0.0,0.0,0.000000000000,btc,0.0,0.0,0.0,1
1,[],5,[],2019-06-17 14:29:02,0.0,0,0,7740076,2019-06-17 14:29:02,btc,0.0,2.72e-05,0,btc,0.0,0.0,0.0,2
1,[],22,[],2019-06-17 14:29:06,11550.3,0.0000002,0.0000000000185828,7740077,2019-06-17 14:29:06,BTC,21.00897301,0.0,0.0000002,"BTC,XMR",20678.87287795317,1.754e-05,0.00143681,2
1,[],5,[],2019-06-03 14:48:58,0.0,0,0,7731126,2019-06-03 14:48:58,btc,0.0,0.05905545,0,btc,0.0,0.0,0.0,3
1,[],12,[],2019-06-03 14:48:59,3468623.70302,0.000000116,0.000000000009823402000000002,7731127,2019-06-03 14:48:59,btc,169531.0336573751,0.0,0.000000116,btc,2361209.62379607,0.041350953071,0.33764769154428,3
0,[],28,[],2019-06-03 14:49:00,0.0,0,0,7731128,2019-06-03 14:49:00,,0.0,0.0,0,,0.0,0.0,0.0,3
0,[],2,[],2019-01-20 23:31:32,0.0,0,0,6477077,2019-01-20 23:31:32,,0.0,0.0,0,,0.0,0.0,0.0,4
1,[],4,[],2019-05-18 21:29:50,562734.9206932,0.00000010,0.000000000007298720000000001,7650946,2019-05-18 21:29:50,btc,41.9347137769675,0.0,0.00000010,btc,1123702.32192634,0.00052462,0.029254593370966,4
0,[],12,[],2019-06-02 05:03:43,0.0,0,0,7724919,2019-06-02 05:03:43,btc,625.901992874995,0.0,0,btc,1211362.4995005,0.0,0.0,5
1,[],11,[],2019-07-03 08:54:52,4305910.27673599,0.00000001,0.000000000001112835,7791107,2019-07-03 08:54:52,btc,9583.61440324221,317319.0,0.00000001,btc,78212351.53970686,0.0,0.0430591027673599,6
0,[],2,[],2019-01-20 23:31:51,0.0,0,0,6477087,2019-01-20 23:31:51,,0.0,0.0,0,,0.0,0.0,0.0,6
1,[],3,[],2019-07-03 08:54:53,13446.548883831741,0.000062329999999999994458356467053050664617330767214298248291015625,0.000000006936300555,7791108,2019-07-03 08:54:53,btc,1026.2892387100262,627.29874475,0.000062329999999999994458356467053050664617330767214298248291015625,btc,385.517793464402,0.0,0.02145503199083767,7
1,[],4,[],2019-07-03 08:54:54,316333.7502732,0.00007241,0.000000008058038235000001,7791109,2019-07-03 08:54:54,btc,7.26105771673217,0.0,0.00007241,btc,48712.69054993,2.60447604,2.0537037885812515,7
1,[],5,[],2019-07-03 08:54:56,0.0,0,0,7791110,2019-07-03 08:54:56,btc,0.0,0.15351127,0,btc,0.0,0.0,0.0,7
1,[],20,[],2019-04-07 22:06:50,3201475.0482,0.000000001,0.000000000000051590000000000004,7213932,2019-04-07 22:06:50,btc,30.8005781811902,0.0,0.000000001,btc,23077405.3926,0.0,0.0032014750482,8
1,[],4,[],2019-07-03 08:54:58,1969865.37338273,0.00000041,0.000000000045626235,7791111,2019-07-03 08:54:58,btc,2.7966881754963313,0.0,0.00000041,btc,3024494.64850326,0.10178894,0.3557431571026765,9
1,[],28,[],2019-07-03 08:55:11,20043.809,0.00000042,0.000000000046739070000000004,7791112,2019-07-03 08:55:11,btc,2708.79281520645,116342.0,0.00000042,btc,55180.794,0.0,0.00270157978,9
0,[],2,[],2019-01-20 23:22:42,0.0,0,0,6476876,2019-01-20 23:22:42,,0.0,0.0,0,,0.0,0.0,0.0,9
0,[],23,[],2019-01-20 23:22:48,0.0,0,0,6476878,2019-01-20 23:22:48,,0.0,0.0,0,,0.0,0.0,0.0,9
1,[],1,[],2019-02-17 23:31:42,1822507.21,0.00000181000000000000003456111265232042484285557293333113193511962890625,0.000000000066086901,6701244,2019-02-17 23:31:42,btc,3.6990969245,17153386.5,0.00000181000000000000003456111265232042484285557293333113193511962890625,btc,1997391.71,31.11772986,3.2610482446,9
1,[],4,[],2019-02-17 11:22:43,4341674.27126056,0.00000002,0.0000000000007272960000000001,6696112,2019-02-17 11:22:43,btc,0.1997230937751353,0.0,0.00000002,btc,4109766.79808031,0.00215132,0.0479381022052112,10
1,[],4,[],2019-07-03 08:55:12,7862234.82027736,0.00000024,0.00000000002670804,7791113,2019-07-03 08:55:12,btc,7.443650930142844,0.0,0.00000024,btc,9321339.65092615,0.46678969,0.8088449884720217,12
1,[],5,[],2019-07-03 08:55:13,0.0,0,0,7791114,2019-07-03 08:55:13,btc,0.0,0.1185684,0,btc,0.0,0.0,0.0,12
0.0,[],25,[],2019-07-03 08:55:17,0.0,0,0,7791115,2019-07-03 08:55:17,,0.0,0.0,0.0,btc,0.0,0.0,0.0,12
0,[],2,[],2019-01-20 23:23:08,0.0,0,0,6476890,2019-01-20 23:23:08,,0.0,0.0,0,,0.0,0.0,0.0,12
1,[],4,[],2019-07-03 05:13:15,584689.47355813,0.00000244,0.0000000002788066,7790600,2019-07-03 05:13:15,btc,2.1849123684917955,0.0,0.00000244,btc,410884.35721095,0.22629225,0.257981043015862,13
1,[],21,[],2019-07-03 05:13:19,5464503.61926811,0.000002560000000000000053561755725,0.0000000002925184,7790601,2019-07-03 05:13:19,btc,2.210907882880977,615243.9733135,0.0000025600000000000000535617557251288900488361832685768604278564453125,btc,645862.4277429,1.61860588,2.668924574171489,13
1,[],10,[],2019-07-03 04:50:28,599111.48051128,0.00000253,0.000000000286717816,7790504,2019-07-03 04:50:28,btc,666798.5185763352,11564.1307772,0.00000253,btc,1070197.84077692,0.0,0.2329213413435623,13
1,[],4,[],2019-07-03 08:55:18,1093798.57561307,0.00000034,0.00000000003783639,7791116,2019-07-03 08:55:18,btc,2.6924607535682648,0.0,0.00000034,btc,730632.78470464,0.04936585,0.0971599572138065,14
1,[],12,[],2019-07-03 08:55:19,228503.07947485,0.00000035,0.000000000038949225,7791117,2019-07-03 08:55:19,btc,186.35597654236696,0.0,0.00000035,btc,38514.2962996,0.001668035164,0.0152920799999931,14
1,[],26,[],2019-07-03 08:57:20,0.0,0.00000050,0.000000000055641750000000003,7791118,2019-07-03 08:57:20,btc,0.0,0.0,0.00000050,btc,0.0,0.0,0.0,14
0,[],17,[],2019-05-03 00:53:32,0.0,0,0,7558876,2019-05-03 00:53:32,btc,0.0,0.0,0,btc,0.0,0.0,0.0,14
0,[],4,[],2019-07-03 08:57:20,0.0,0,0,7791119,2019-07-03 08:57:20,,0.0,0.0,0,,0.0,0.0,0.0,15
,[],12,[],2018-12-01 15:15:48,204241.84496,0.00000489,0.000000000202473384,5260204,2018-12-01 15:15:48,btc,49.5475654835,0.0,,btc,35763.2193806,0.0163153972027625,0.0203389899998,15
1,[],4,[],2019-07-03 08:57:22,33811.71417786,0.00000832,0.0000000009258787200000001,7791120,2019-07-03 08:57:22,btc,2.375319597834213,0.0,0.00000832,btc,17999.58432614,0.02717678,0.0614454852633582,18
1,[],10,[],2019-07-03 08:57:24,409113.49218018,0.00000821,0.0000000009136375349999999,7791121,2019-07-03 08:57:24,btc,15.057158708138344,2828.50459162,0.00000821,btc,18423.26728984,0.0,0.3259650386927463,18
1,[],12,[],2019-07-03 08:57:25,2143.96139615,0.0000081000000000000003746135346371914920382550917565822601318359375,0.0000000009013963500000001,7791122,2019-07-03 08:57:25,btc,0.5279825087846987,0.0,0.0000081000000000000003746135346371914920382550917565822601318359375,btc,1887.83200295,1.2440568e-05,0.004304422025951,18
0,[],2,[],2019-01-20 23:23:38,0.0,0,0,6476906,2019-01-20 23:23:38,,0.0,0.0,0,,0.0,0.0,0.0,18
0,[],17,[],2019-05-03 00:53:39,0.0,0,0,7558882,2019-05-03 00:53:39,btc,0.0,0.0,0,btc,0.0,0.0,0.0,18
1,[],3,[],2019-07-03 08:59:26,161905.50984611,0.0000080499999999999991592662673678404416932608000934123992919921875,0.000000000895832175,7791123,2019-07-03 08:59:26,btc,190.31081711671817,15936.0573282,0.0000080499999999999991592662673678404416932608000934123992919921875,btc,18260.166367950635,0.0,0.1101063741342943,19
1,[],4,[],2019-07-03 08:59:27,280682.1371625,0.00000621,0.0000000006910705350000001,7791124,2019-07-03 08:59:27,btc,2.896988973177022,0.0,0.00000621,btc,218436.18554052,0.07212368,1.1119084152645402,19
1,[],5,[],2019-07-03 08:59:29,0.0,0,0,7791125,2019-07-03 08:59:29,btc,0.0,0.0,0,btc,0.0,0.0,0.0,19
1,[],12,[],2019-07-03 08:59:30,107420.10399219,0.000005800000000000000372813759030865554677802720107138156890869140625,0.0000000006454443000000001,7791126,2019-07-03 08:59:30,btc,0.3646579707534942,0.0,0.000005800000000000000372813759030865554677802720107138156890869140625,btc,3008.56634116,0.0,0.0102368599998324,19
0,[],27,[],2019-07-03 08:59:35,0.0,0,0,7791127,2019-07-03 08:59:35,,0.0,0.0,0,btc,0.0,0.0,0.0,19
0,[],2,[],2019-01-20 23:24:19,0.0,0,0,6476924,2019-01-20 23:24:19,,0.0,0.0,0,,0.0,0.0,0.0,19
1,[],4,[],2019-07-03 08:59:36,9925191.09278478,0.00000005,0.000000000005564175,7791128,2019-07-03 08:59:36,btc,5.162858526649613,0.0,0.00000005,btc,2244806.83713707,0.0,0.1102994166205056,20
0,[],4,[],2019-07-03 05:17:38,0.0,0,0,7790614,2019-07-03 05:17:38,,13630.874493644571,0.0,0,,166276624.1737067,0.0,0.0,21
0,[],12,[],2019-07-03 05:17:41,0.0,0,0,7790615,2019-07-03 05:17:41,btc,2602.9596941675427,0.0,0,btc,9905024.55244751,3.996e-08,0.0,21
0,[],17,[],2019-05-03 00:53:51,0.0,0,0,7558891,2019-05-03 00:53:51,btc,0.0,0.0,0,btc,0.0,0.0,0.0,21
1,[],12,[],2019-07-03 08:59:37,6804633723.864567,0.0000000006,0.0000000000000667701,7791129,2019-07-03 08:59:37,btc,1426620312754.3748,0.0,0.0000000006,btc,2990038211.0629373,0.175137546419,2.307852804845483,23
0.0000000002622954,[],27,[],2019-07-03 08:59:42,34752173.60039952,8.1311574e-17,9.048636545229001e-21,7791130,2019-07-03 08:59:42,eth,1360.4829160192228,4556.7062937,0.00000031,eth,6217563.5506114,3.70513236132e-13,5.605227269364934e-10,23
1,[],4,[],2019-06-22 05:45:29,6100414.07522138,0.00000017,0.00000000001823352,7751732,2019-06-22 05:45:29,btc,10.22685272773715,0.0,0.00000017,btc,1790815.48208265,0.0,0.1345450262400025,24
0,[],22,[],2019-06-22 05:45:31,0.0,0,0,7751733,2019-06-22 05:45:31,,6.22e-05,0.0,0,,517.4264705882352,0.0,0.0,24
0.0,[],25,[],2019-06-22 05:45:32,0.0,0,0,7751734,2019-06-22 05:45:32,,0.0,0.0,0.0,btc,0.0,0.0,0.0,24
1,[],4,[],2019-07-03 08:59:44,26950159.93019412,0.00000336,0.00000000037391256000000003,7791131,2019-07-03 08:59:44,btc,7.164190030918032,0.0,0.00000336,btc,201987.88268222,0.1763624,0.4109683588919609,26
1,[],10,[],2019-07-03 08:59:46,128399.4535059,0.00000334,0.00000000037168689000000004,7791132,2019-07-03 08:59:46,btc,26.1566057326349,5715.81338852,0.00000334,btc,19773.76562284,0.0,0.0488708757198774,26
0,[],2,[],2019-01-20 23:25:56,0.0,0,0,6476976,2019-01-20 23:25:56,,0.0,0.0,0,,0.0,0.0,0.0,26
1,[],5,[],2019-04-26 09:47:06,0.0,0,0,7465326,2019-04-26 09:47:06,btc,0.0,0.0,0,btc,0.0,0.0,0.0,27
1,[],3,[],2019-06-17 14:30:26,13571825.64059417,0.00000001,0.00000000000092914,7740112,2019-06-17 14:30:26,btc,3.485049956644059,4264730.43754,0.00000001,btc,23500048.28518193,0.0,0.1357182564059417,27
1,[],11,[],2019-06-17 14:30:28,2031833.58157834,0.00000001,0.00000000000092914,7740113,2019-06-17 14:30:28,btc,67502.92060589766,32677.9652116,0.00000001,btc,6487362.95640949,0.0,0.0203183358157834,27
0.00000000010789,[],4,[],2019-07-03 08:59:47,474761040.51659024,8.19964e-17,9.1248463794e-21,7791133,2019-07-03 08:59:47,ltc,10.644903315811806,0.0,0.00000076,ltc,680042051.0073415,0.00106428,7.053883576122609e-09,29
1,[],7,[],2019-07-03 08:59:49,0.0,0,0,7791134,2019-07-03 08:59:49,btc,46548272.66202747,0.0,0,btc,50840028.20551066,0.0,0.0,29
1,[],4,[],2019-07-03 08:59:52,15293815.6760687,0.00000004,0.00000000000445134,7791135,2019-07-03 08:59:52,btc,2.573393984778842,0.0,0.00000004,btc,2249253.14278687,0.00146198,0.1682291963933902,30
0,[],17,[],2019-05-03 01:11:25,0.0,0,0,7559066,2019-05-03 01:11:25,btc,0.0,0.0,0,btc,0.0,0.0,0.0,30
1,[],4,[],2019-07-03 09:01:52,241303.54891627,0.00003200,0.0000000035610720000000002,7791136,2019-07-03 09:01:52,btc,3.51930323602685,0.0,0.00003200,btc,56053.74916852,0.54569039,0.8403490422216028,31
1,[],21,[],2019-07-03 09:01:54,330922.32203444,0.00003248000000000000073250433497,0.00000000361448808,7791137,2019-07-03 09:01:54,btc,4.2659061821431985,210940.97553915,0.000032480000000000000732504334965966563686379231512546539306640625,btc,99635.84711028,7.39391304,3.3645531653234233,31
0,[],2,[],2019-01-20 23:28:43,0.0,0,0,6477009,2019-01-20 23:28:43,,0.0,0.0,0,,0.0,0.0,0.0,32
0,[],4,[],2019-07-03 09:01:55,0.0,0,0,7791138,2019-07-03 09:01:55,,0.0,0.0,0,,0.0,0.0,0.0,33
1,[],12,[],2019-03-30 07:55:10,40641173.964,0.00000003,0.000000000001228359,7108785,2019-03-30 07:55:10,btc,4233210.82356125,0.0,0.00000003,btc,28378394.68333462,0.0126927883965248,0.90752895892,33
0.00000000010789,[],4,[],2019-07-03 09:01:56,148217418.8261836,5.28661e-17,5.88312463935e-21,7791139,2019-07-03 09:01:56,ltc,4.56928150669036,0.0,0.00000049,ltc,168971550.10444885,0.0,6.204500100091108e-10,34
1,[],5,[],2019-07-03 09:01:58,0.0,0,0,7791140,2019-07-03 09:01:58,btc,0.0,0.00161471,0,btc,0.0,0.0,0.0,34
0.0000000002926451,[],17,[],2019-05-02 18:17:47,200000.0,2.9264510000000002e-18,1.596703856561e-22,7556430,2019-05-02 18:17:47,eth,0.20942468735267253,0.0,0.00000001,"btc,eth",1018272.20243647,0.0,5.852902e-13,36
0.0000000001311821,[],4,[],2019-05-31 13:28:19,2417517744.0607657,1.311821e-18,1.105058333085e-22,7717483,2019-05-31 13:28:19,ltc,5.019900492391546e-08,0.0,0.00000001,ltc,7102398142.262129,0.0,3.171350544531538e-09,36
1,[],5,[],2019-05-31 13:28:21,0.0,0,0,7717484,2019-05-31 13:28:21,btc,0.0,0.0,0,btc,0.0,0.0,0.0,36
0.0000000003108179,[],27,[],2019-05-31 13:30:34,10388811.226876,6.216358000000001e-18,5.236566733830001e-22,7717485,2019-05-31 13:30:34,eth,1569.8708019850988,761866.634299,0.00000002,"ltc,eth",5084024.2511555,4.736034912207001e-12,3.3251980286483705e-11,36
1,[],4,[],2019-06-25 10:05:55,10747826.61931615,0.00000014,0.000000000015920562,7762320,2019-06-25 10:05:55,btc,19773.05513423956,0.0,0.00000014,btc,682946.14349671,0.0006293,0.1362851255028938,37
1,[],12,[],2019-06-25 10:05:57,4167862.54235103,0.00000013,0.000000000014783379,7762321,2019-06-25 10:05:57,btc,7.381091518261743,0.0,0.00000013,btc,1713444.53926904,0.016313049979,0.1478110147956336,37
1,[],27,[],2019-06-25 10:08:02,10970.0,0.00000019,0.000000000021606477,7762322,2019-06-25 10:08:02,btc,22.62970013895233,0.0,0.00000019,btc,4298.824295,0.0,0.00167419,37
1,[],17,[],2019-05-03 01:11:36,211752.74075282,0.00000025,0.000000000013700074999999998,7559074,2019-05-03 01:11:36,btc,0.055484923955058496,0.0,0.00000025,"btc,eth",1387.19918473,0.0,0.0005381851887916605,37
1,[],5,[],2019-07-03 08:40:59,0.0,0,0,7791035,2019-07-03 08:40:59,btc,0.0,0.1677799,0,btc,0.0,0.0,0.0,42
1,[],12,[],2019-07-03 08:41:00,191923.32001694,0.000001520000000000000058272072063492164062381561961956322193145751953125,0.000000000172153072,7791036,2019-07-03 08:41:00,btc,525.2754424101712,0.0,0.000001520000000000000058272072063492164062381561961956322193145751953125,btc,144759.44361085,0.098456397182,0.0453216265395349,42
1,[],27,[],2019-07-03 08:41:07,10300.0,0.00000003,0.0000000000033977580000000003,7791037,2019-07-03 08:41:07,btc,0.07600425,0.0,0.00000003,"btc,eth",18.0,0.0,0.000306,42
1,[],12,[],2019-03-13 09:13:29,1112112.0,0.00000001,0.000000000000386531,6919902,2019-03-13 09:13:29,btc,29058.00478931866,0.0,0.00000001,btc,5967681.93306694,9.99000999e-07,0.01112112,43
1,[],5,[],2019-04-26 22:38:52,0.0,0,0,7474154,2019-04-26 22:38:52,btc,0.0,0.02638891,0,btc,0.0,0.0,0.0,43
0,[],17,[],2019-04-26 22:38:53,0.0,0,0,7474155,2019-04-26 22:38:53,btc,0.0,0.0,0,btc,0.0,0.0,0.0,43
1,[],12,[],2019-03-05 01:54:08,639326.02,0.00000004,0.000000000001486676,6845775,2019-03-05 01:54:08,btc,11116042.728239931,0.0,0.00000004,btc,1103841.4595604,0.0003330765234764,0.014975410599999999,44
0.00000000010789,[],4,[],2019-07-03 09:01:58,109752091.17477863,4.63927e-17,5.16274203045e-21,7791141,2019-07-03 09:01:58,ltc,2762.228951850548,0.0,0.00000043,ltc,28387701.80683322,0.0,4.861706198746141e-10,49
0.00000000010789,[],4,[],2019-07-03 09:01:59,320097442.73736566,2.58936e-17,2.8815304356000003e-21,7791142,2019-07-03 09:01:59,ltc,28254.19212767287,0.0,0.00000024,ltc,195161429.3183768,0.0,2.037673281793821e-09,52
0,[],22,[],2019-07-02 14:32:00,0.0,0,0,7788319,2019-07-02 14:32:00,,10289.80784133,0.0,0,,287058287.4566013,0.0,0.0,57
0,[],27,[],2019-07-02 14:32:07,0.0,0,0,7788320,2019-07-02 14:32:07,,0.0,0.0,0,"btc,eth",0.0,0.0,0.0,57
0,[],4,[],2019-07-03 09:02:00,0.0,0,0,7791143,2019-07-03 09:02:00,,19.71912123600141,0.0,0,,6107901353.982692,0.0,0.0,58
0,[],12,[],2019-07-03 09:02:01,0.0,0,0,7791144,2019-07-03 09:02:01,btc,654781713.4684618,0.0,0,btc,3780685243.914043,3.7959339e-05,0.0,58
0.0000000000798806,[],22,[],2019-07-03 09:04:05,126877.0,7.98806e-19,8.889392750100001e-23,7791145,2019-07-03 09:04:05,XMR,68.17454206,0.0,0.00000001,XMR,9626402.6,0.0,0.00126877,58
1,[],17,[],2019-05-03 01:12:09,1200000.0,0.0000000001,0.00000000000000548003,7559085,2019-05-03 01:12:09,btc,1e+24,0.0,0.0000000001,"btc,eth",39516342.31952568,0.0,0.00010000000058666061,58
1,[],5,[],2019-06-17 14:31:27,0.0,0,0,7740135,2019-06-17 14:31:27,btc,0.0,0.00079154,0,btc,0.0,0.0,0.0,61
1,[],22,[],2019-06-17 14:31:30,13612.833333333334,0.00000012,0.00000000001114968,7740136,2019-06-17 14:31:30,BTC,1002.29123003,0.0,0.00000012,BTC,15014.200177125656,0.0,0.00153257,61
1,[],26,[],2019-06-17 14:31:30,0.0,0.00000050,0.000000000046457,7740137,2019-06-17 14:31:30,btc,0.0,0.0,0.00000050,btc,0.0,0.0,0.0,61
1,[],27,[],2019-06-17 14:31:36,8400.0,0.00000018,0.00000000001672452,7740138,2019-06-17 14:31:36,btc,1.9742539297246655,0.0,0.00000018,"btc,eth",10953.51663696,0.0,0.001512,61
0,[],28,[],2019-06-17 14:31:38,0.0,0,0,7740139,2019-06-17 14:31:38,,0.0,0.0,0,,0.0,0.0,0.0,61
1,[],4,[],2019-07-03 09:04:06,2105130.29460134,0.00000040,0.0000000000445134,7791146,2019-07-03 09:04:06,btc,3.1430658940297933,0.0,0.00000040,btc,1218659.428924,0.07603113,0.2512750974912523,67
0.0,[],25,[],2019-07-03 09:04:08,0.0,0,0,7791147,2019-07-03 09:04:08,,0.0,0.0,0.0,btc,0.0,0.0,0.0,67
1,[],12,[],2019-06-02 06:23:14,910048.355,0.00000006,0.000000000005154929999999999,7725270,2019-06-02 06:23:14,btc,5.167005424215783,0.0,0.00000006,btc,738530.60239759,0.003159757462,0.0187188113,71
,[],5,[],2018-11-20 23:02:39,1.5e-07,0.00000005,0.000000000002128045,4862160,2018-11-20 23:02:39,btc,2.84511358,0.0,,btc,0.00036572,0.0,0.07381892,74
1,[],5,[],2019-07-03 09:04:09,0.0,0,0,7791148,2019-07-03 09:04:09,btc,0.0,0.00429176,0,btc,0.0,0.0,0.0,75
1,[],4,[],2019-06-04 03:25:15,715281.46076168,0.00000001,0.000000000000803619,7734085,2019-06-04 03:25:15,btc,581089.6218469425,0.0,0.00000001,btc,37692563.61091116,0.0,0.0071528146076168,81
0,[],20,[],2019-01-25 09:30:31,0.0,0,0,6495923,2019-01-25 09:30:31,btc,0.0,0.0,0,btc,0.0,0.0,0.0,81
1,[],4,[],2019-07-03 09:04:10,186264.73062785,0.00006801,0.000000007568390835000001,7791149,2019-07-03 09:04:10,btc,59.15989778955438,0.0,0.00006801,btc,128106.55719587,0.3625213,0.4131114530237807,82
1,[],21,[],2019-07-03 09:04:11,294052.85856122,0.00006922000000000000472389488637,0.00000000770304387,7791150,2019-07-03 09:04:11,btc,5.092313460979995,7033.09690962,0.000069220000000000004723894886371482471076888032257556915283203125,btc,51527.56684926,0.50856813,3.257600628170986,82
0,[],17,[],2019-03-25 22:42:34,0.0,0,0,7038780,2019-03-25 22:42:34,btc,0.0445064681804024,0.0,0,btc,995513.18476001,0.0,0.0,84
0.0000000001161485,[],4,[],2019-05-20 13:09:39,216715621.0206096,1.161485e-18,9.0533806701e-23,7657228,2019-05-20 13:09:39,ltc,1.6511566870244727,0.0,0.00000001,ltc,471032407.9048656,0.0,2.5171194308112273e-10,85
,[],22,[],2018-11-20 23:09:34,3408.1,0.0000001,0.0000000000041895,4862324,2018-11-20 23:09:34,BTC,0.04624735,0.0,,BTC,4990.0,0.0,0.00033081,86
1,[],22,[],2019-06-26 09:07:19,62694.0,0.00000005,0.0000000000063518149999999994,7766682,2019-06-26 09:07:19,BTC,1.85249053,0.0,0.00000005,BTC,287024.94736842107,0.0003,0.00062846,87
1,[],27,[],2019-06-26 09:07:25,361781.0,0.0000002,0.000000000025407259999999998,7766683,2019-06-26 09:07:25,btc,19.86923154858,99950.0,0.0000002,btc,548343.482,0.01999,0.01237888,87
,[],2,[],2018-11-20 23:10:47,0.0,0,0,4862359,2018-11-20 23:10:47,,0.0,0.0,,,0.0,0.0,0.0,88
1,[],11,[],2019-06-17 14:31:59,193715.3529613,0.000073310000000000001140094962881477158589405007660388946533203125,0.00000000681152534,7740147,2019-06-17 14:31:59,btc,168.35454702024953,5791.70569014,0.000073310000000000001140094962881477158589405007660388946533203125,btc,196971.41170107,0.0,1.1996165759440112,89
0,[],2,[],2019-01-20 23:31:45,0.0,0,0,6477083,2019-01-20 23:31:45,,0.0,0.0,0,,0.0,0.0,0.0,91
1,[],12,[],2019-07-03 09:04:12,398147.67940573,0.00000028,0.00000000003115938,7791151,2019-07-03 09:04:12,btc,122.17435528920689,0.0,0.00000028,btc,295681.41982937,2.788654e-06,0.0261558619538329,91
1,[],22,[],2019-07-03 09:06:17,75900.0,0.00000001,0.000000000001112835,7791152,2019-07-03 09:06:17,BTC,0.495,0.0,0.00000001,"BTC,LTC",4.95,0.0,0.001659,91
0,[],17,[],2019-05-03 01:12:26,0.0,0,0,7559096,2019-05-03 01:12:26,btc,0.0,0.0,0,btc,0.0,0.0,0.0,91
1,[],22,[],2019-07-03 08:45:31,94060.0,0.00000002,0.000000000002265172,7791050,2019-07-03 08:45:31,BTC,11.46046694,0.0,0.00000002,"BTC,LTC",341043.4683191416,0.0,0.0662712,95
0.00000000010789,[],4,[],2019-07-03 09:06:18,536985761.351319,2.58936e-17,2.8815304356000003e-21,7791153,2019-07-03 09:06:18,ltc,10.91629629628571,0.0,0.00000024,ltc,153600248.90203407,0.0,7.018418054846442e-10,96
0,[],12,[],2019-07-03 09:06:20,0.0,0,0,7791154,2019-07-03 09:06:20,btc,36.53971721651349,0.0,0,btc,9958979.65134864,0.0,0.0,96
0,[],17,[],2019-05-03 01:12:32,0.0,0,0,7559100,2019-05-03 01:12:32,btc,0.0,0.0,0,btc,0.0,0.0,0.0,96
1,[],4,[],2019-04-14 03:32:46,1039404.33283278,0.00000038,0.000000000019245518,7293458,2019-04-14 03:32:46,btc,4.170086055365747,0.0,0.00000038,btc,3097704.34561074,0.06260606,0.1859928211030784,99
0,[],2,[],2019-01-20 23:23:55,0.0,0,0,6476914,2019-01-20 23:23:55,,0.0,0.0,0,,0.0,0.0,0.0,100
1,[],4,[],2019-07-03 08:47:34,175484.41970484,0.00001242,0.0000000014066718120000002,7791053,2019-07-03 08:47:34,btc,8.337269575267033,0.0,0.00001242,btc,168787.65438088,0.22390823,0.3772733057172246,100
1,[],22,[],2019-06-05 06:30:35,150000.0,0.00000002,0.000000000001558192,7740007,2019-06-05 06:30:35,BTC,28.56386409,0.0,0.00000002,BTC,12787.719,0.0,0.0017,101
1,[],4,[],2019-07-03 09:08:21,449107.577324,0.00000145,0.000000000161361075,7791155,2019-07-03 09:08:21,btc,882.5735540703295,0.0,0.00000145,btc,750662.33502516,0.01364098,0.0604892190097311,103
1,[],12,[],2019-06-17 14:32:14,179201505.10870332,0.000000005,0.00000000000046457,7740154,2019-06-17 14:32:14,btc,113577.79366343976,0.0,0.000000005,btc,79148141.67831126,0.019059029059,0.27280986350611003,105
1,[],27,[],2019-06-17 14:32:19,18306828.03496503,0.00000002,0.00000000000185828,7740155,2019-06-17 14:32:19,btc,180.7198218385489,1083.96503497,0.00000002,btc,276513.60142659,7.588e-05,0.3661365606993006,105
1,[],22,[],2019-04-21 00:17:26,21333.0,0.00000001,0.000000000000532493,7385819,2019-04-21 00:17:26,BTC,51.38182867,0.0,0.00000001,BTC,470435.0,0.0,0.00021333,107
1,[],26,[],2019-04-21 00:17:26,0.0,0.00000000,0,7385820,2019-04-21 00:17:26,btc,0.0,0.0,0.00000000,btc,0.0,0.0,0.0,107
1,[],5,[],2019-07-03 08:47:39,0.0,0,0,7791055,2019-07-03 08:47:39,btc,0.0,0.0,0,btc,0.0,0.0,0.0,112
0,[],22,[],2019-07-03 08:47:41,0.0,0,0,7791056,2019-07-03 08:47:41,,6.79500102,0.0,0,,3375892.0833333335,0.0,0.0,112
1,[],27,[],2019-07-03 08:47:48,1.0,0.00000001,0.000000000001132586,7791057,2019-07-03 08:47:48,btc,0.0,0.0,0.00000001,"btc,eth",0.0,0.0,1e-08,112
1,[],4,[],2019-07-03 09:08:23,984987.73090761,0.00000036,0.00000000004006206,7791156,2019-07-03 09:08:23,btc,6.418158315700154,0.0,0.00000036,btc,1002369.84347074,0.01271851,0.1153309941271922,113
1,[],5,[],2019-07-03 09:08:25,0.0,0,0,7791157,2019-07-03 09:08:25,btc,0.0,0.0,0,btc,0.0,0.0,0.0,113
1,[],17,[],2019-04-26 02:17:47,162738.278,0.00000004,0.0000000000021069000000000002,7461287,2019-04-26 02:17:47,btc,1.3331140273775473,0.0,0.00000004,btc,51796.221,0.0,0.00230953112,116
1,[],27,[],2019-05-22 05:13:01,210000.0,0.00000001,0.00000000000079145,7666372,2019-05-22 05:13:01,btc,3919.0005001478,0.0,0.00000001,btc,128660.871,0.0,0.0021,116
1,[],4,[],2019-05-21 22:31:11,138169.03963019,0.00000701,0.000000000558364025,7664793,2019-05-21 22:31:11,btc,150.95388250938234,0.0,0.00000701,btc,344631.17141974,0.07552974,0.4288357684941946,120
1,[],7,[],2019-05-21 22:31:12,3901.07750076,0.000010679999999999999389654892212320191902108490467071533203125,0.0000000008506887,7664794,2019-05-21 22:31:12,btc,231188.94669936574,0.0,0.000010679999999999999389654892212320191902108490467071533203125,btc,4133.83151364,0.0,0.0113888422364489,120
1,[],20,[],2019-04-07 18:42:29,1914137.0852,0.000000035,0.0000000000017871910000000002,7211992,2019-04-07 18:42:29,btc,32.2497668025648,25528.85,0.000000035,btc,1001975.4986,0.00089350975,0.0152723574729,125
1,[],22,[],2019-06-17 14:32:38,10000.0,0.00000001,0.00000000000092914,7740161,2019-06-17 14:32:38,BTC,0.032061,0.0,0.00000001,BTC,299316.7611111111,0.0,0.0001,126
0,[],2,[],2019-01-20 23:25:46,0.0,0,0,6476969,2019-01-20 23:25:46,,0.0,0.0,0,,0.0,0.0,0.0,131
1,[],17,[],2019-05-03 01:13:10,10000.0,0.00000001,0.000000000000548003,7559115,2019-05-03 01:13:10,btc,0.0953976503951408,0.0,0.00000001,btc,5037.62507334,0.0,0.0001,131
1,[],4,[],2019-07-01 04:28:32,590754.62293327,0.00000338,0.000000000376936248,7782890,2019-07-01 04:28:32,btc,2.8525130367360445,0.0,0.00000338,btc,192252.70961539,0.09127328,0.5629290691005338,131
1,[],4,[],2019-06-17 14:32:42,4848.49465417,0.00007919,0.00000000735785966,7740163,2019-06-17 14:32:42,btc,0.9905723729472744,0.0,0.00007919,btc,202.13055914,0.0,0.0061509344290166,135
1,[],3,[],2019-06-05 06:33:11,40600.27748212,0.00000001,0.000000000000779096,7740019,2019-06-05 06:33:11,btc,0.2308097808993716,2146378.52189,0.00000001,btc,2477992.76904676,0.0,0.0004060027748212,136
1,[],4,[],2019-07-03 08:47:52,241309.03600137,0.00000136,0.000000000154031696,7791060,2019-07-03 08:47:52,btc,112.56204432244913,0.0,0.00000136,btc,531274.39570283,0.00704335,0.2007526121724864,137
1,[],12,[],2019-07-03 08:47:53,67870.01911892,0.00000141999999999999995691814247411599581027985550463199615478515625,0.000000000160827212,7791061,2019-07-03 08:47:53,btc,57.90141150782209,0.0,0.00000141999999999999995691814247411599581027985550463199615478515625,btc,82341.41598677001,9.103e-05,0.0150786259999364,137
1,[],17,[],2019-05-03 01:13:16,32967.38636364,0.00000088,0.000000000048224264,7559122,2019-05-03 01:13:16,btc,20.06976206696776,0.0,0.00000088,btc,2746.079105,0.0,0.0105613000000032,142
1,[],4,[],2019-07-03 08:47:54,381257.51867098,0.00001020,0.00000000115523772,7791062,2019-07-03 08:47:54,btc,10.009597957831756,0.0,0.00001020,btc,187899.48826388,0.98890887,0.44257554716071,142
1,[],5,[],2019-07-03 08:47:55,0.0,0,0,7791063,2019-07-03 08:47:55,btc,0.0,0.03212054,0,btc,0.0,0.0,0.0,142
1,[],20,[],2019-07-03 08:49:59,112997.0286,0.000005948,0.0000000006736621528000001,7791064,2019-07-03 08:49:59,btc,1.5681369751771,0.0,0.000005948,btc,9882.1432,0.0,0.006463682492,142
1,[],22,[],2019-07-03 08:50:04,10820.0,0.00000600,0.0000000006795516000000001,7791065,2019-07-03 08:50:04,BTC,2.99759384,0.0,0.00000600,BTC,835.7198755539798,0.0,0.0053672,142
0.0,[],25,[],2019-07-03 08:50:06,0.0,0,0,7791066,2019-07-03 08:50:06,,0.0,0.0,0.0,btc,0.0,0.0,0.0,142
1,[],28,[],2019-07-03 08:50:15,76110.0,0.00001110,0.00000000125717046,7791067,2019-07-03 08:50:15,btc,0.438587390411,2904.0,0.00001110,btc,1381.1951,0.0,0.0042182,142
0,[],22,[],2019-07-03 08:50:17,0.0,0,0,7791068,2019-07-03 08:50:17,,67.43964479,0.0,0,,716790536.7744589,0.0,0.0,143
0,[],22,[],2019-02-25 15:42:22,0.0,0,0,6783783,2019-02-25 15:42:22,,4.2131946,0.0,0,,2322156.0,0.0,0.0,146
,[],22,[],2018-11-20 23:01:11,0.0,0,0,4862114,2018-11-20 23:01:11,,2.56807021,0.0,,,61828.4988236,0.0,0.0,147
1,[],12,[],2019-04-21 06:38:04,193091.5971266,0.00000071,0.000000000037635183,7388679,2019-04-21 06:38:04,btc,2.301232411611175,0.0,0.00000071,btc,9957.48302385,0.00023528,0.0313308199999888,148
1,[],4,[],2019-03-19 21:31:25,255810.0415942,0.00000029,0.000000000011615747,6982695,2019-03-19 21:31:25,btc,218.94922712414143,0.0,0.00000029,btc,793529.37642722,0.00117,0.0608347789473395,152
0,[],22,[],2019-03-19 21:31:27,0.0,0,0,6982696,2019-03-19 21:31:27,,0.0,0.0,0,,0.0,0.0,0.0,152
1,[],5,[],2019-04-26 09:36:59,0.0,0,0,7465040,2019-04-26 09:36:59,btc,0.0,0.0,0,btc,0.0,0.0,0.0,153
,[],16,[],2019-01-11 15:38:59,0.0,0,0,6366141,2019-01-11 15:38:59,btc,0.0,0.0,,btc,0.0,0.0,0.0,155
0,[],23,[],2019-01-20 23:24:29,0.0,0,0,6476932,2019-01-20 23:24:29,,0.0,0.0,0,,0.0,0.0,0.0,156
0,[],22,[],2019-06-04 06:02:09,0.0,0,0,7734688,2019-06-04 06:02:09,,7.43375324,0.0,0,,5955762.942592593,0.0,0.0,156
1,[],22,[],2019-07-03 08:50:21,6996.0,0.00000001,0.000000000001132586,7791069,2019-07-03 08:50:21,BTC,1.7543039,0.0,0.00000001,BTC,57.0,0.0,6.996e-05,157
0,[],22,[],2019-05-21 23:40:32,0.0,0,0,7665049,2019-05-21 23:40:32,,50234.60468402,0.0,0,,54786159.03179465,0.0,0.0,158
,[],17,[],2018-11-20 22:56:10,0.0,0,0,4861976,2018-11-20 22:56:10,btc,1.1265625,0.0,,btc,1000.0,0.0,0.0,159
,[],20,[],2018-11-20 22:56:12,0.0,0,0,4861977,2018-11-20 22:56:12,btc,11912.7940471,0.0,,btc,34413894.3617,0.0,0.0,159
1,[],12,[],2019-05-24 02:51:20,9178.522006449999,0.00000191999999999999982841307998027158276954651228152215480804443359375,0.000000000151222656,7676256,2019-05-24 02:51:20,btc,149.80414728631675,0.0,0.00000191999999999999982841307998027158276954651228152215480804443359375,btc,1115.7451448499999,0.01783167678326,0.0120075778999181,168
1,[],17,[],2019-05-03 01:13:36,42852.0,0.00000002,0.000000000001096006,7559132,2019-05-03 01:13:36,btc,0.04279856251542,0.0,0.00000002,btc,274.46171372,0.0,0.00052852,168
1,[],22,[],2019-05-17 03:01:52,10.0,0.00000001,0.000000000000778341,7642059,2019-05-17 03:01:52,BTC,41.95893009,0.0,0.00000001,BTC,1753972.7737547632,0.0,1e-07,169
1,[],22,[],2019-05-30 08:38:18,202834.0,0.00000002,0.0000000000017416160000000001,7711049,2019-05-30 08:38:18,BTC,27.87002826,0.0,0.00000002,BTC,462189.5410507793,0.0,0.00211768,171
1,[],22,[],2019-05-29 08:05:18,349870.0,0.00000002,0.000000000001705894,7705265,2019-05-29 08:05:18,BTC,24.05907723,0.0,0.00000002,"BTC,LTC",1224285.4355616204,0.0,0.0039847,173
1,[],5,[],2019-07-03 08:50:22,0.0,0,0,7791070,2019-07-03 08:50:22,btc,0.0,0.02314973,0,btc,0.0,0.0,0.0,175
1,[],22,[],2019-06-17 14:33:12,90671.0,0.00000001,0.00000000000092914,7740175,2019-06-17 14:33:12,BTC,394.35459412,0.0,0.00000001,BTC,136275.61833431243,0.0,0.00090671,176
1,[],7,[],2019-07-01 10:15:32,0.0,0,0,7783526,2019-07-01 10:15:32,btc,521516.2326888725,0.0,0,btc,26809253.73522063,0.0,0.0,178
0,[],2,[],2019-01-20 23:28:34,0.0,0,0,6477001,2019-01-20 23:28:34,,0.0,0.0,0,,0.0,0.0,0.0,178
1,[],22,[],2019-07-03 08:50:26,30.0,0.00000001,0.000000000001132586,7791071,2019-07-03 08:50:26,BTC,1.00242428,0.0,0.00000001,BTC,57512.0,0.0,3e-07,178
0,[],23,[],2019-01-20 23:25:08,0.0,0,0,6476952,2019-01-20 23:25:08,,0.0,0.0,0,,0.0,0.0,0.0,179
1,[],5,[],2019-07-03 08:50:27,0.0,0,0,7791072,2019-07-03 08:50:27,btc,0.0,0.0,0,btc,0.0,0.0,0.0,179
0,[],22,[],2019-07-03 08:50:29,0.0,0,0,7791073,2019-07-03 08:50:29,,9.36109844,0.0,0,,14660796.311946675,0.0,0.0,179
1,[],22,[],2019-07-03 08:52:33,749882.8877149877,0.00000037,0.000000000041905682,7791074,2019-07-03 08:52:33,BTC,40.64466107,0.0,0.00000037,"BTC,LTC",197605.411571008,0.00164172,0.58757481,180
1,[],26,[],2019-07-03 08:52:33,0.0,0.00000010,0.00000000001132586,7791075,2019-07-03 08:52:33,btc,0.0,0.0,0.00000010,btc,0.0,0.0,0.0,180
1,[],17,[],2019-05-03 01:13:56,20504.725000000002,0.0000001,0.00000000000548003,7559141,2019-05-03 01:13:56,btc,5.2010695838400265,0.0,0.0000001,btc,5033.45945,0.0,0.0011504725,180
,[],7,[],2018-11-20 22:58:01,562227.975654,0.00000085,0.000000000036176765,4862015,2018-11-20 22:58:01,btc,21836.6059674,2491.87645172,,btc,749999.041456,0.00211021,0.127565380455,183
,[],5,[],2019-01-10 08:11:41,0.0,0,0,6347036,2019-01-10 08:11:41,btc,82.15055501,0.00261,,btc,1.19002445,0.0,0.0,187
,[],17,[],2018-11-16 20:58:10,4062536.27273,0.00000001,0.000000000000550501,4708775,2018-11-16 20:58:10,btc,3.36492563466,0.195460381006,,"btc,eth",110697919.549,0.0,0.0157628953496,187
1,[],24,[],2019-05-22 21:04:52,0.0,0.000000000014,0.0000000000000010960978,7670219,2019-05-22 21:04:52,btc,0.0,0.0,0.000000000014,btc,0.0,0.0,0.0,187
0,[],22,[],2019-04-25 02:54:07,0.0,0,0,7447896,2019-04-25 02:54:07,,7.54794454,0.0,0,,76361.7243344055,0.0,0.0,191
0,[],22,[],2019-06-17 14:33:34,0.0,0,0,7740182,2019-06-17 14:33:34,,0.0,0.0,0,,0.0,0.0,0.0,197
0,[],23,[],2019-01-20 23:31:41,0.0,0,0,6477079,2019-01-20 23:31:41,,0.0,0.0,0,,0.0,0.0,0.0,199
0,[],22,[],2019-07-03 08:52:36,0.0,0,0,7791076,2019-07-03 08:52:36,,10.58263174,0.0,0,,84280969.0,0.0,0.0,199
1,[],26,[],2019-07-03 08:52:36,0.0,0.00000000,0,7791077,2019-07-03 08:52:36,btc,0.0,0.0,0.00000000,btc,0.0,0.0,0.0,199
0,[],2,[],2019-01-20 23:30:49,0.0,0,0,6477059,2019-01-20 23:30:49,,0.0,0.0,0,,0.0,0.0,0.0,201
1,[],4,[],2019-01-25 15:51:35,2084389.58565343,0.00000936,0.000000000333526752,6499557,2019-01-25 15:51:35,btc,2.0092503037378524,0.0,0.00000936,btc,160195.80207885,0.19272417,1.242687955921835,211
1,[],7,[],2019-07-01 02:21:28,1170054124.6898527,0.00000018,0.000000000019815389999999997,7782694,2019-07-01 02:21:28,btc,1346735.6331920293,0.0,0.00000018,btc,5516233.71348162,0.0,11.954344045954047,212
1,[],12,[],2019-01-25 02:44:32,207462.42853209,0.000001080000000000000035831255497387193287295303889550268650054931640625,0.000000000038610756000000006,6493050,2019-01-25 02:44:32,btc,85023.03793723314,0.0,0.000001080000000000000035831255497387193287295303889550268650054931640625,btc,43675.73520027,0.000146250909087,0.0348620860622024,213
1,[],5,[],2019-05-30 00:07:46,0.0,0,0,7709357,2019-05-30 00:07:46,btc,0.0,0.06425239,0,btc,0.0,0.0,0.0,213
1,[],24,[],2019-05-30 00:07:46,0.0,0.000000399202,0.0000000000344859829346,7709358,2019-05-30 00:07:46,btc,0.0,0.0,0.000000399202,btc,0.0,0.0,0.0,213
1,[],26,[],2019-05-30 00:07:47,0.0,0.00000040,0.000000000034554919999999996,7709359,2019-05-30 00:07:47,btc,0.0,0.0,0.00000040,btc,0.0,0.0,0.0,213
0,[],22,[],2019-07-03 08:52:42,0.0,0,0,7791078,2019-07-03 08:52:42,,9.54523049,0.0,0,,3658586.2040649247,0.0,0.0,216
0,[],27,[],2019-07-03 08:52:48,0.0,0,0,7791079,2019-07-03 08:52:48,,1998.7946791893976,0.0,0,"btc,ltc",546678.29534794,0.0,0.0,216
1,[],22,[],2019-07-03 08:52:52,525513.3,0.0000002,0.00000000002265172,7791080,2019-07-03 08:52:52,BTC,12055.864847,0.0,0.0000002,BTC,588916.1352334714,0.00203488,0.03709044,217
1,[],7,[],2019-06-27 19:02:35,0.0,0,0,7772298,2019-06-27 19:02:35,btc,2123800.2774640615,0.0,0,btc,82333746.4752352,0.0,0.0,219
0,[],27,[],2019-07-03 08:52:57,0.0,0,0,7791081,2019-07-03 08:52:57,,250.20642758069673,0.0,0,btc,46772.535837,0.0,0.0,219
0.0000000000000029540000000000003,[],28,[],2019-07-03 08:53:06,3312820234.054,6.670132000000001e-19,7.554498121352001e-23,7791082,2019-07-03 08:53:06,doge,125846.04510800431,7288.0,0.00022580,"btc,doge",120666781.230909,0.0,2.5879656077277734e-11,219
0,[],22,[],2019-06-26 23:36:41,0.0,0,0,7769178,2019-06-26 23:36:41,,56.75439223,0.0,0,,184664.6482738741,0.0,0.0,221
1,[],24,[],2019-06-26 23:36:41,0.0,0.000000030000,0.000000000003835668,7769179,2019-06-26 23:36:41,btc,0.0,0.0,0.000000030000,btc,0.0,0.0,0.0,221
1,[],20,[],2019-06-17 14:34:11,26882155.8301,0.000000003,0.000000000000278742,7740192,2019-06-17 14:34:11,btc,100050.81956632523,233521.3529,0.000000003,btc,38769742.8604,0.0007925640587,0.0306863532672,224
0,[],22,[],2019-06-17 14:34:13,0.0,0,0,7740193,2019-06-17 14:34:13,,0.0,0.0,0,,0.0,0.0,0.0,224
1,[],26,[],2019-07-03 08:53:06,0.0,0.00000022,0.000000000024916892000000002,7791083,2019-07-03 08:53:06,btc,0.0,0.0,0.00000022,btc,0.0,0.0,0.0,231
1,[],26,[],2019-07-03 08:53:06,0.0,0.00000005,0.00000000000566293,7791084,2019-07-03 08:53:06,btc,0.0,0.0,0.00000005,btc,0.0,0.0,0.0,234
0.00000000026111680000000004,[],27,[],2019-07-03 08:53:13,100.0,2.6111680000000002e-18,2.9573723204480006e-22,7791085,2019-07-03 08:53:13,eth,0.0,0.0,0.00000001,"btc,eth",0.0,0.0,2.6111680000000002e-16,234
1,[],4,[],2019-05-22 17:06:12,91780.56053785,0.00000078,0.000000000061977552,7669277,2019-05-22 17:06:12,btc,5.573372450018177,0.0,0.00000078,btc,729173.93529783,0.0,0.0307060663355679,236
1,[],24,[],2019-05-22 17:06:12,0.0,0.000000010000,0.000000000000794584,7669278,2019-05-22 17:06:12,btc,0.0,0.0,0.000000010000,btc,0.0,0.0,0.0,236
1,[],5,[],2019-07-03 08:53:14,0.0,0,0,7791086,2019-07-03 08:53:14,btc,0.0,0.13588431,0,btc,0.0,0.0,0.0,237
1,[],20,[],2019-07-03 08:53:17,127471920.7726,0.000000057,0.0000000000064557402,7791087,2019-07-03 08:53:17,btc,549.2215438277717,13535780.3185,0.000000057,btc,43564849.3355,0.7961224037029,0.8152221328855,237
1,[],22,[],2019-07-03 08:53:22,2092139.0,0.00000004,0.000000000004530344,7791088,2019-07-03 08:53:22,BTC,1.20109922,0.0,0.00000004,"BTC,LTC",14430.948717948719,0.00091591,0.02706123,237
1,[],4,[],2019-07-03 08:53:23,28292390.99346296,0.00000005,0.00000000000566293,7791089,2019-07-03 08:53:23,btc,2.981981611850596,0.0,0.00000005,btc,15023857.05763528,0.228959,0.4768096708751108,238
1,[],5,[],2019-07-03 08:53:24,0.0,0,0,7791090,2019-07-03 08:53:24,btc,0.0,0.00514213,0,btc,0.0,0.0,0.0,238
0,[],22,[],2019-03-12 16:49:32,0.0,0,0,6914458,2019-03-12 16:49:32,,0.40415746,0.0,0,,526736.5639027493,0.0,0.0,249
0,[],22,[],2019-05-28 23:53:45,0.0,0,0,7703643,2019-05-28 23:53:45,,13.44714864,0.0,0,,43777534.3426455,0.0,0.0,252
1,[],28,[],2019-07-03 08:53:36,1008583.88,0.00000005,0.00000000000566293,7791091,2019-07-03 08:53:36,btc,3.54428370352,229061.9,0.00000005,btc,4970725.5854,0.0,0.032246389,256
1,[],22,[],2019-07-03 08:53:40,476305.0,0.00000001,0.000000000001132586,7791092,2019-07-03 08:53:40,BTC,31471.48545886,0.0,0.00000001,"BTC,LTC",1168542.0289488921,5.138e-05,0.00716305,258
1,[],22,[],2019-05-19 18:12:02,400.0,0.00000001,0.0000000000007957800000000001,7653905,2019-05-19 18:12:02,BTC,2.415167,0.0,0.00000001,BTC,157.0,0.0,4e-06,259
1,[],5,[],2019-07-02 14:44:15,0.0,0,0,7788374,2019-07-02 14:44:15,btc,0.0,0.02775788,0,btc,0.0,0.0,0.0,264
1,[],20,[],2019-07-02 14:44:17,953070.9962,0.000000178,0.000000000017956461999999998,7788375,2019-07-02 14:44:17,btc,1.1507330656826,14313.4023,0.000000178,btc,65222.866,0.0046947959544,0.0049363258649,264
0,[],22,[],2019-04-12 17:57:27,0.0,0,0,7278186,2019-04-12 17:57:27,,66.37522201,0.0,0,,677842.4169881374,0.0,0.0,271
0,[],22,[],2019-07-03 08:53:43,0.0,0,0,7791093,2019-07-03 08:53:43,,33050469.74148113,0.0,0,,14261527780.7,0.0,0.0,272
0.0000000000000029540000000000003,[],28,[],2019-07-03 08:53:56,304408095501.712,5.3172e-22,6.022186279200001e-26,7791094,2019-07-03 08:53:56,doge,70642685.44105321,150011111.0,0.00000018,doge,227839107792.3654,0.0,6.695241568289152e-11,272
1,[],22,[],2019-05-23 07:12:29,219930.0,0.00000004,0.000000000003048688,7671985,2019-05-23 07:12:29,BTC,426.77835217,0.0,0.00000004,BTC,248664.3325962929,0.0,0.00739728,281
1,[],22,[],2019-07-02 18:15:29,1409605.9,0.00000002,0.000000000002147082,7789011,2019-07-02 18:15:29,BTC,7.87630805,0.0,0.00000002,"BTC,LTC",1137979.797623037,0.00674692,0.02432534,286
0,[],22,[],2019-06-17 14:34:53,0.0,0,0,7740207,2019-06-17 14:34:53,,7337915.80475575,0.0,0,,2078527309.6797826,0.0,0.0,294
