pairValue,buyBook,exchangeId,sellBook,updated,buyTotal,satoshiPrice,usdPrice,exchangeLogId,created,bestPair,sellTotalBtc,volume,pairPrice,activePairs,sellTotal,volumeBtc,buyTotalBtc,coinId
1,[],3,[],2019-02-22 16:58:29,30555.344898390562,0.0127946399999999994856469953674604767002165317535400390625,0.000000505825856688,6760110,2019-02-22 16:58:29,btc,61.12300105769968,1.89336865905,0.0127946399999999994856469953674604767002165317535400390625,btc,25.944967144257003,0.0,0.25675215414304525,1
1,[],4,[],2019-02-22 16:58:30,120058.23161198,0.01284487,0.000000507811659554,6760111,2019-02-22 16:58:30,btc,9.235029622808952,0.0,0.01284487,btc,261.76944696,0.68919088,1.166998472274941,1
1,[],5,[],2019-02-22 16:58:31,0.0,0,0,6760112,2019-02-22 16:58:31,btc,0.0,0.29418695,0,btc,0.0,0.0,0.0,1
1,[],10,[],2019-02-22 16:58:33,414297.43508734,0.0117036,0.00000046269246312,6760113,2019-02-22 16:58:33,btc,6522.921416022365,1301.48319975,0.0117036,btc,1059.1731189,0.0,5.311190146266002,1
1,[],12,[],2019-02-22 16:58:36,10431.19788331,0.0128400000000000007183142969324762816540896892547607421875,0.0000005076191280000001,6760114,2019-02-22 16:58:36,btc,0.2520281130243,0.0,0.0128400000000000007183142969324762816540896892547607421875,btc,11.81074103,0.135859891692,0.2950146917872,1
1,[],20,[],2019-02-22 16:58:38,1151.7988,0.010600002,0.00000041906259906840003,6760115,2019-02-22 16:58:38,btc,0.0589710786722,0.315,0.010600002,btc,2.6451,0.003339,0.1034005472903,1
1,[],21,[],2019-02-22 16:58:38,2257.86687877,0.01284720999999999953289364640,0.000000507904169582,6760116,2019-02-22 16:58:38,btc,31.36995218833459,5242.49632352,0.01284720999999999953289364640340863843448460102081298828125,"btc,eth",2829.16538568,64.90267284630639,21.41061982637934,1
1,[],22,[],2019-02-22 16:58:42,0.0163776,0.01300000,0.0000005139446000000001,6760117,2019-02-22 16:58:42,BTC,0.31423927,0.0,0.01300000,BTC,0.11751954901960784,0.0,0.00020972,1
1,[],24,[],2019-02-22 16:58:42,0.0,0.000000000000,0,6760118,2019-02-22 16:58:42,btc,0.0,0.0,0.000000000000,btc,0.0,0.0,0.0,1
0.0,[],25,[],2019-02-22 16:58:43,0.0,0,0,6760119,2019-02-22 16:58:43,btc,15.043699998155118,554.75392815,0.0,btc,1131.49545166,7.135,0.0,1
1,[],26,[],2019-02-22 16:59:02,0.0,0,0,6760120,2019-02-22 16:59:02,,0.0,0.0,0,,0.0,0.0,0.0,1
1,[],28,[],2019-02-22 16:59:04,993.21,0.01323000,0.000000523037466,6760121,2019-02-22 16:59:04,btc,0.162839806,17723.1,0.01323000,btc,8.9,0.0,0.090071836,1
0,[],2,[],2019-01-20 23:28:45,0.0,0,0,6477011,2019-01-20 23:28:45,,0.0,0.0,0,,0.0,0.0,0.0,1
1,[],5,[],2019-02-22 16:59:05,0.0,0,0,6760122,2019-02-22 16:59:05,btc,0.0,0.01029649,0,btc,0.0,0.0,0.0,2
0,[],22,[],2019-02-22 16:59:08,0.0,0,0,6760123,2019-02-22 16:59:08,,0.0,0.0,0,,0.0,0.0,0.0,2
1,[],5,[],2019-02-22 16:59:10,0.0,0,0,6760124,2019-02-22 16:59:10,btc,0.0,0.14841006,0,btc,0.0,0.0,0.0,3
1,[],12,[],2019-02-22 16:59:11,12897803.1557,0.000000172,0.0000000000067998824,6760125,2019-02-22 16:59:11,btc,924396.5795568137,0.0,0.000000172,btc,8529841.49570056,0.13638970298517947,0.6016603852361,3
0,[],28,[],2019-02-22 16:59:13,0.0,0,0,6760126,2019-02-22 16:59:13,,0.0,0.0,0,,0.0,0.0,0.0,3
0,[],2,[],2019-01-20 23:31:32,0.0,0,0,6477077,2019-01-20 23:31:32,,0.0,0.0,0,,0.0,0.0,0.0,4
1,[],4,[],2019-02-22 15:52:28,400439.70738348,0.00000032,0.000000000012596480000000001,6759744,2019-02-22 15:52:28,btc,31.576426407239886,0.0,0.00000032,btc,685876.08766458,0.0,0.0547125982053145,4
1,[],12,[],2019-02-22 14:50:14,1367032.5219999999,0.00000003,0.000000000001190475,6759350,2019-02-22 14:50:14,btc,11013869.583570713,0.0,0.00000003,btc,1211697.32371984,0.00024567976024,0.02065290044,5
0,[],2,[],2019-01-20 23:31:51,0.0,0,0,6477087,2019-01-20 23:31:51,,0.0,0.0,0,,0.0,0.0,0.0,6
1,[],11,[],2019-02-22 16:59:14,3301329.5,0.00000002,0.000000000000790684,6760127,2019-02-22 16:59:14,btc,9432.834995181234,61187.0,0.00000002,btc,41406686.95347657,0.0,0.033501425,6
1,[],3,[],2019-02-22 16:59:15,1091.956916111364,0.00015101000000000000598847360588905530676129274070262908935546875,0.000000005970059542,6760128,2019-02-22 16:59:15,btc,27.605796873748474,0.0,0.00015101000000000000598847360588905530676129274070262908935546875,btc,249.144760639695,0.0,0.03419747781770456,7
1,[],4,[],2019-02-22 16:59:16,359462.48311862,0.00024750,0.0000000097847145,6760129,2019-02-22 16:59:16,btc,17.679892323314867,0.0,0.00024750,btc,52715.81075832,4.33143038,7.047694093001009,7
1,[],5,[],2019-02-22 16:59:17,0.0,0,0,6760130,2019-02-22 16:59:17,btc,0.0,0.92831591,0,btc,0.0,0.0,0.0,7
1,[],20,[],2019-02-20 02:16:17,39399275.8418,0.000000001,0.0000000000000390183,6728586,2019-02-20 02:16:17,btc,116.9737569154545,525.0,0.000000001,btc,56932965.8895,5.25e-07,0.0393992758418,8
0,[],2,[],2019-01-20 23:22:42,0.0,0,0,6476876,2019-01-20 23:22:42,,0.0,0.0,0,,0.0,0.0,0.0,9
0,[],23,[],2019-01-20 23:22:48,0.0,0,0,6476878,2019-01-20 23:22:48,,0.0,0.0,0,,0.0,0.0,0.0,9
1,[],1,[],2019-02-17 23:31:42,1822507.21,0.00000181000000000000003456111265232042484285557293333113193511962890625,0.000000000066086901,6701244,2019-02-17 23:31:42,btc,3.6990969245,17153386.5,0.00000181000000000000003456111265232042484285557293333113193511962890625,btc,1997391.71,31.11772986,3.2610482446,9
1,[],4,[],2019-02-22 16:59:19,1967326.7394798,0.00000172,0.000000000067998824,6760131,2019-02-22 16:59:19,btc,4.049077320493338,0.0,0.00000172,btc,2056398.08275386,2.2543263,0.6249973397319675,9
1,[],28,[],2019-02-22 16:59:20,43948.0,0.00000175,0.00000000006918485000000001,6760132,2019-02-22 16:59:20,btc,2708.763440957195,3676996.92,0.00000175,btc,12613.2201,0.0,0.044282,9
1,[],4,[],2019-02-17 11:22:43,4341674.27126056,0.00000002,0.0000000000007272960000000001,6696112,2019-02-17 11:22:43,btc,0.1997230937751353,0.0,0.00000002,btc,4109766.79808031,0.00215132,0.0479381022052112,10
0,[],2,[],2019-01-20 23:23:08,0.0,0,0,6476890,2019-01-20 23:23:08,,0.0,0.0,0,,0.0,0.0,0.0,12
1,[],4,[],2019-02-22 16:59:22,2579034.54219502,0.00000146,0.000000000057719932,6760133,2019-02-22 16:59:22,btc,17.04649235301021,0.0,0.00000146,btc,7668225.16717633,2.3635425,2.4532676784551137,12
1,[],5,[],2019-02-22 16:59:23,0.0,0,0,6760134,2019-02-22 16:59:23,btc,0.0,0.60906032,0,btc,0.0,0.0,0.0,12
0.0,[],25,[],2019-02-22 16:59:24,0.0,0,0,6760135,2019-02-22 16:59:24,,0.0,0.0,0.0,btc,0.0,0.0,0.0,12
1,[],4,[],2019-02-22 16:59:25,1308512.0124156,0.00000590,0.00000000023325178,6760136,2019-02-22 16:59:25,btc,2.976255660432402,0.0,0.00000590,btc,399881.74826177,0.43421427,1.326682658222762,13
1,[],10,[],2019-02-22 16:59:27,486060.78830926,0.00000584,0.000000000230879728,6760137,2019-02-22 16:59:27,btc,666802.4742637962,10850.0321158,0.00000584,btc,724375.47567974,0.0,0.3171556587866417,13
1,[],21,[],2019-02-22 16:59:28,516332.31141481,0.000006019999999999999960517693687,0.00000000023799588400000003,6760138,2019-02-22 16:59:28,btc,6.404285778534626,290335.97802664,0.00000601999999999999996051769368676787053118459880352020263671875,btc,985651.16787172,1.72927882,2.8266699533830915,13
0,[],17,[],2019-02-22 16:49:14,0.0,0,0,6759941,2019-02-22 16:49:14,btc,0.0,0.0,0,btc,0.0,0.0,0.0,14
1,[],4,[],2019-02-22 16:59:31,655957.68148047,0.00000126,0.000000000049813092,6760139,2019-02-22 16:59:31,btc,10.92295212472713,0.0,0.00000126,btc,869424.36809859,0.04947562,0.1150790704523103,14
1,[],12,[],2019-02-22 16:59:32,118275.91304348,0.000001080000000000000035831255497387193287295303889550268650054931640625,0.000000000042696936,6760140,2019-02-22 16:59:32,btc,5.287051072395066,0.0,0.000001080000000000000035831255497387193287295303889550268650054931640625,btc,29521.78078516,0.00419528,0.0229663700000004,14
1,[],26,[],2019-02-22 16:59:43,0.0,0.00000050,0.0000000000197671,6760141,2019-02-22 16:59:43,btc,0.0,0.0,0.00000050,btc,0.0,0.0,0.0,14
,[],12,[],2018-12-01 15:15:48,204241.84496,0.00000489,0.000000000202473384,5260204,2018-12-01 15:15:48,btc,49.5475654835,0.0,,btc,35763.2193806,0.0163153972027625,0.0203389899998,15
0,[],4,[],2019-02-22 16:59:44,0.0,0,0,6760142,2019-02-22 16:59:44,,0.0,0.0,0,,0.0,0.0,0.0,15
0,[],17,[],2019-02-22 15:52:54,0.0,0,0,6759761,2019-02-22 15:52:54,btc,0.0,0.0,0,btc,0.0,0.0,0.0,18
0,[],2,[],2019-01-20 23:23:38,0.0,0,0,6476906,2019-01-20 23:23:38,,0.0,0.0,0,,0.0,0.0,0.0,18
1,[],4,[],2019-02-22 16:59:45,26539.1311472,0.00001806,0.000000000713987652,6760143,2019-02-22 16:59:45,btc,1.2394678190772612,0.0,0.00001806,btc,8534.00728211,0.0232974,0.0932957725836655,18
1,[],10,[],2019-02-22 16:59:47,786095.34595767,0.00001825,0.00000000072149915,6760144,2019-02-22 16:59:47,btc,15.542650981472766,22177.2421074,0.00001825,btc,10850.37807742,0.0,0.1892804090553241,18
1,[],12,[],2019-02-22 16:59:50,199428.68401151,0.00001855000000000000027230821764145929364531184546649456024169921875,0.00000000073335941,6760145,2019-02-22 16:59:50,btc,21.984970468119233,0.0,0.00001855000000000000027230821764145929364531184546649456024169921875,btc,2013.87858976,0.0026500476805889,0.040114070343849596,18
0,[],2,[],2019-01-20 23:24:19,0.0,0,0,6476924,2019-01-20 23:24:19,,0.0,0.0,0,,0.0,0.0,0.0,19
1,[],3,[],2019-02-22 17:00:01,120777.18898668476,0.0000220500000000000006433222010659989109626621939241886138916015625,0.00000000087172911,6760146,2019-02-22 17:00:01,btc,0.5578855841893581,14.5606242497,0.0000220500000000000006433222010659989109626621939241886138916015625,btc,9510.00900642032,0.0,0.07968107993169825,19
1,[],4,[],2019-02-22 17:00:02,427149.07459549,0.00001965,0.0000000007768470300000001,6760147,2019-02-22 17:00:02,btc,2.701567779421422,0.0,0.00001965,btc,81586.42850485,1.96884404,2.509549190220273,19
1,[],5,[],2019-02-22 17:00:03,0.0,0,0,6760148,2019-02-22 17:00:03,btc,0.0,0.00760982,0,btc,0.0,0.0,0.0,19
1,[],12,[],2019-02-22 17:00:04,137030.19550417,0.00001902000000000000085455080511831482681373017840087413787841796875,0.000000000751940484,6760149,2019-02-22 17:00:04,btc,1.2840653901628556,0.0,0.00001902000000000000085455080511831482681373017840087413787841796875,btc,442.16286621,0.00828384,0.0446392900000934,19
0,[],27,[],2019-02-22 17:00:07,0.0,0,0,6760150,2019-02-22 17:00:07,,0.0,0.0,0,btc,0.0,0.0,0.0,19
1,[],4,[],2019-02-22 17:00:08,8070160.95424551,0.00000013,0.000000000005139446,6760151,2019-02-22 17:00:08,btc,7.376065179582633,0.0,0.00000013,btc,2843149.4360639,0.0,0.2584025451781454,20
1,[],4,[],2019-02-22 17:00:09,104150384.86437024,0.00000002,0.000000000000790684,6760152,2019-02-22 17:00:09,btc,359.51289750582265,0.0,0.00000002,btc,55731908.51417261,0.003234,1.1707481411680452,21
1,[],12,[],2019-02-22 17:00:10,18647376.0,0.00000002,0.000000000000790684,6760153,2019-02-22 17:00:10,btc,670.3900728834847,0.0,0.00000002,btc,8549207.32857329,4e-08,0.24518776,21
0,[],17,[],2019-02-22 17:00:22,0.0,0,0,6760154,2019-02-22 17:00:22,btc,0.0,0.0,0,btc,0.0,0.0,0.0,21
1,[],12,[],2019-02-22 17:00:24,3054410605.531895,0.0000000001,0.00000000000000395342,6760155,2019-02-22 17:00:24,btc,880865843032.7825,0.0,0.0000000001,btc,4902423159.902541,0.003460845659540912,0.30544106055318954,23
0.00000000037264930000000004,[],27,[],2019-02-22 17:00:26,2000.0,3.7264930000000005e-18,1.4732391956060002e-22,6760156,2019-02-22 17:00:26,eth,1.3429826565934113,0.0,0.00000001,eth,1964879.85514486,0.0,7.452986000000001e-15,23
1,[],4,[],2019-02-22 17:00:26,281491.52145397,0.00000060,0.00000000002372052,6760157,2019-02-22 17:00:26,btc,8.3851157729915,0.0,0.00000060,btc,1477374.63141601,0.00021673,0.1380910053011561,24
1,[],22,[],2019-02-22 17:00:30,11.76,0.00000100,0.0000000000395342,6760158,2019-02-22 17:00:30,BTC,7.415e-05,0.0,0.00000100,BTC,23.919354838709676,0.0,1.176e-05,24
0.0,[],25,[],2019-02-22 17:00:31,0.0,0,0,6760159,2019-02-22 17:00:31,,0.0,0.0,0.0,btc,0.0,0.0,0.0,24
0,[],2,[],2019-01-20 23:25:56,0.0,0,0,6476976,2019-01-20 23:25:56,,0.0,0.0,0,,0.0,0.0,0.0,26
1,[],4,[],2019-02-22 17:00:32,26863605.20206773,0.00000617,0.000000000243926014,6760160,2019-02-22 17:00:32,btc,119.60728166069609,0.0,0.00000617,btc,222159.09055907,0.06761482,0.4688125126907437,26
1,[],10,[],2019-02-22 17:00:34,693092.08258202,0.00000601,0.000000000237600542,6760161,2019-02-22 17:00:34,btc,25.9289686830691,6104.79132752,0.00000601,btc,14577.86340564,0.0,0.2423264489832009,26
1,[],3,[],2019-02-22 16:52:07,7034251.70213569,0.00000001,0.000000000000395614,6759962,2019-02-22 16:52:07,btc,2.82825642819826,0.0,0.00000001,btc,18068492.95734499,0.0,0.0703425170213569,27
1,[],5,[],2019-02-22 16:52:08,0.0,0,0,6759963,2019-02-22 16:52:08,btc,0.0,0.0,0,btc,0.0,0.0,0.0,27
1,[],11,[],2019-02-22 16:52:10,9657302.940399151,0.00000005,0.00000000000197807,6759964,2019-02-22 16:52:10,btc,67506.53137702076,146281.413934,0.00000005,btc,8171781.9763934,0.0,0.450973774642923,27
1,[],4,[],2019-02-22 17:00:34,1380365159.590508,0.00000002,0.000000000000790684,6760162,2019-02-22 17:00:34,btc,9.934457113366951,0.0,0.00000002,"btc,ltc",503328814.8594211,0.23602943,9.328442596783441,29
1,[],7,[],2019-02-22 17:00:35,35079435.4213,0.00000002,0.000000000000790684,6760163,2019-02-22 17:00:35,btc,44465227.27708811,2609121.97722,0.00000002,btc,59994123.60166542,0.0,0.3513787088323806,29
0,[],17,[],2019-02-22 15:53:28,0.0,0,0,6759784,2019-02-22 15:53:28,btc,0.0,0.0,0,btc,0.0,0.0,0.0,30
1,[],4,[],2019-02-22 17:00:36,1396669.24194601,0.00000030,0.00000000001186026,6760164,2019-02-22 17:00:36,btc,2.295396274392988,0.0,0.00000030,btc,1486298.16665686,0.01102772,0.0963596288206183,30
1,[],4,[],2019-02-22 17:00:37,1136806.91953334,0.00005800,0.0000000022929836,6760165,2019-02-22 17:00:37,btc,5.367475345514215,0.0,0.00005800,btc,62636.25195465,1.13013267,1.712322785201215,31
1,[],21,[],2019-02-22 17:00:38,41679.47231065,0.00005835999999999999689323168517,0.000000002307215912,6760166,2019-02-22 17:00:38,btc,3.0409079912858656,124129.67814238,0.0000583599999999999968932316851688568704048520885407924652099609375,btc,46574.53052504,7.30870082,2.0441327515586303,31
0,[],2,[],2019-01-20 23:28:43,0.0,0,0,6477009,2019-01-20 23:28:43,,0.0,0.0,0,,0.0,0.0,0.0,32
1,[],4,[],2019-02-22 16:52:27,364139747.9276739,0.00000004,0.000000000001582456,6759970,2019-02-22 16:52:27,btc,10.453569052024866,0.0,0.00000004,"btc,ltc",181008589.05018228,0.34835269,8.42893640400798,33
1,[],12,[],2019-02-22 16:52:29,16154669.379,0.00000005,0.00000000000197807,6759971,2019-02-22 16:52:29,btc,35620504.83549129,0.0,0.00000005,btc,89169894.02397576,0.0155581400099909,0.53660325895,33
1,[],4,[],2019-02-22 17:00:39,129449094.18272509,0.00000001,0.000000000000395342,6760167,2019-02-22 17:00:39,btc,4.671925538958136,0.0,0.00000001,btc,101114741.58046296,0.00359628,1.294490941827251,34
1,[],5,[],2019-02-22 17:00:40,0.0,0,0,6760168,2019-02-22 17:00:40,btc,0.0,0.51213663,0,btc,0.0,0.0,0.0,34
0.00000000012372050000000002,[],4,[],2019-02-22 17:00:41,1269143870.9913146,2.4744100000000002e-18,9.782381982200001e-23,6760169,2019-02-22 17:00:41,ltc,2.6976321425187206e-08,0.0,0.00000002,ltc,3224922691.1474657,0.0,2.1683380976452345e-09,36
1,[],5,[],2019-02-22 17:00:42,0.0,0,0,6760170,2019-02-22 17:00:42,btc,0.0,0.0,0,btc,0.0,0.0,0.0,36
0,[],17,[],2019-02-22 17:00:43,0.0,0,0,6760171,2019-02-22 17:00:43,btc,0.07464582846156075,0.0,0,btc,4105386.20243647,0.0,0.0,36
0.00000000037264930000000004,[],27,[],2019-02-22 17:00:45,2000.0,3.7264930000000005e-18,1.4732391956060002e-22,6760172,2019-02-22 17:00:45,eth,114.2235941557863,0.0,0.00000001,"ltc,eth",4163566.4875004,0.0,7.452986000000001e-15,36
1,[],4,[],2019-02-22 16:52:37,274664.3316368,0.00000076,0.000000000030066664,6759977,2019-02-22 16:52:37,btc,19772.48068311811,0.0,0.00000076,btc,559981.23141188,0.01300839,0.127556527713356,37
1,[],12,[],2019-02-22 16:52:39,566780.38995051,0.00000075,0.00000000002967105,6759978,2019-02-22 16:52:39,btc,1347.0941377326576,0.0,0.00000075,btc,879847.9979896001,0.2226025509682131,0.1842787600000064,37
1,[],27,[],2019-02-22 16:52:41,14685.567,0.00000045,0.00000000001780263,6759979,2019-02-22 16:52:41,btc,25.83024737411233,66.433,0.00000045,btc,6763.38138508,2.989e-05,0.00480032515,37
1,[],17,[],2019-02-22 14:51:35,1752.74075282,0.00000025,0.000000000009920625,6759406,2019-02-22 14:51:35,btc,0.05548492400212325,0.0,0.00000025,btc,1387.19918473,0.0,0.00043818518820499993,37
1,[],5,[],2019-02-22 17:00:46,0.0,0,0,6760173,2019-02-22 17:00:46,btc,0.0,0.03009062,0,btc,0.0,0.0,0.0,42
1,[],12,[],2019-02-22 17:00:47,135242.91024023,0.00000097,0.000000000038348174,6760174,2019-02-22 17:00:47,btc,94.68232621718845,0.0,0.00000097,btc,101294.21853608,0.0231778975236117,0.0423677390512677,42
0.00000000037264930000000004,[],27,[],2019-02-22 17:00:49,2000.0,3.7264930000000005e-18,1.4732391956060002e-22,6760175,2019-02-22 17:00:49,eth,0.00315028,0.0,0.00000001,"btc,eth",11.007,0.0,7.452986000000001e-15,42
1,[],5,[],2019-02-22 17:00:50,0.0,0,0,6760176,2019-02-22 17:00:50,btc,0.0,4.625e-05,0,btc,0.0,0.0,0.0,43
1,[],12,[],2019-02-22 17:00:51,3659302.0,0.00000001,0.000000000000395342,6760177,2019-02-22 17:00:51,btc,20003931.28669582,0.0,0.00000001,btc,39482703.26313686,0.0010004995804194,0.036593020000000004,43
0,[],17,[],2019-02-22 17:00:53,0.0,0,0,6760178,2019-02-22 17:00:53,btc,0.0,0.0,0,btc,0.0,0.0,0.0,43
1,[],12,[],2019-02-22 17:00:54,688780.0,0.00000005,0.00000000000197671,6760179,2019-02-22 17:00:54,btc,11115177.726615656,0.0,0.00000005,btc,1077593.39762234,0.000284,0.01775788,44
1,[],4,[],2019-02-22 17:00:54,304154790.4440582,0.00000002,0.000000000000790684,6760180,2019-02-22 17:00:54,btc,474.5713450006877,0.0,0.00000002,"btc,ltc",12283111.22500239,0.00016452,0.2176383338107889,49
0,[],4,[],2019-02-22 17:00:56,0.0,0,0,6760181,2019-02-22 17:00:56,,25.469936318718798,0.0,0,,10765310089.049467,0.0,0.0,52
0.00000000012733730000000001,[],22,[],2019-02-22 16:52:56,80945862.0,1.273373e-18,5.0376418602200005e-23,6759989,2019-02-22 16:52:56,XMR,4366.33224183,0.0,0.00000001,XMR,248874057.67882353,0.0,0.80945862,57
0.0000000003726193,[],27,[],2019-02-22 16:52:58,2000.0,3.726193e-18,1.474134117502e-22,6759990,2019-02-22 16:52:58,eth,0.0,0.0,0.00000001,"btc,eth",0.0,0.0,7.452386e-15,57
0,[],17,[],2019-02-22 16:53:02,0.0,0,0,6759993,2019-02-22 16:53:02,btc,1e+24,0.0,0,btc,41401875.8285055,0.0,0.0,58
0.00000000012372050000000002,[],4,[],2019-02-22 17:00:56,857382054.6642373,3.711615e-18,1.46735729733e-22,6760182,2019-02-22 17:00:56,ltc,18.810559503499857,0.0,0.00000003,ltc,3900233936.256049,0.0,1.9814306243884675e-09,58
1,[],12,[],2019-02-22 17:00:58,1654631361.843957,0.0000000004,0.00000000000001581368,6760183,2019-02-22 17:00:58,btc,224005479432.39386,0.0,0.0000000004,btc,3707932222.2122636,0.16458859675106163,0.5372327746011392,58
0.0000000001274996,[],22,[],2019-02-22 17:01:02,137438.0,1.274996e-18,5.04059468632e-23,6760184,2019-02-22 17:01:02,XMR,69.8835922,0.0,0.00000001,XMR,9887963.0,0.0,0.00137438,58
1,[],5,[],2019-02-22 17:01:04,0.0,0,0,6760185,2019-02-22 17:01:04,btc,0.0,0.01095506,0,btc,0.0,0.0,0.0,61
1,[],22,[],2019-02-22 17:01:07,5149.5,0.00000011,0.000000000004348762,6760186,2019-02-22 17:01:07,BTC,1002.29597012,0.0,0.00000011,BTC,14947.700278135757,0.0,0.00051596,61
1,[],26,[],2019-02-22 17:01:07,0.0,0.00000800,0.0000000003162736,6760187,2019-02-22 17:01:07,btc,0.0,0.0,0.00000800,btc,0.0,0.0,0.0,61
1,[],27,[],2019-02-22 17:01:09,2493.55,0.00000045,0.00000000001779039,6760188,2019-02-22 17:01:09,btc,2.9493343005130614,0.0,0.00000045,"btc,eth",19197.38399471,0.0,0.00021559750365196314,61
1,[],28,[],2019-02-22 17:01:15,13882.304,0.0000005,0.0000000000197671,6760189,2019-02-22 17:01:15,btc,2.056328285685105,716.0,0.0000005,btc,9746.52450005,0.0,0.00566491304,61
1,[],4,[],2019-02-22 17:01:16,1472403.56861796,0.00000292,0.000000000115439864,6760190,2019-02-22 17:01:16,btc,11.251304769789815,0.0,0.00000292,btc,790001.79568145,0.11121873,1.434940520691513,67
0.0,[],25,[],2019-02-22 17:01:17,0.0,0,0,6760191,2019-02-22 17:01:17,,0.0,0.0,0.0,btc,0.0,0.0,0.0,67
1,[],12,[],2019-02-22 17:01:18,3012535.15506877,0.00000023,0.000000000009092866,6760192,2019-02-22 17:01:18,btc,11115998.398784429,0.0,0.00000023,btc,2039730.93646717,0.0019319877829657,0.1063269664411136,71
,[],5,[],2018-11-20 23:02:39,1.5e-07,0.00000005,0.000000000002128045,4862160,2018-11-20 23:02:39,btc,2.84511358,0.0,,btc,0.00036572,0.0,0.07381892,74
1,[],5,[],2019-02-22 17:01:19,0.0,0,0,6760193,2019-02-22 17:01:19,btc,0.0,0.0,0,btc,0.0,0.0,0.0,75
1,[],4,[],2019-02-22 17:01:20,17197128.37031862,0.00000001,0.000000000000395342,6760194,2019-02-22 17:01:20,btc,11394.388595673243,0.0,0.00000001,btc,34744270.17624532,0.0,0.1719712837031862,81
0,[],20,[],2019-01-25 09:30:31,0.0,0,0,6495923,2019-01-25 09:30:31,btc,0.0,0.0,0,btc,0.0,0.0,0.0,81
1,[],4,[],2019-02-22 17:01:22,33639.0814173,0.00007670,0.0000000030322731400000003,6760195,2019-02-22 17:01:22,btc,17.761832246891156,0.0,0.00007670,btc,12619.64491314,0.00573395,0.5359147453217998,82
1,[],21,[],2019-02-22 17:01:23,1042091.9899941201,0.00007600999999999999900621161508,0.0000000030049945420000002,6760196,2019-02-22 17:01:23,btc,2.241711739706168,7613.98498363,0.0000760099999999999990062116150824067517532967031002044677734375,btc,23613.79355089,0.58799966,2.4322830171260756,82
0,[],17,[],2019-02-22 15:46:35,0.0,0,0,6759624,2019-02-22 15:46:35,btc,0.0447233088476774,0.0,0,btc,999127.19588126,0.0,0.0,84
0.00000000012372050000000002,[],4,[],2019-02-22 17:01:34,175777987.7071371,4.9488200000000004e-18,1.9564763964400002e-22,6760197,2019-02-22 17:01:34,ltc,1.7830422616706312,0.0,0.00000004,ltc,404249472.9271941,0.0,4.845138259167992e-10,85
,[],22,[],2018-11-20 23:09:34,3408.1,0.0000001,0.0000000000041895,4862324,2018-11-20 23:09:34,BTC,0.04624735,0.0,,BTC,4990.0,0.0,0.00033081,86
0,[],22,[],2019-02-22 12:52:35,0.0,0,0,6758847,2019-02-22 12:52:35,,2.0760781,0.0,0,,140622.94736842104,0.0,0.0,87
0,[],27,[],2019-02-22 12:52:37,0.0,0,0,6758848,2019-02-22 12:52:37,,0.0,0.0,0,btc,0.0,0.0,0.0,87
,[],2,[],2018-11-20 23:10:47,0.0,0,0,4862359,2018-11-20 23:10:47,,0.0,0.0,,,0.0,0.0,0.0,88
1,[],11,[],2019-02-22 17:01:36,90614.66250612,0.00014637999999999999102551218044254710548557341098785400390625,0.0000000057870161959999996,6760198,2019-02-22 17:01:36,btc,610.218575223616,820.6041332,0.00014637999999999999102551218044254710548557341098785400390625,btc,96181.79197677,0.0,5.934245351281554,89
0,[],2,[],2019-01-20 23:31:45,0.0,0,0,6477083,2019-01-20 23:31:45,,0.0,0.0,0,,0.0,0.0,0.0,91
1,[],12,[],2019-02-22 16:53:38,479782.63269834,0.000001399999999999999936647356556240762159859514213167130947113037109375,0.000000000055385959999999996,6760009,2019-02-22 16:53:38,btc,4.308572347339215,0.0,0.000001399999999999999936647356556240762159859514213167130947113037109375,btc,55692.99073653,0.0066323689060921,0.0720626422938151,91
0,[],17,[],2019-02-22 16:53:49,0.0,0,0,6760010,2019-02-22 16:53:49,btc,0.0,0.0,0,btc,0.0,0.0,0.0,91
0,[],22,[],2019-02-22 16:53:52,0.0,0,0,6760011,2019-02-22 16:53:52,,3.1e-06,0.0,0,,2.0,0.0,0.0,91
0.00000000012372050000000002,[],22,[],2019-02-22 17:01:40,3506520.0,4.9488200000000004e-18,1.9564763964400002e-22,6760199,2019-02-22 17:01:40,LTC,8.54674091,0.0,0.00000004,LTC,72080461.1,0.0,0.1050108,95
0.00000000012372050000000002,[],4,[],2019-02-22 17:01:40,628433903.6959631,7.42323e-17,2.9347145946600003e-21,6760200,2019-02-22 17:01:40,ltc,12.436992816775243,0.0,0.0000006,ltc,149038320.57376164,0.0,1.216748163498467e-09,96
1,[],12,[],2019-02-22 17:01:41,238933.0,0.00000001,0.000000000000395342,6760201,2019-02-22 17:01:41,btc,255075.89595435586,0.0,0.00000001,btc,8802090.84546427,0.00034031,0.00238933,96
0,[],17,[],2019-02-22 16:54:11,0.0,0,0,6760015,2019-02-22 16:54:11,btc,0.0,0.0,0,btc,0.0,0.0,0.0,96
1,[],4,[],2019-02-22 16:54:11,1394083.60899183,0.00000032,0.000000000012659648,6760016,2019-02-22 16:54:11,btc,3.242560222388167,0.0,0.00000032,btc,2477113.23820408,0.01623322,0.121617441050833,99
1,[],4,[],2019-02-22 17:01:53,1283300.33062745,0.00003276,0.0000000012951403920000001,6760202,2019-02-22 17:01:53,btc,7.507224793629983,0.0,0.00003276,btc,114564.51427122,2.00928012,1.235927074071039,100
0,[],2,[],2019-01-20 23:23:55,0.0,0,0,6476914,2019-01-20 23:23:55,,0.0,0.0,0,,0.0,0.0,0.0,100
1,[],22,[],2019-02-22 17:01:56,50000.0,0.00000001,0.000000000000395342,6760203,2019-02-22 17:01:56,BTC,23.49896609,0.0,0.00000001,BTC,10277.22,0.0,0.0005,101
1,[],4,[],2019-02-22 17:01:57,460028.64376697,0.00000090,0.00000000003558078,6760204,2019-02-22 17:01:57,btc,256.3113643226922,0.0,0.00000090,btc,479482.92867798,0.01859803,0.2327908496604245,103
1,[],12,[],2019-02-22 17:02:00,54163457.17286972,0.000000013,0.0000000000005139446000000001,6760205,2019-02-22 17:02:00,btc,137279450.93091857,0.0,0.000000013,btc,118761232.45328952,0.02599245583457103,0.15416547724730637,105
1,[],27,[],2019-02-22 17:02:02,413310.89,0.00000001,0.000000000000395342,6760206,2019-02-22 17:02:02,btc,0.2139890355560939,0.0,0.00000001,btc,389775.05581977,0.0,0.0041331089,105
1,[],22,[],2019-02-22 16:54:29,9328.0,0.00000001,0.000000000000395614,6760022,2019-02-22 16:54:29,BTC,51.10837004,0.0,0.00000001,BTC,470435.0,0.0,9.328e-05,107
1,[],26,[],2019-02-22 16:54:29,0.0,0.00000000,0,6760023,2019-02-22 16:54:29,btc,0.0,0.0,0.00000000,btc,0.0,0.0,0.0,107
1,[],5,[],2019-02-22 17:02:03,0.0,0,0,6760207,2019-02-22 17:02:03,btc,0.0,0.00031317,0,btc,0.0,0.0,0.0,112
1,[],22,[],2019-02-22 17:02:06,1966.0,0.00000001,0.000000000000395342,6760208,2019-02-22 17:02:06,BTC,2.81183288,0.0,0.00000001,BTC,808524.0833333334,0.0,1.966e-05,112
0.00000000037264930000000004,[],27,[],2019-02-22 17:02:08,2000.0,3.7264930000000005e-18,1.4732391956060002e-22,6760209,2019-02-22 17:02:08,eth,1.35132491849924,0.0,0.00000001,"btc,eth",1328.641654,0.0,7.452986000000001e-15,112
1,[],4,[],2019-02-22 17:02:09,449626.13103008,0.00000313,0.000000000123742046,6760210,2019-02-22 17:02:09,btc,5.7257159609551005,0.0,0.00000313,btc,343524.78675177,0.02961961,0.1917733620462017,113
1,[],5,[],2019-02-22 17:02:10,0.0,0,0,6760211,2019-02-22 17:02:10,btc,0.0,0.0,0,btc,0.0,0.0,0.0,113
1,[],17,[],2019-02-22 17:02:12,152738.278,0.00000004,0.000000000001581368,6760212,2019-02-22 17:02:12,btc,1.3368030275342124,0.0,0.00000004,btc,51896.221,0.0,0.0022095311199999998,116
0,[],27,[],2019-02-22 17:02:14,0.0,0,0,6760213,2019-02-22 17:02:14,,0.0,0.0,0,btc,0.0,0.0,0.0,116
1,[],4,[],2019-02-22 17:02:15,91728.66919959,0.00002761,0.000000001091539262,6760214,2019-02-22 17:02:15,btc,26.509719051959884,0.0,0.00002761,btc,52390.86287433,0.07951894,0.9923045599602635,120
1,[],7,[],2019-02-22 17:02:16,210368.96105136,0.000027560000000000000404572209067310950558749027550220489501953125,0.000000001089562552,6760215,2019-02-22 17:02:16,btc,115653.82695715333,998.59045236,0.000027560000000000000404572209067310950558749027550220489501953125,btc,37885.70521804,0.02957847,0.055937232405185396,120
1,[],20,[],2019-02-22 17:02:19,1185235.5618,0.000000012,0.0000000000004744104,6760216,2019-02-22 17:02:19,btc,31.9235181096527,20451.4779,0.000000012,btc,1129871.1271,0.0002454177348,0.0034733279724,125
1,[],22,[],2019-02-22 17:02:22,3053.0,0.00000001,0.000000000000395342,6760217,2019-02-22 17:02:22,BTC,0.01444887,0.0,0.00000001,BTC,296263.5111111111,0.0,3.053e-05,126
1,[],4,[],2019-02-22 16:54:50,92283.26966008,0.00001475,0.00000000058353065,6760035,2019-02-22 16:54:50,btc,23.949727081156375,0.0,0.00001475,btc,120421.28633504,0.28136999,0.5085224821049334,131
0,[],17,[],2019-02-22 16:54:51,0.0,0,0,6760036,2019-02-22 16:54:51,btc,0.0009561751951600001,0.0,0,btc,35.42829368,0.0,0.0,131
0,[],2,[],2019-01-20 23:25:46,0.0,0,0,6476969,2019-01-20 23:25:46,,0.0,0.0,0,,0.0,0.0,0.0,131
1,[],4,[],2019-02-22 15:47:53,4557.608767,0.00016811,0.000000006615733696,6759651,2019-02-22 15:47:53,btc,1.6462887882650394,0.0,0.00016811,btc,334.27808618,0.0,0.0091224250832933,135
1,[],3,[],2019-02-22 17:02:23,1494906.66238508,0.00000005,0.00000000000197671,6760218,2019-02-22 17:02:23,btc,0.1358217413247742,19186.31,0.00000005,btc,597822.99008313,0.0,0.0548386662803677,136
1,[],4,[],2019-02-22 17:02:24,273721.93563678,0.00000170,0.00000000006720814,6760219,2019-02-22 17:02:24,btc,38.87309289883914,0.0,0.00000170,btc,631390.87666274,0.0900928,0.0888494584973735,137
1,[],12,[],2019-02-22 17:02:25,290916.5362287,0.000001520000000000000058272072063492164062381561961956322193145751953125,0.000000000060091984,6760220,2019-02-22 17:02:25,btc,11807.60003470633,0.0,0.000001520000000000000058272072063492164062381561961956322193145751953125,btc,124350.38316351,0.0012510318118041,0.0187915199999527,137
1,[],4,[],2019-02-22 17:02:26,231135.31604601,0.00004370,0.00000000172764454,6760221,2019-02-22 17:02:26,btc,28.614733063515548,0.0,0.00004370,btc,45019.6060603,0.26814836,1.182141070203828,142
1,[],5,[],2019-02-22 17:02:28,0.0,0,0,6760222,2019-02-22 17:02:28,btc,0.0,0.16674533,0,btc,0.0,0.0,0.0,142
1,[],20,[],2019-02-22 17:02:30,133455.6001,0.000045043,0.0000000017807389706000002,6760223,2019-02-22 17:02:30,btc,0.4934565146914,40.1643,0.000045043,btc,3751.6313,0.00181140993,0.2398886620837,142
1,[],22,[],2019-02-22 17:02:33,1660.2794996606253,0.00004651,0.0000000018387356420000001,6760224,2019-02-22 17:02:33,BTC,3.00424677,0.0,0.00004651,BTC,896.9785515239478,0.0,0.00506652,142
0.0,[],25,[],2019-02-22 17:02:35,0.0,0,0,6760225,2019-02-22 17:02:35,,0.0,0.0,0.0,btc,0.0,0.0,0.0,142
1,[],28,[],2019-02-22 17:02:40,76883.0,0.00004500,0.000000001779039,6760226,2019-02-22 17:02:40,btc,0.059933722,564.0,0.00004500,btc,406.4319,0.0,0.0388422,142
1,[],17,[],2019-02-22 15:48:00,22967.386363640002,0.00000088,0.000000000034631168,6759657,2019-02-22 15:48:00,btc,20.0699133484,0.0,0.00000088,btc,405.079105,0.0,0.0104613000000032,142
0,[],22,[],2019-02-22 17:02:43,0.0,0,0,6760227,2019-02-22 17:02:43,,61.27387123,0.0,0,,748307405.3,0.0,0.0,143
1,[],21,[],2019-02-22 16:55:21,51038588.23924344,0.00000024,0.000000000009494736,6760047,2019-02-22 16:55:21,btc,40.81239521015231,7094539.6969314,0.00000024,btc,84493641.21394227,1.75418193,3.386948329021057,145
0,[],22,[],2019-02-22 16:55:24,0.0,0,0,6760048,2019-02-22 16:55:24,,4.24946284,0.0,0,,1812156.0,0.0,0.0,146
,[],22,[],2018-11-20 23:01:11,0.0,0,0,4862114,2018-11-20 23:01:11,,2.56807021,0.0,,,61828.4988236,0.0,0.0,147
1,[],12,[],2019-02-22 17:02:44,109306.11000625,0.00000252000000000000001302018388937842274799550068564713001251220703125,0.000000000099626184,6760228,2019-02-22 17:02:44,btc,16.289256699234247,0.0,0.00000252000000000000001302018388937842274799550068564713001251220703125,btc,116973.71783468,0.0002166233766176,0.0189703499999905,148
1,[],4,[],2019-02-22 17:02:45,240513.36796929,0.00000028,0.000000000011069576000000001,6760229,2019-02-22 17:02:45,btc,219.94015463817132,0.0,0.00000028,btc,792818.66646363,0.000319,0.0564957890840236,152
0,[],22,[],2019-02-22 17:02:48,0.0,0,0,6760230,2019-02-22 17:02:48,,0.0,0.0,0,,0.0,0.0,0.0,152
1,[],5,[],2019-02-22 17:02:49,0.0,0,0,6760231,2019-02-22 17:02:49,btc,0.0,1e-06,0,btc,0.0,0.0,0.0,153
,[],16,[],2019-01-11 15:38:59,0.0,0,0,6366141,2019-01-11 15:38:59,btc,0.0,0.0,,btc,0.0,0.0,0.0,155
0,[],22,[],2019-02-22 17:02:52,0.0,0,0,6760232,2019-02-22 17:02:52,,6.74608761,0.0,0,,4644402.242592593,0.0,0.0,156
0,[],23,[],2019-01-20 23:24:29,0.0,0,0,6476932,2019-01-20 23:24:29,,0.0,0.0,0,,0.0,0.0,0.0,156
1,[],22,[],2019-02-22 17:02:55,7073.8,0.00005300,0.0000000020953126000000003,6760233,2019-02-22 17:02:55,BTC,1.80343699,0.0,0.00005300,BTC,899.6422341958436,0.0,0.00104336,157
0,[],22,[],2019-02-22 17:02:58,0.0,0,0,6760234,2019-02-22 17:02:58,,50175.68008609,0.0,0,,54479136.04179466,0.0,0.0,158
,[],17,[],2018-11-20 22:56:10,0.0,0,0,4861976,2018-11-20 22:56:10,btc,1.1265625,0.0,,btc,1000.0,0.0,0.0,159
,[],20,[],2018-11-20 22:56:12,0.0,0,0,4861977,2018-11-20 22:56:12,btc,11912.7940471,0.0,,btc,34413894.3617,0.0,0.0,159
1,[],12,[],2019-02-22 17:02:59,183038.60880212,0.000007960000000000000020959796398489771718232077546417713165283203125,0.000000000314692232,6760235,2019-02-22 17:02:59,btc,6.659379675733403,0.0,0.000007960000000000000020959796398489771718232077546417713165283203125,btc,14735.35749902,0.0022521494777717,0.0998642768971529,168
1,[],17,[],2019-02-22 17:03:01,29784.95,0.000001,0.0000000000395342,6760236,2019-02-22 17:03:01,btc,0.03026736251542,0.0,0.000001,btc,144.46171372,0.0,0.00716147,168
0,[],22,[],2019-02-22 17:03:10,0.0,0,0,6760237,2019-02-22 17:03:10,,1.14695792,0.0,0,,779972.8900917594,0.0,0.0,169
1,[],22,[],2019-02-22 17:03:14,166150.0,0.00000018,0.000000000007116156,6760238,2019-02-22 17:03:14,BTC,13.25792916,0.0,0.00000018,BTC,156449.17566629834,3.8e-05,0.020438,171
1,[],22,[],2019-02-22 17:03:17,152929.125,0.00000008,0.000000000003162736,6760239,2019-02-22 17:03:17,BTC,2.66685844,0.0,0.00000008,BTC,276741.76398337644,0.0,0.0089885,173
1,[],5,[],2019-02-22 17:03:18,0.0,0,0,6760240,2019-02-22 17:03:18,btc,0.0,0.51131919,0,btc,0.0,0.0,0.0,175
1,[],22,[],2019-02-22 17:03:21,65284.0,0.00000035,0.00000000001383697,6760241,2019-02-22 17:03:21,BTC,0.5289391,0.0,0.00000035,BTC,142708.91384013777,0.0,0.0120266,176
1,[],7,[],2019-02-22 17:03:23,0.0,0,0,6760242,2019-02-22 17:03:23,btc,410932.427678026,0.0,0,btc,117633836.32502417,0.0,0.0,178
0,[],22,[],2019-02-22 17:03:26,0.0,0,0,6760243,2019-02-22 17:03:26,,1.00242428,0.0,0,,57512.0,0.0,0.0,178
0,[],2,[],2019-01-20 23:28:34,0.0,0,0,6477001,2019-01-20 23:28:34,,0.0,0.0,0,,0.0,0.0,0.0,178
1,[],5,[],2019-02-22 17:03:28,0.0,0,0,6760244,2019-02-22 17:03:28,btc,0.0,0.08364076,0,btc,0.0,0.0,0.0,179
1,[],22,[],2019-02-22 17:03:32,7050947.0,0.00000002,0.000000000000790684,6760245,2019-02-22 17:03:32,BTC,5.59188708,0.0,0.00000002,"BTC,LTC",18804935.468656633,0.0,0.37595966,179
0,[],23,[],2019-01-20 23:25:08,0.0,0,0,6476952,2019-01-20 23:25:08,,0.0,0.0,0,,0.0,0.0,0.0,179
0.00000000012372050000000002,[],22,[],2019-02-22 17:03:36,128605.4,1.237205e-17,4.891190991100001e-22,6760246,2019-02-22 17:03:36,LTC,0.19476521,0.0,0.0000001,LTC,57943.36975556538,0.0,0.00130544,180
1,[],26,[],2019-02-22 17:03:36,0.0,0.00000100,0.0000000000395342,6760247,2019-02-22 17:03:36,btc,0.0,0.0,0.00000100,btc,0.0,0.0,0.0,180
1,[],17,[],2019-02-22 12:55:34,10504.725,0.0000001,0.00000000000396288,6758903,2019-02-22 12:55:34,btc,5.2010695838170005,0.0,0.0000001,btc,4994.45945,0.0,0.0010504725,180
,[],7,[],2018-11-20 22:58:01,562227.975654,0.00000085,0.000000000036176765,4862015,2018-11-20 22:58:01,btc,21836.6059674,2491.87645172,,btc,749999.041456,0.00211021,0.127565380455,183
,[],5,[],2019-01-10 08:11:41,0.0,0,0,6347036,2019-01-10 08:11:41,btc,82.15055501,0.00261,,btc,1.19002445,0.0,0.0,187
1,[],24,[],2019-02-22 17:03:37,0.0,0.000000000001,3.95342e-17,6760248,2019-02-22 17:03:37,btc,0.0,0.0,0.000000000001,btc,0.0,0.0,0.0,187
,[],17,[],2018-11-16 20:58:10,4062536.27273,0.00000001,0.000000000000550501,4708775,2018-11-16 20:58:10,btc,3.36492563466,0.195460381006,,"btc,eth",110697919.549,0.0,0.0157628953496,187
0,[],22,[],2019-02-22 17:03:40,0.0,0,0,6760249,2019-02-22 17:03:40,,1.19374396,0.0,0,,16308.869534405507,0.0,0.0,191
0,[],22,[],2019-02-22 17:03:44,0.0,0,0,6760250,2019-02-22 17:03:44,,0.0,0.0,0,,0.0,0.0,0.0,197
0,[],23,[],2019-01-20 23:31:41,0.0,0,0,6477079,2019-01-20 23:31:41,,0.0,0.0,0,,0.0,0.0,0.0,199
0,[],22,[],2019-02-22 17:03:47,0.0,0,0,6760251,2019-02-22 17:03:47,,5.17330081,0.0,0,,21824453.0,0.0,0.0,199
1,[],26,[],2019-02-22 17:03:47,0.0,0.00000000,0,6760252,2019-02-22 17:03:47,btc,0.0,0.0,0.00000000,btc,0.0,0.0,0.0,199
0,[],17,[],2019-01-30 16:32:01,0.0,0,0,6540827,2019-01-30 16:32:01,btc,6.802544163788159,0.0,0,btc,105897.55575295,0.0,0.0,200
0,[],2,[],2019-01-20 23:30:49,0.0,0,0,6477059,2019-01-20 23:30:49,,0.0,0.0,0,,0.0,0.0,0.0,201
1,[],4,[],2019-01-25 15:51:35,2084389.58565343,0.00000936,0.000000000333526752,6499557,2019-01-25 15:51:35,btc,2.0092503037378524,0.0,0.00000936,btc,160195.80207885,0.19272417,1.242687955921835,211
1,[],7,[],2019-02-22 17:03:50,4363206.86396466,0.000001410000000000000052661867921965921368609997443854808807373046875,0.000000000055743222000000005,6760253,2019-02-22 17:03:50,btc,15475877.07882427,936225.904927,0.000001410000000000000052661867921965921368609997443854808807373046875,btc,13554341.35685985,0.0,3.3730504264770977,212
1,[],5,[],2019-02-22 17:03:50,0.0,0,0,6760254,2019-02-22 17:03:50,btc,0.0,0.19644493,0,btc,0.0,0.0,0.0,213
1,[],24,[],2019-02-22 17:03:51,0.0,0.000000150000,0.00000000000593013,6760255,2019-02-22 17:03:51,btc,0.0,0.0,0.000000150000,btc,0.0,0.0,0.0,213
1,[],26,[],2019-02-22 17:03:51,0.0,0.00000009,0.000000000003558078,6760256,2019-02-22 17:03:51,btc,0.0,0.0,0.00000009,btc,0.0,0.0,0.0,213
1,[],12,[],2019-01-25 02:44:32,207462.42853209,0.000001080000000000000035831255497387193287295303889550268650054931640625,0.000000000038610756000000006,6493050,2019-01-25 02:44:32,btc,85023.03793723314,0.0,0.000001080000000000000035831255497387193287295303889550268650054931640625,btc,43675.73520027,0.000146250909087,0.0348620860622024,213
1,[],22,[],2019-02-22 16:56:50,119971.0,0.00000001,0.000000000000395614,6760077,2019-02-22 16:56:50,BTC,2.19671377,0.0,0.00000001,BTC,271112.59081706154,2.9e-07,0.00119971,216
1,[],27,[],2019-02-22 16:56:52,1241251.0,0.00000009,0.000000000003560526,6760078,2019-02-22 16:56:52,btc,355.9340395729,41297.4,0.00000009,"btc,ltc",218469.501,0.00330379,0.03438750000006191,216
1,[],22,[],2019-02-22 16:56:56,292408.1719224725,0.00000230,0.00000000009099122,6760079,2019-02-22 16:56:56,BTC,12673.47195173,0.0,0.00000230,BTC,355159.76948654716,0.02046121,0.4407012,217
1,[],7,[],2019-02-22 17:03:53,0.0,0,0,6760257,2019-02-22 17:03:53,btc,77969.6155208115,0.0,0,btc,137043536.6050253,0.0,0.0,219
0,[],27,[],2019-02-22 17:03:55,0.0,0,0,6760258,2019-02-22 17:03:55,,0.0740438339680921,0.0,0,btc,1536429.20709513,0.0,0.0,219
0.0000000000000052,[],28,[],2019-02-22 17:04:01,168262604.092,4.31652e-18,1.70650164984e-22,6760259,2019-02-22 17:04:01,doge,83813.6478917675,14136.0,0.00083010,"btc,doge",4822399.34751,0.0,1.198831752510288e-11,219
1,[],22,[],2019-02-22 17:04:05,196135.6,0.00000012,0.000000000004744104,6760260,2019-02-22 17:04:05,BTC,3.00159283,0.0,0.00000012,BTC,106936.27041875875,0.01432235,0.02066356,221
1,[],24,[],2019-02-22 17:04:05,0.0,0.000000200000,0.00000000000790684,6760261,2019-02-22 17:04:05,btc,0.0,0.0,0.000000200000,btc,0.0,0.0,0.0,221
1,[],20,[],2019-02-22 16:57:07,43228436.1239,0.000000001,0.0000000000000395614,6760085,2019-02-22 16:57:07,btc,47.9985004787227,1015745.7339,0.000000001,btc,11304589.0749,0.0010157457339,0.0432284361239,224
0,[],22,[],2019-02-22 16:57:09,0.0,0,0,6760086,2019-02-22 16:57:09,,0.0,0.0,0,,0.0,0.0,0.0,224
1,[],26,[],2019-02-22 16:57:09,0.0,0.00000036,0.000000000014242104,6760087,2019-02-22 16:57:09,btc,0.0,0.0,0.00000036,btc,0.0,0.0,0.0,231
1,[],26,[],2019-02-22 17:04:06,0.0,0.00000006,0.000000000002372052,6760262,2019-02-22 17:04:06,btc,0.0,0.0,0.00000006,btc,0.0,0.0,0.0,234
0.00000000037264930000000004,[],27,[],2019-02-22 17:04:08,2000.0,3.7264930000000005e-18,1.4732391956060002e-22,6760263,2019-02-22 17:04:08,eth,0.0113483662182,0.0,0.00000001,"btc,eth",11462.99618,0.0,7.452986000000001e-15,234
0,[],22,[],2019-02-22 17:04:11,0.0,0,0,6760264,2019-02-22 17:04:11,,3.839094,0.0,0,,90131669.48015873,0.0,0.0,235
1,[],4,[],2019-02-22 17:04:12,1081019.97475757,0.00000097,0.000000000038348174,6760265,2019-02-22 17:04:12,btc,4.504403377685014,0.0,0.00000097,btc,1015088.64138235,0.24587038,0.347454320997838,236
1,[],24,[],2019-02-22 17:04:12,0.0,0.000000020010,0.0000000000007910793420000001,6760266,2019-02-22 17:04:12,btc,0.0,0.0,0.000000020010,btc,0.0,0.0,0.0,236
1,[],20,[],2019-02-22 17:04:14,64883567.1591,0.000000065,0.000000000002569723,6760267,2019-02-22 17:04:14,btc,10.0899478761412,26319827.6639,0.000000065,btc,45071022.3456,1.7298042213864,0.3280426129921,237
1,[],22,[],2019-02-22 17:04:18,116403.0,0.00000004,0.000000000001581368,6760268,2019-02-22 17:04:18,BTC,0.0405823,0.0,0.00000004,"BTC,LTC",3164.0,0.0,0.00482009,237
1,[],4,[],2019-02-22 17:04:20,7519015.37609514,0.00000033,0.000000000013046286000000001,6760269,2019-02-22 17:04:20,btc,5.22947728848724,0.0,0.00000033,btc,8179262.62932103,0.54614476,1.605176078430371,238
1,[],5,[],2019-02-22 17:04:21,0.0,0,0,6760270,2019-02-22 17:04:21,btc,0.0,0.00935536,0,btc,0.0,0.0,0.0,238
0,[],22,[],2019-02-22 17:04:24,0.0,0,0,6760271,2019-02-22 17:04:24,,27.41701007,0.0,0,,370860.0639027493,0.0,0.0,249
0.00000000012372050000000002,[],22,[],2019-02-22 17:04:28,7121097.666666667,3.711615e-18,1.46735729733e-22,6760272,2019-02-22 17:04:28,LTC,0.54180351,0.0,0.00000003,LTC,14549981.09,2.9569496429200004e-12,0.21263595,252
1,[],28,[],2019-02-22 17:04:29,4765956.698,0.00000011,0.000000000004348762,6760273,2019-02-22 17:04:29,btc,164693.6977881204,277215.721,0.00000011,btc,1017157.2421,0.0,0.3074811375,256
1,[],22,[],2019-02-22 17:04:33,2448447.6666666665,0.00000003,0.000000000001186026,6760274,2019-02-22 17:04:33,BTC,31.42325404,0.0,0.00000003,BTC,516668.9505485993,0.000255,0.05230815,258
1,[],22,[],2019-02-22 16:57:47,48751.0,0.00000001,0.000000000000395614,6760101,2019-02-22 16:57:47,BTC,2.4175745,0.0,0.00000001,BTC,1762.0,0.0,0.00048751,259
1,[],5,[],2019-02-22 17:04:34,0.0,0,0,6760275,2019-02-22 17:04:34,btc,0.0,0.12876995,0,btc,0.0,0.0,0.0,264
1,[],20,[],2019-02-22 17:04:35,1216236.7704,0.000002011,0.00000000007950327620000001,6760276,2019-02-22 17:04:35,btc,7.6908478925348,12674.111,0.000002011,btc,108476.3614,0.042813146958,0.020607465473,264
1,[],22,[],2019-02-22 17:04:45,25664.0,0.00000001,0.000000000000395342,6760277,2019-02-22 17:04:45,BTC,8.4442135,0.0,0.00000001,BTC,427909.69136002666,0.000105,0.00025664,271
0,[],22,[],2019-02-22 17:06:47,0.0,0,0,6760278,2019-02-22 17:06:47,,259.09983823,0.0,0,,14390728027.9,0.0,0.0,272
0.0000000000000052,[],28,[],2019-02-22 17:06:53,231878122601.571,4.212e-21,1.665180504e-25,6760279,2019-02-22 17:06:53,doge,5966949.0862154225,22376953487.596,0.00000081,doge,211960818304.16354,0.0,6.214525290239327e-10,272
1,[],22,[],2019-02-22 17:06:57,114058.74,0.00000207,0.000000000081835794,6760280,2019-02-22 17:06:57,BTC,74.33578881,0.0,0.00000207,"BTC,LTC",7860.487639773189,0.02638503,0.04325372,281
1,[],22,[],2019-02-22 16:58:07,58579.0,0.00000002,0.000000000000791228,6760108,2019-02-22 16:58:07,BTC,1.33236055,0.0,0.00000002,BTC,142018.04598459575,0.00010542,0.00096388,286
0,[],22,[],2019-02-22 17:07:01,0.0,0,0,6760281,2019-02-22 17:07:01,,43634.49963541,0.0,0,,417028384.0,0.0,0.0,294
