pairValue,buyBook,exchangeId,sellBook,updated,buyTotal,satoshiPrice,usdPrice,exchangeLogId,created,bestPair,sellTotalBtc,volume,pairPrice,activePairs,sellTotal,volumeBtc,buyTotalBtc,coinId
0,[],2,[],2019-01-20 23:28:45,0.0,0,0,6477011,2019-01-20 23:28:45,,0.0,0.0,0,,0.0,0.0,0.0,1
1,[],3,[],2019-06-01 01:02:15,189.876550871141,0.01110002000000000037249758833013402181677520275115966796875,0.0000009514715143599999,7720421,2019-06-01 01:02:15,btc,1.3767377654655324,42.4031853565,0.01110002000000000037249758833013402181677520275115966796875,btc,21.157454250204,0.0,0.23606087374155402,1
1,[],4,[],2019-06-01 01:02:15,207691.7662747,0.01090814,0.00000093502394452,7720422,2019-06-01 01:02:15,btc,7.6143735855832855,0.0,0.01090814,btc,298.98206525,1.40179266,0.6331217580446691,1
1,[],5,[],2019-06-01 01:02:17,0.0,0,0,7720423,2019-06-01 01:02:17,btc,0.0,0.0128793,0,btc,0.0,0.0,0.0,1
1,[],10,[],2019-06-01 01:02:21,312492.7547126,0.00680664,0.00000058345156752,7720424,2019-06-01 01:02:21,btc,6520.144784245893,1622.77787832,0.00680664,btc,1207.34870969,0.0,2.3931764793514554,1
1,[],12,[],2019-06-01 01:02:23,73.57924863,0.010899999999999999966693309261245303787291049957275390625,0.0000009343262,7720425,2019-06-01 01:02:23,btc,0.1733674618837,0.0,0.010899999999999999966693309261245303787291049957275390625,btc,15.00259149,0.010666283873,0.2734179081931,1
1,[],20,[],2019-06-01 01:02:25,934.138,0.00920886,0.0000007893650614799999,7720426,2019-06-01 01:02:25,btc,0.2238080820174,0.5116,0.00920886,btc,17.3543,0.0054077113918,0.0995786550491,1
1,[],21,[],2019-06-01 01:02:27,2013.21456935,0.01088070000000000009388045896,0.0000009326718425999999,7720427,2019-06-01 01:02:27,btc,10.286449069038582,2091.4317345100003,0.010880700000000000093880458962303237058222293853759765625,"btc,eth",1256.15928803,20.58864272466581,17.991214464015616,1
1,[],22,[],2019-06-01 01:02:31,0.0025666666666666667,0.00900000,0.000000771462,7720428,2019-06-01 01:02:31,BTC,0.31629903,0.0,0.00900000,BTC,0.2505752479991019,0.0,2.31e-05,1
1,[],24,[],2019-06-01 01:02:31,0.0,0.000000000000,0,7720429,2019-06-01 01:02:31,btc,0.0,0.0,0.000000000000,btc,0.0,0.0,0.0,1
0.0,[],25,[],2019-06-01 01:02:32,0.0,0,0,7720430,2019-06-01 01:02:32,btc,8.69999999956979,2003.02055816,0.0,btc,721.95457727,22.155,0.0,1
1,[],26,[],2019-06-01 01:02:34,0.0,0,0,7720431,2019-06-01 01:02:34,,0.0,0.0,0,,0.0,0.0,0.0,1
0,[],28,[],2019-06-01 01:03:26,0.0,0,0,7720432,2019-06-01 01:03:26,,0.0,350797.25,0,,0.0,0.0,0.0,1
1,[],5,[],2019-06-01 01:03:28,0.0,0,0,7720433,2019-06-01 01:03:28,btc,0.0,0.00204234,0,btc,0.0,0.0,0.0,2
1,[],22,[],2019-06-01 01:03:32,11638.0,0.0000002,0.0000000000171436,7720434,2019-06-01 01:03:32,BTC,21.00897301,0.0,0.0000002,"BTC,XMR",20678.87287795317,0.0,0.00145435,2
1,[],5,[],2019-06-01 01:03:33,0.0,0,0,7720435,2019-06-01 01:03:33,btc,0.0,1.0138851,0,btc,0.0,0.0,0.0,3
1,[],12,[],2019-06-01 01:03:34,1243193.09982,0.000000119,0.000000000010200442,7720436,2019-06-01 01:03:34,btc,169517.44722563025,0.0,0.000000119,btc,2750079.34478469,0.109976568146,0.09242951203868,3
0,[],28,[],2019-06-01 01:03:36,0.0,0,0,7720437,2019-06-01 01:03:36,,0.0,0.0,0,,0.0,0.0,0.0,3
0,[],2,[],2019-01-20 23:31:32,0.0,0,0,6477077,2019-01-20 23:31:32,,0.0,0.0,0,,0.0,0.0,0.0,4
1,[],4,[],2019-05-18 21:29:50,562734.9206932,0.00000010,0.000000000007298720000000001,7650946,2019-05-18 21:29:50,btc,41.9347137769675,0.0,0.00000010,btc,1123702.32192634,0.00052462,0.029254593370966,4
0,[],12,[],2019-05-31 23:13:02,0.0,0,0,7720137,2019-05-31 23:13:02,btc,625.901992874995,0.0,0,btc,1211362.4995005,0.0,0.0,5
0,[],2,[],2019-01-20 23:31:51,0.0,0,0,6477087,2019-01-20 23:31:51,,0.0,0.0,0,,0.0,0.0,0.0,6
1,[],11,[],2019-06-01 01:03:38,9060347.776736,0.00000002,0.00000000000171436,7720438,2019-06-01 01:03:38,btc,9582.916036042945,3292184.0,0.00000002,btc,68308596.46260394,0.0,0.13675210276736,6
1,[],3,[],2019-06-01 01:03:38,11366.97036707846,0.000088889999999999997661037642870951458462513983249664306640625,0.000000007619473019999999,7720439,2019-06-01 01:03:38,btc,0.049072845356607095,176.533509258,0.000088889999999999997661037642870951458462513983249664306640625,btc,173.178246764518,0.0,0.021051253972347913,7
1,[],4,[],2019-06-01 01:03:39,320153.71017227,0.00009666,0.00000000828550188,7720440,2019-06-01 01:03:39,btc,9.803513381147058,0.0,0.00009666,btc,55566.26178857,3.43817602,1.885818030773466,7
1,[],5,[],2019-06-01 01:03:42,0.0,0,0,7720441,2019-06-01 01:03:42,btc,0.0,0.56500319,0,btc,0.0,0.0,0.0,7
1,[],20,[],2019-04-07 22:06:50,3201475.0482,0.000000001,0.000000000000051590000000000004,7213932,2019-04-07 22:06:50,btc,30.8005781811902,0.0,0.000000001,btc,23077405.3926,0.0,0.0032014750482,8
0,[],2,[],2019-01-20 23:22:42,0.0,0,0,6476876,2019-01-20 23:22:42,,0.0,0.0,0,,0.0,0.0,0.0,9
0,[],23,[],2019-01-20 23:22:48,0.0,0,0,6476878,2019-01-20 23:22:48,,0.0,0.0,0,,0.0,0.0,0.0,9
1,[],1,[],2019-02-17 23:31:42,1822507.21,0.00000181000000000000003456111265232042484285557293333113193511962890625,0.000000000066086901,6701244,2019-02-17 23:31:42,btc,3.6990969245,17153386.5,0.00000181000000000000003456111265232042484285557293333113193511962890625,btc,1997391.71,31.11772986,3.2610482446,9
1,[],4,[],2019-06-01 01:03:44,22354385.22853082,0.00000047,0.00000000004028746,7720442,2019-06-01 01:03:44,btc,3.278535017372284,0.0,0.00000047,btc,3192952.26404524,0.44855149,0.4003857361404429,9
0,[],28,[],2019-06-01 01:03:58,0.0,0,0,7720443,2019-06-01 01:03:58,,0.0,3645932.0,0,,0.0,0.0,0.0,9
1,[],4,[],2019-02-17 11:22:43,4341674.27126056,0.00000002,0.0000000000007272960000000001,6696112,2019-02-17 11:22:43,btc,0.1997230937751353,0.0,0.00000002,btc,4109766.79808031,0.00215132,0.0479381022052112,10
0,[],2,[],2019-01-20 23:23:08,0.0,0,0,6476890,2019-01-20 23:23:08,,0.0,0.0,0,,0.0,0.0,0.0,12
1,[],4,[],2019-06-01 01:03:58,7277735.2203052,0.00000045,0.000000000038573099999999995,7720444,2019-06-01 01:03:58,btc,4.743181549098459,0.0,0.00000045,btc,5074302.47640288,0.81029305,1.130993042086438,12
1,[],5,[],2019-06-01 01:04:00,0.0,0,0,7720445,2019-06-01 01:04:00,btc,0.0,0.2035516,0,btc,0.0,0.0,0.0,12
0.0,[],25,[],2019-06-01 01:04:01,0.0,0,0,7720446,2019-06-01 01:04:01,,0.0,0.0,0.0,btc,0.0,0.0,0.0,12
1,[],21,[],2019-06-01 01:04:07,1795585.06846514,0.000005599999999999999746589426225,0.0000000004800207999999999,7720448,2019-06-01 01:04:07,btc,2.3633134412320254,591683.84437153,0.0000055999999999999997465894262249630486394380568526685237884521484375,btc,375780.06906685,3.31755134,7.262840435312722,13
1,[],10,[],2019-05-31 21:36:03,650316.56158354,0.00000546,0.0000000004658936100000001,7719702,2019-05-31 21:36:03,btc,666803.2906359475,19126.0323995,0.00000546,btc,870981.64789904,0.0,0.2342929989259544,13
1,[],4,[],2019-06-01 01:04:03,322039.13899428,0.00000535,0.00000000045859129999999997,7720447,2019-06-01 01:04:03,btc,1.7134249035692781,0.0,0.00000535,btc,222375.82941865,0.37668463,0.4047700676598557,13
1,[],4,[],2019-06-01 01:04:08,903984.66931213,0.00000076,0.00000000006514567999999999,7720449,2019-06-01 01:04:08,btc,4.315063089501266,0.0,0.00000076,btc,846579.5698504,0.01157984,0.0768459118247059,14
1,[],12,[],2019-06-01 01:04:10,135662.19475834,0.00000073,0.00000000006257414,7720450,2019-06-01 01:04:10,btc,14.134150797843073,0.0,0.00000073,btc,21650.79261605,0.0,0.0152533299999775,14
1,[],26,[],2019-06-01 01:06:10,0.0,0.00000050,0.000000000042859,7720451,2019-06-01 01:06:10,btc,0.0,0.0,0.00000050,btc,0.0,0.0,0.0,14
0,[],17,[],2019-05-03 00:53:32,0.0,0,0,7558876,2019-05-03 00:53:32,btc,0.0,0.0,0,btc,0.0,0.0,0.0,14
0,[],4,[],2019-06-01 01:06:11,0.0,0,0,7720452,2019-06-01 01:06:11,,0.0,0.0,0,,0.0,0.0,0.0,15
,[],12,[],2018-12-01 15:15:48,204241.84496,0.00000489,0.000000000202473384,5260204,2018-12-01 15:15:48,btc,49.5475654835,0.0,,btc,35763.2193806,0.0163153972027625,0.0203389899998,15
1,[],4,[],2019-06-01 01:06:12,34452.11929069,0.00001053,0.00000000090261054,7720453,2019-06-01 01:06:12,btc,0.993512699037907,0.0,0.00001053,btc,12918.55752113,0.0493064,0.08050919756104,18
1,[],10,[],2019-06-01 01:06:14,498062.71600566,0.00001244,0.0000000010663319199999998,7720454,2019-06-01 01:06:14,btc,15.338575839333886,2469.68022666,0.00001244,btc,13128.42602483,0.0,0.1523503676599954,18
1,[],12,[],2019-06-01 01:06:15,3291.79185517,0.000012310000000000000724086589298789107260745367966592311859130859375,0.00000000105518858,7720455,2019-06-01 01:06:15,btc,0.400770046740424,0.0,0.000012310000000000000724086589298789107260745367966592311859130859375,btc,1455.9362923,1.64875e-06,0.0135030741776092,18
0,[],2,[],2019-01-20 23:23:38,0.0,0,0,6476906,2019-01-20 23:23:38,,0.0,0.0,0,,0.0,0.0,0.0,18
0,[],17,[],2019-05-03 00:53:39,0.0,0,0,7558882,2019-05-03 00:53:39,btc,0.0,0.0,0,btc,0.0,0.0,0.0,18
1,[],3,[],2019-06-01 01:08:16,149929.18892452907,0.0000050699999999999997388091914352070688210005755536258220672607421875,0.00000000043459025999999996,7720456,2019-06-01 01:08:16,btc,0.24600525315759558,3787.61204435,0.0000050699999999999997388091914352070688210005755536258220672607421875,btc,5247.115953265815,0.0,0.0536705786936401,19
1,[],4,[],2019-06-01 01:08:16,525437.87268469,0.00000810,0.0000000006943157999999999,7720457,2019-06-01 01:08:16,btc,3.998122331966185,0.0,0.00000810,btc,169703.42415068,0.05993806,0.504377504623426,19
1,[],5,[],2019-06-01 01:08:18,0.0,0,0,7720458,2019-06-01 01:08:18,btc,0.0,0.00098835,0,btc,0.0,0.0,0.0,19
1,[],12,[],2019-06-01 01:08:19,15065.45472552,0.000007109999999999999688846986922730053493069135583937168121337890625,0.00000000060945498,7720459,2019-06-01 01:08:19,btc,0.0584462012283661,0.0,0.000007109999999999999688846986922730053493069135583937168121337890625,btc,1678.60747297,0.000964805194,0.0269046999997114,19
0,[],27,[],2019-06-01 01:08:25,0.0,0,0,7720460,2019-06-01 01:08:25,,0.0,0.0,0,btc,0.0,0.0,0.0,19
0,[],2,[],2019-01-20 23:24:19,0.0,0,0,6476924,2019-01-20 23:24:19,,0.0,0.0,0,,0.0,0.0,0.0,19
1,[],4,[],2019-06-01 01:08:26,10062076.88478525,0.00000007,0.000000000006000259999999999,7720461,2019-06-01 01:08:26,btc,6.411239436602338,0.0,0.00000007,btc,2322306.93095912,0.0,0.1174938176872809,20
1,[],4,[],2019-06-01 01:08:27,8932456.648,0.00000001,0.00000000000085718,7720462,2019-06-01 01:08:27,btc,1793.5326709130711,0.0,0.00000001,btc,71273445.02851576,0.15287032,0.08932456648,21
1,[],12,[],2019-06-01 01:08:27,2225192.0,0.00000001,0.00000000000085718,7720463,2019-06-01 01:08:27,btc,2566.6125287053546,0.0,0.00000001,btc,5033244.76723275,0.000104027481,0.02225192,21
0,[],17,[],2019-05-03 00:53:51,0.0,0,0,7558891,2019-05-03 00:53:51,btc,0.0,0.0,0,btc,0.0,0.0,0.0,21
1,[],12,[],2019-06-01 00:10:56,5192918192.0,0.0000000003,0.000000000000025708889999999996,7720314,2019-06-01 00:10:56,btc,709129608.5246117,0.0,0.0000000003,btc,3280926323.8907523,0.218120608394,1.1880784415,23
0.0000000003125139,[],27,[],2019-06-01 00:11:03,65366422.5039447,9.375417e-18,8.034385478570999e-22,7720315,2019-06-01 00:11:03,eth,105173.3122904728,54394949.51609598,0.00000003,eth,20108492.028,5.09975335819011e-10,3.8363391793955165e-10,23
1,[],4,[],2019-06-01 00:11:04,1942743.74503808,0.00000027,0.000000000023138001,7720316,2019-06-01 00:11:04,btc,10.62584400964341,0.0,0.00000027,btc,1713889.23538978,0.0576759,0.0774367723208229,24
1,[],22,[],2019-06-01 00:11:07,21.76,0.00000100,0.0000000000856963,7720317,2019-06-01 00:11:07,BTC,7.415e-05,0.0,0.00000100,BTC,23.919354838709676,0.0,1.186e-05,24
0.0,[],25,[],2019-06-01 00:11:08,0.0,0,0,7720318,2019-06-01 00:11:08,,0.0,0.0,0.0,btc,0.0,0.0,0.0,24
1,[],4,[],2019-06-01 00:11:09,26939189.35817372,0.00000463,0.000000000396773869,7720319,2019-06-01 00:11:09,btc,14.003587260719977,0.0,0.00000463,btc,245790.76645006,0.09627989,0.4554318369713485,26
1,[],10,[],2019-06-01 00:11:11,150656.19915058,0.00000422,0.000000000361638386,7720320,2019-06-01 00:11:11,btc,25.58708029455813,5482.15887219,0.00000422,btc,23615.73262762,0.0,0.0358210810213711,26
0,[],2,[],2019-01-20 23:25:56,0.0,0,0,6476976,2019-01-20 23:25:56,,0.0,0.0,0,,0.0,0.0,0.0,26
1,[],5,[],2019-04-26 09:47:06,0.0,0,0,7465326,2019-04-26 09:47:06,btc,0.0,0.0,0,btc,0.0,0.0,0.0,27
1,[],3,[],2019-06-01 00:11:11,21937858.685043,0.00000001,0.0000000000008569629999999999,7720321,2019-06-01 00:11:11,btc,3.7661312427403306,10187472.1857,0.00000001,btc,26160215.96460736,0.0,0.21937858685043,27
1,[],11,[],2019-06-01 00:11:13,2110243.08157834,0.00000002,0.0000000000017139259999999999,7720322,2019-06-01 00:11:13,btc,67503.04527066177,19676.5543251,0.00000002,btc,6588861.32608848,0.0,0.0211134458157834,27
1,[],4,[],2019-06-01 00:11:15,1083994602.6116583,0.00000001,0.0000000000008569629999999999,7720323,2019-06-01 00:11:15,btc,4.873268400695582,0.0,0.00000001,"btc,ltc",296880152.33093137,0.03426531,7.466178589813118,29
1,[],7,[],2019-06-01 00:11:16,85451021.33155985,0.00000001,0.0000000000008569629999999999,7720324,2019-06-01 00:11:16,btc,46548272.1303997,95984.0758483,0.00000001,btc,35158584.76433702,0.0,0.8545102133155985,29
1,[],4,[],2019-06-01 00:11:17,15262083.35130119,0.00000007,0.000000000005998741,7720325,2019-06-01 00:11:17,btc,2.598792341939883,0.0,0.00000007,btc,2103132.23973194,0.0,0.1699638309365784,30
0,[],17,[],2019-05-03 01:11:25,0.0,0,0,7559066,2019-05-03 01:11:25,btc,0.0,0.0,0,btc,0.0,0.0,0.0,30
1,[],4,[],2019-06-01 00:13:18,105409.58177935,0.00004387,0.000000003759496681,7720326,2019-06-01 00:13:18,btc,3.3625477514215056,0.0,0.00004387,btc,45525.83049669,0.68016754,0.4914598912770941,31
1,[],21,[],2019-06-01 00:13:19,180446.48541531,0.00004586999999999999958659804844,0.000000003930889281,7720327,2019-06-01 00:13:19,btc,6.786737390441915,153760.1671714,0.0000458699999999999995865980484399671013306942768394947052001953125,btc,134175.38256514,6.68106512,6.759669595179482,31
0,[],2,[],2019-01-20 23:28:43,0.0,0,0,6477009,2019-01-20 23:28:43,,0.0,0.0,0,,0.0,0.0,0.0,32
0,[],4,[],2019-06-01 00:13:21,0.0,0,0,7720328,2019-06-01 00:13:21,,0.0,0.0,0,,0.0,0.0,0.0,33
1,[],12,[],2019-03-30 07:55:10,40641173.964,0.00000003,0.000000000001228359,7108785,2019-03-30 07:55:10,btc,4233210.82356125,0.0,0.00000003,btc,28378394.68333462,0.0126927883965248,0.90752895892,33
0.0000000001338224,[],4,[],2019-06-01 00:13:22,509790226.4487445,3.34556e-17,2.86702113428e-21,7720329,2019-06-01 00:13:22,ltc,3.6059298381959994,0.0,0.00000025,ltc,154147432.32130116,0.00124777,2.083277747737051e-09,34
1,[],5,[],2019-06-01 00:13:24,0.0,0,0,7720330,2019-06-01 00:13:24,btc,0.0,2e-05,0,btc,0.0,0.0,0.0,34
0.0000000002926451,[],17,[],2019-05-02 18:17:47,200000.0,2.9264510000000002e-18,1.596703856561e-22,7556430,2019-05-02 18:17:47,eth,0.20942468735267253,0.0,0.00000001,"btc,eth",1018272.20243647,0.0,5.852902e-13,36
0.0000000001311821,[],4,[],2019-05-31 13:28:19,2417517744.0607657,1.311821e-18,1.105058333085e-22,7717483,2019-05-31 13:28:19,ltc,5.019900492391546e-08,0.0,0.00000001,ltc,7102398142.262129,0.0,3.171350544531538e-09,36
1,[],5,[],2019-05-31 13:28:21,0.0,0,0,7717484,2019-05-31 13:28:21,btc,0.0,0.0,0,btc,0.0,0.0,0.0,36
0.0000000003108179,[],27,[],2019-05-31 13:30:34,10388811.226876,6.216358000000001e-18,5.236566733830001e-22,7717485,2019-05-31 13:30:34,eth,1569.8708019850988,761866.634299,0.00000002,"ltc,eth",5084024.2511555,4.736034912207001e-12,3.3251980286483705e-11,36
1,[],4,[],2019-06-01 00:13:25,9887050.9222678,0.00000015,0.000000000012854444999999998,7720331,2019-06-01 00:13:25,btc,19772.52054387075,0.0,0.00000015,btc,730230.57933135,0.00108946,0.12321525301137,37
1,[],12,[],2019-06-01 00:13:27,3618118.84028571,0.00000018,0.000000000015425334,7720332,2019-06-01 00:13:27,btc,12.417833064945059,0.0,0.00000018,btc,979816.73707124,0.018653333929,0.1655798012514278,37
1,[],27,[],2019-06-01 00:15:33,6137.0,0.00000016,0.000000000013711407999999999,7720333,2019-06-01 00:15:33,btc,24.12337022903233,50.0,0.00000016,btc,5792.49438508,8e-06,0.00075592,37
1,[],17,[],2019-05-03 01:11:36,211752.74075282,0.00000025,0.000000000013700074999999998,7559074,2019-05-03 01:11:36,btc,0.055484923955058496,0.0,0.00000025,"btc,eth",1387.19918473,0.0,0.0005381851887916605,37
1,[],5,[],2019-06-01 00:15:35,0.0,0,0,7720334,2019-06-01 00:15:35,btc,0.0,0.00096205,0,btc,0.0,0.0,0.0,42
1,[],12,[],2019-06-01 00:15:36,124239.74775439,0.00000092,0.00000000007884059599999999,7720335,2019-06-01 00:15:36,btc,24.790274259428568,0.0,0.00000092,btc,72319.88087489,0.002986581288,0.0408649099999559,42
1,[],27,[],2019-06-01 00:15:44,506.0,0.00000002,0.0000000000017139259999999999,7720336,2019-06-01 00:15:44,btc,0.07600425,0.0,0.00000002,"btc,eth",18.0,0.0,6.0000003283271034e-06,42
1,[],12,[],2019-03-13 09:13:29,1112112.0,0.00000001,0.000000000000386531,6919902,2019-03-13 09:13:29,btc,29058.00478931866,0.0,0.00000001,btc,5967681.93306694,9.99000999e-07,0.01112112,43
1,[],5,[],2019-04-26 22:38:52,0.0,0,0,7474154,2019-04-26 22:38:52,btc,0.0,0.02638891,0,btc,0.0,0.0,0.0,43
0,[],17,[],2019-04-26 22:38:53,0.0,0,0,7474155,2019-04-26 22:38:53,btc,0.0,0.0,0,btc,0.0,0.0,0.0,43
1,[],12,[],2019-03-05 01:54:08,639326.02,0.00000004,0.000000000001486676,6845775,2019-03-05 01:54:08,btc,11116042.728239931,0.0,0.00000004,btc,1103841.4595604,0.0003330765234764,0.014975410599999999,44
1,[],4,[],2019-06-01 00:15:45,111381347.2166371,0.00000001,0.0000000000008569629999999999,7720337,2019-06-01 00:15:45,btc,303169.6058135954,0.0,0.00000001,"btc,ltc",28272947.90928054,0.00590035,0.03588007936772481,49
0.0000000001338224,[],4,[],2019-06-01 00:15:46,130915815.07786185,3.6132048e-17,3.0963828250224e-21,7720338,2019-06-01 00:15:46,ltc,22049.95923304569,0.0,0.00000027,ltc,159330127.355901,0.0,1.3176873859639418e-09,52
0,[],22,[],2019-06-01 00:15:48,0.0,0,0,7720339,2019-06-01 00:15:48,,10289.55991011,0.0,0,,308568058.4566013,0.0,0.0,57
1,[],27,[],2019-06-01 00:15:54,2297.0,0.0000003,0.000000000025708889999999997,7720340,2019-06-01 00:15:54,btc,0.0,0.0,0.0000003,"btc,eth",0.0,0.0,0.0003891,57
0.0000000001338224,[],4,[],2019-06-01 00:15:55,3424648555.1191416,1.338224e-18,1.146808453712e-22,7720341,2019-06-01 00:15:55,ltc,19.34101391622615,0.0,0.00000001,ltc,5852232846.057803,0.0,4.582946888025758e-09,58
1,[],12,[],2019-06-01 00:15:56,656388015.0,0.0000000001,0.00000000000000856963,7720342,2019-06-01 00:15:56,btc,2233481.0020985845,0.0,0.0000000001,btc,3363139755.442514,0.002863547865,0.0656388015,58
0.00000000010951,[],22,[],2019-06-01 00:17:59,126877.0,1.0951e-18,9.384601813e-23,7720343,2019-06-01 00:17:59,XMR,68.17454206,0.0,0.00000001,XMR,9626402.6,0.0,0.00126877,58
1,[],17,[],2019-05-03 01:12:09,1200000.0,0.0000000001,0.00000000000000548003,7559085,2019-05-03 01:12:09,btc,1e+24,0.0,0.0000000001,"btc,eth",39516342.31952568,0.0,0.00010000000058666061,58
1,[],5,[],2019-06-01 00:18:01,0.0,0,0,7720344,2019-06-01 00:18:01,btc,0.0,0.01150379,0,btc,0.0,0.0,0.0,61
1,[],22,[],2019-06-01 00:18:04,13613.833333333334,0.00000012,0.000000000010283556,7720345,2019-06-01 00:18:04,BTC,1002.29123003,0.0,0.00000012,BTC,15014.200177125656,0.0,0.00153269,61
1,[],26,[],2019-06-01 00:18:04,0.0,0.00000050,0.00000000004284815,7720346,2019-06-01 00:18:04,btc,0.0,0.0,0.00000050,btc,0.0,0.0,0.0,61
1,[],27,[],2019-06-01 00:18:13,8450.0,0.0000002,0.000000000017139259999999998,7720347,2019-06-01 00:18:13,btc,1.9582485601246655,0.0,0.0000002,"btc,eth",11379.41563696,0.0,0.001522,61
0,[],28,[],2019-06-01 00:19:08,0.0,0,0,7720348,2019-06-01 00:19:08,,0.0,700.0,0,,0.0,0.0,0.0,61
1,[],4,[],2019-06-01 00:19:10,814296.07499981,0.00000070,0.00000000005998741,7720349,2019-06-01 00:19:10,btc,2.951343621038524,0.0,0.00000070,btc,918597.88107124,0.11236617,0.4081142327000055,67
0.0,[],25,[],2019-06-01 00:19:11,0.0,0,0,7720350,2019-06-01 00:19:11,,0.0,0.0,0.0,btc,0.0,0.0,0.0,67
1,[],12,[],2019-06-01 00:19:13,787665.0,0.00000006,0.000000000005141777999999999,7720351,2019-06-01 00:19:13,btc,5.169805385244753,0.0,0.00000006,btc,773830.18881116,0.001228127992,0.016704,71
,[],5,[],2018-11-20 23:02:39,1.5e-07,0.00000005,0.000000000002128045,4862160,2018-11-20 23:02:39,btc,2.84511358,0.0,,btc,0.00036572,0.0,0.07381892,74
1,[],5,[],2019-06-01 00:19:14,0.0,0,0,7720352,2019-06-01 00:19:14,btc,0.0,0.15644767,0,btc,0.0,0.0,0.0,75
0,[],4,[],2019-05-25 21:33:44,0.0,0,0,7686249,2019-05-25 21:33:44,,133656.37989170782,0.0,0,,33439209.5909442,0.0,0.0,81
0,[],20,[],2019-01-25 09:30:31,0.0,0,0,6495923,2019-01-25 09:30:31,btc,0.0,0.0,0,btc,0.0,0.0,0.0,81
1,[],4,[],2019-06-01 00:19:15,166605.66603747,0.00011132,0.000000009539712116,7720353,2019-06-01 00:19:15,btc,55.54005083927768,0.0,0.00011132,btc,120254.68928061,0.26750726,0.7356719252558869,82
1,[],21,[],2019-06-01 00:19:16,69797.0919596,0.0001144399999999999952872420383,0.000000009807084572,7720354,2019-06-01 00:19:16,btc,16.974376720789277,57039.8694836,0.0001144399999999999952872420383442886304692365229129791259765625,btc,101998.06411247,6.33057698,5.500969913106476,82
0,[],17,[],2019-03-25 22:42:34,0.0,0,0,7038780,2019-03-25 22:42:34,btc,0.0445064681804024,0.0,0,btc,995513.18476001,0.0,0.0,84
0.0000000001161485,[],4,[],2019-05-20 13:09:39,216715621.0206096,1.161485e-18,9.0533806701e-23,7657228,2019-05-20 13:09:39,ltc,1.6511566870244727,0.0,0.00000001,ltc,471032407.9048656,0.0,2.5171194308112273e-10,85
,[],22,[],2018-11-20 23:09:34,3408.1,0.0000001,0.0000000000041895,4862324,2018-11-20 23:09:34,BTC,0.04624735,0.0,,BTC,4990.0,0.0,0.00033081,86
1,[],22,[],2019-06-01 00:19:19,62656.0,0.00000001,0.0000000000008569629999999999,7720355,2019-06-01 00:19:19,BTC,1.45392802,0.0,0.00000001,BTC,376558.04736842104,0.0,0.00062656,87
1,[],27,[],2019-06-01 00:19:24,97382.0,0.00000007,0.000000000005998741,7720356,2019-06-01 00:19:24,btc,5.052674818036,389442.0,0.00000007,btc,46323.67341,0.58026858,0.00122414,87
,[],2,[],2018-11-20 23:10:47,0.0,0,0,4862359,2018-11-20 23:10:47,,0.0,0.0,,,0.0,0.0,0.0,88
1,[],11,[],2019-06-01 00:19:26,125713.56893011,0.000080000000000000006544244313122504763668985106050968170166015625,0.000000006855704,7720357,2019-06-01 00:19:26,btc,167.34526763622944,980.42360458,0.000080000000000000006544244313122504763668985106050968170166015625,btc,200652.56421810001,0.0,2.055569031033819,89
0,[],2,[],2019-01-20 23:31:45,0.0,0,0,6477083,2019-01-20 23:31:45,,0.0,0.0,0,,0.0,0.0,0.0,91
1,[],12,[],2019-06-01 00:19:27,265951.46650101,0.00000032,0.000000000027422815999999998,7720358,2019-06-01 00:19:27,btc,87.69369445222233,0.0,0.00000032,btc,147085.49496614,2.447552e-06,0.012251758399994,91
1,[],22,[],2019-06-01 00:21:30,75910.55,0.0000002,0.000000000017139259999999998,7720359,2019-06-01 00:21:30,BTC,0.497,0.0,0.0000002,"BTC,LTC",6.95,0.0,0.00165931,91
0,[],17,[],2019-05-03 01:12:26,0.0,0,0,7559096,2019-05-03 01:12:26,btc,0.0,0.0,0,btc,0.0,0.0,0.0,91
1,[],22,[],2019-04-09 20:17:52,374949.73333333334,0.00000015,0.000000000007771935,7235704,2019-04-09 20:17:52,BTC,6.87372503,0.0,0.00000015,"BTC,LTC",159980.01196797504,1.1e-05,0.80510266,95
0.0000000001338224,[],4,[],2019-06-01 00:21:31,543290765.8351129,2.8102704e-17,2.4082977527952e-21,7720360,2019-06-01 00:21:31,ltc,11.298829670280465,0.0,0.00000021,ltc,153722510.5490942,0.00247066,8.903354425367193e-10,96
0,[],12,[],2019-06-01 00:21:32,0.0,0,0,7720361,2019-06-01 00:21:32,btc,17.17668343048951,0.0,0,btc,9673399.04895105,0.0,0.0,96
0,[],17,[],2019-05-03 01:12:32,0.0,0,0,7559100,2019-05-03 01:12:32,btc,0.0,0.0,0,btc,0.0,0.0,0.0,96
1,[],4,[],2019-04-14 03:32:46,1039404.33283278,0.00000038,0.000000000019245518,7293458,2019-04-14 03:32:46,btc,4.170086055365747,0.0,0.00000038,btc,3097704.34561074,0.06260606,0.1859928211030784,99
0,[],2,[],2019-01-20 23:23:55,0.0,0,0,6476914,2019-01-20 23:23:55,,0.0,0.0,0,,0.0,0.0,0.0,100
1,[],4,[],2019-06-01 00:23:33,243879.28746765,0.00001696,0.000000001453409248,7720362,2019-06-01 00:23:33,btc,7.5784069045168305,0.0,0.00001696,btc,163002.56965317,0.06188708,0.3652083128824083,100
1,[],22,[],2019-06-01 00:23:36,150000.0,0.00000002,0.0000000000017139259999999999,7720363,2019-06-01 00:23:36,BTC,24.83526409,0.0,0.00000002,BTC,11187.719,0.0,0.0017,101
1,[],4,[],2019-06-01 00:23:37,547860.44910236,0.00000169,0.000000000144826747,7720364,2019-06-01 00:23:37,btc,366.24406924007303,0.0,0.00000169,btc,652327.90513865,0.11521109,0.1980835144765037,103
1,[],12,[],2019-06-01 00:23:39,172580572.0,0.000000003,0.0000000000002570889,7720365,2019-06-01 00:23:39,btc,2404.3002389629264,0.0,0.000000003,btc,69891015.77921364,0.012300219422,0.22431681,105
0,[],27,[],2019-06-01 00:23:44,0.0,0,0,7720366,2019-06-01 00:23:44,,0.32738209,295623.0,0,btc,2095427.0,0.00295623,0.0,105
1,[],22,[],2019-04-21 00:17:26,21333.0,0.00000001,0.000000000000532493,7385819,2019-04-21 00:17:26,BTC,51.38182867,0.0,0.00000001,BTC,470435.0,0.0,0.00021333,107
1,[],26,[],2019-04-21 00:17:26,0.0,0.00000000,0,7385820,2019-04-21 00:17:26,btc,0.0,0.0,0.00000000,btc,0.0,0.0,0.0,107
1,[],5,[],2019-06-01 00:23:46,0.0,0,0,7720367,2019-06-01 00:23:46,btc,0.0,0.0,0,btc,0.0,0.0,0.0,112
0,[],22,[],2019-06-01 00:23:49,0.0,0,0,7720368,2019-06-01 00:23:49,,6.79500102,0.0,0,,3375892.0833333335,0.0,0.0,112
1,[],27,[],2019-06-01 00:23:53,1.0,0.00000001,0.0000000000008569629999999999,7720369,2019-06-01 00:23:53,btc,1.15032588,0.0,0.00000001,"btc,eth",1818.0,0.0,1e-08,112
1,[],4,[],2019-06-01 00:23:54,271680.5491848,0.00000092,0.00000000007884059599999999,7720370,2019-06-01 00:23:54,btc,5.569301026603184,0.0,0.00000092,btc,617033.40847136,0.03396311,0.1683658923082495,113
1,[],5,[],2019-06-01 00:23:55,0.0,0,0,7720371,2019-06-01 00:23:55,btc,0.0,0.0,0,btc,0.0,0.0,0.0,113
1,[],17,[],2019-04-26 02:17:47,162738.278,0.00000004,0.0000000000021069000000000002,7461287,2019-04-26 02:17:47,btc,1.3331140273775473,0.0,0.00000004,btc,51796.221,0.0,0.00230953112,116
1,[],27,[],2019-05-22 05:13:01,210000.0,0.00000001,0.00000000000079145,7666372,2019-05-22 05:13:01,btc,3919.0005001478,0.0,0.00000001,btc,128660.871,0.0,0.0021,116
1,[],4,[],2019-05-21 22:31:11,138169.03963019,0.00000701,0.000000000558364025,7664793,2019-05-21 22:31:11,btc,150.95388250938234,0.0,0.00000701,btc,344631.17141974,0.07552974,0.4288357684941946,120
1,[],7,[],2019-05-21 22:31:12,3901.07750076,0.000010679999999999999389654892212320191902108490467071533203125,0.0000000008506887,7664794,2019-05-21 22:31:12,btc,231188.94669936574,0.0,0.000010679999999999999389654892212320191902108490467071533203125,btc,4133.83151364,0.0,0.0113888422364489,120
1,[],20,[],2019-04-07 18:42:29,1914137.0852,0.000000035,0.0000000000017871910000000002,7211992,2019-04-07 18:42:29,btc,32.2497668025648,25528.85,0.000000035,btc,1001975.4986,0.00089350975,0.0152723574729,125
1,[],22,[],2019-06-01 00:23:59,10000.0,0.00000001,0.0000000000008569629999999999,7720372,2019-06-01 00:23:59,BTC,0.032061,0.0,0.00000001,BTC,299316.7611111111,0.0,0.0001,126
0,[],2,[],2019-01-20 23:25:46,0.0,0,0,6476969,2019-01-20 23:25:46,,0.0,0.0,0,,0.0,0.0,0.0,131
1,[],4,[],2019-06-01 00:23:59,432021.60274638,0.00000974,0.000000000834681962,7720373,2019-06-01 00:23:59,btc,5.3654087993433315,0.0,0.00000974,btc,160703.32706579,0.92254202,1.586861199188954,131
1,[],17,[],2019-05-03 01:13:10,10000.0,0.00000001,0.000000000000548003,7559115,2019-05-03 01:13:10,btc,0.0953976503951408,0.0,0.00000001,btc,5037.62507334,0.0,0.0001,131
1,[],4,[],2019-06-01 00:26:00,4883.35892437,0.00007920,0.000000006787146959999999,7720374,2019-06-01 00:26:00,btc,5.031062015726765,0.0,0.00007920,btc,202.13055914,0.0,0.0068419410092105,135
1,[],3,[],2019-06-01 00:26:01,565457.22392675,0.00000001,0.0000000000008569629999999999,7720375,2019-06-01 00:26:01,btc,0.2226973385083191,1636349.79937,0.00000001,btc,1905502.43168451,0.0,0.0056545722392675,136
1,[],4,[],2019-06-01 00:26:02,2108357.13331535,0.00000185,0.00000000015853815499999998,7720376,2019-06-01 00:26:02,btc,109.10897419613313,0.0,0.00000185,btc,529153.19473922,0.03552026,0.5035122355950564,137
1,[],12,[],2019-06-01 00:26:03,88469.37299097,0.000001740000000000000069492480346544649449924690998159348964691162109375,0.000000000149111562,7720377,2019-06-01 00:26:03,btc,57.84150057133821,0.0,0.000001740000000000000069492480346544649449924690998159348964691162109375,btc,50821.8164856,0.0004236,0.0178549399999287,137
1,[],4,[],2019-06-01 00:26:04,99355.2083749,0.00001840,0.00000000157681192,7720378,2019-06-01 00:26:04,btc,8.572523845853441,0.0,0.00001840,btc,117635.46221413,0.34032731,0.8875684477137525,142
1,[],5,[],2019-06-01 00:26:05,0.0,0,0,7720379,2019-06-01 00:26:05,btc,0.0,0.03658834,0,btc,0.0,0.0,0.0,142
1,[],20,[],2019-06-01 00:28:07,209042.5229,0.000015001,0.0000000012855301962999999,7720380,2019-06-01 00:28:07,btc,1.6084727300573,0.0,0.000015001,btc,9872.8163,0.0,0.0187095600469,142
1,[],22,[],2019-06-01 00:28:10,11028.645,0.00001000,0.0000000008569629999999999,7720381,2019-06-01 00:28:10,BTC,3.2754788,0.0,0.00001000,BTC,1133.9993657797618,0.0,0.00745365,142
0.0,[],25,[],2019-06-01 00:28:11,0.0,0,0,7720382,2019-06-01 00:28:11,,0.0,0.0,0.0,btc,0.0,0.0,0.0,142
0,[],28,[],2019-06-01 00:29:02,0.0,0,0,7720383,2019-06-01 00:29:02,,0.0,0.0,0,,0.0,0.0,0.0,142
1,[],17,[],2019-05-03 01:13:16,32967.38636364,0.00000088,0.000000000048224264,7559122,2019-05-03 01:13:16,btc,20.06976206696776,0.0,0.00000088,btc,2746.079105,0.0,0.0105613000000032,142
0,[],22,[],2019-06-01 00:29:05,0.0,0,0,7720384,2019-06-01 00:29:05,,64.98618676,0.0,0,,787024755.3,0.0,0.0,143
0,[],22,[],2019-02-25 15:42:22,0.0,0,0,6783783,2019-02-25 15:42:22,,4.2131946,0.0,0,,2322156.0,0.0,0.0,146
,[],22,[],2018-11-20 23:01:11,0.0,0,0,4862114,2018-11-20 23:01:11,,2.56807021,0.0,,,61828.4988236,0.0,0.0,147
1,[],12,[],2019-04-21 06:38:04,193091.5971266,0.00000071,0.000000000037635183,7388679,2019-04-21 06:38:04,btc,2.301232411611175,0.0,0.00000071,btc,9957.48302385,0.00023528,0.0313308199999888,148
1,[],4,[],2019-03-19 21:31:25,255810.0415942,0.00000029,0.000000000011615747,6982695,2019-03-19 21:31:25,btc,218.94922712414143,0.0,0.00000029,btc,793529.37642722,0.00117,0.0608347789473395,152
0,[],22,[],2019-03-19 21:31:27,0.0,0,0,6982696,2019-03-19 21:31:27,,0.0,0.0,0,,0.0,0.0,0.0,152
1,[],5,[],2019-04-26 09:36:59,0.0,0,0,7465040,2019-04-26 09:36:59,btc,0.0,0.0,0,btc,0.0,0.0,0.0,153
,[],16,[],2019-01-11 15:38:59,0.0,0,0,6366141,2019-01-11 15:38:59,btc,0.0,0.0,,btc,0.0,0.0,0.0,155
0,[],23,[],2019-01-20 23:24:29,0.0,0,0,6476932,2019-01-20 23:24:29,,0.0,0.0,0,,0.0,0.0,0.0,156
0,[],22,[],2019-06-01 00:29:08,0.0,0,0,7720385,2019-06-01 00:29:08,,7.44455324,0.0,0,,5955762.942592593,0.0,0.0,156
1,[],22,[],2019-06-01 00:29:11,6996.0,0.00000001,0.0000000000008569629999999999,7720386,2019-06-01 00:29:11,BTC,1.7543039,0.0,0.00000001,BTC,57.0,0.0,6.996e-05,157
0,[],22,[],2019-05-21 23:40:32,0.0,0,0,7665049,2019-05-21 23:40:32,,50234.60468402,0.0,0,,54786159.03179465,0.0,0.0,158
,[],17,[],2018-11-20 22:56:10,0.0,0,0,4861976,2018-11-20 22:56:10,btc,1.1265625,0.0,,btc,1000.0,0.0,0.0,159
,[],20,[],2018-11-20 22:56:12,0.0,0,0,4861977,2018-11-20 22:56:12,btc,11912.7940471,0.0,,btc,34413894.3617,0.0,0.0,159
1,[],12,[],2019-05-24 02:51:20,9178.522006449999,0.00000191999999999999982841307998027158276954651228152215480804443359375,0.000000000151222656,7676256,2019-05-24 02:51:20,btc,149.80414728631675,0.0,0.00000191999999999999982841307998027158276954651228152215480804443359375,btc,1115.7451448499999,0.01783167678326,0.0120075778999181,168
1,[],17,[],2019-05-03 01:13:36,42852.0,0.00000002,0.000000000001096006,7559132,2019-05-03 01:13:36,btc,0.04279856251542,0.0,0.00000002,btc,274.46171372,0.0,0.00052852,168
1,[],22,[],2019-05-17 03:01:52,10.0,0.00000001,0.000000000000778341,7642059,2019-05-17 03:01:52,BTC,41.95893009,0.0,0.00000001,BTC,1753972.7737547632,0.0,1e-07,169
1,[],22,[],2019-05-30 08:38:18,202834.0,0.00000002,0.0000000000017416160000000001,7711049,2019-05-30 08:38:18,BTC,27.87002826,0.0,0.00000002,BTC,462189.5410507793,0.0,0.00211768,171
1,[],22,[],2019-05-29 08:05:18,349870.0,0.00000002,0.000000000001705894,7705265,2019-05-29 08:05:18,BTC,24.05907723,0.0,0.00000002,"BTC,LTC",1224285.4355616204,0.0,0.0039847,173
1,[],5,[],2019-06-01 00:29:13,0.0,0,0,7720387,2019-06-01 00:29:13,btc,0.0,0.04423544,0,btc,0.0,0.0,0.0,175
1,[],22,[],2019-06-01 00:29:16,90671.0,0.00000001,0.0000000000008569629999999999,7720388,2019-06-01 00:29:16,BTC,394.35459412,0.0,0.00000001,BTC,136275.61833431243,0.0,0.00090671,176
1,[],7,[],2019-06-01 00:29:18,0.0,0,0,7720389,2019-06-01 00:29:18,btc,522274.28208915493,0.0,0,btc,21993385.47972966,0.0,0.0,178
0,[],22,[],2019-06-01 00:29:21,0.0,0,0,7720390,2019-06-01 00:29:21,,1.00242428,0.0,0,,57512.0,0.0,0.0,178
0,[],2,[],2019-01-20 23:28:34,0.0,0,0,6477001,2019-01-20 23:28:34,,0.0,0.0,0,,0.0,0.0,0.0,178
0,[],23,[],2019-01-20 23:25:08,0.0,0,0,6476952,2019-01-20 23:25:08,,0.0,0.0,0,,0.0,0.0,0.0,179
1,[],5,[],2019-06-01 00:29:22,0.0,0,0,7720391,2019-06-01 00:29:22,btc,0.0,0.17827447,0,btc,0.0,0.0,0.0,179
0,[],22,[],2019-06-01 00:29:25,0.0,0,0,7720392,2019-06-01 00:29:25,,5.31746724,0.0,0,,13645739.811946675,0.0,0.0,179
1,[],22,[],2019-06-01 00:31:29,683244.1315646544,0.00000108,0.000000000092552004,7720393,2019-06-01 00:31:29,BTC,39.18230804,0.0,0.00000108,"BTC,LTC",139450.22486667262,0.00250476,0.58283106,180
1,[],26,[],2019-06-01 00:31:29,0.0,0.00000010,0.000000000008569629999999999,7720394,2019-06-01 00:31:29,btc,0.0,0.0,0.00000010,btc,0.0,0.0,0.0,180
1,[],17,[],2019-05-03 01:13:56,20504.725000000002,0.0000001,0.00000000000548003,7559141,2019-05-03 01:13:56,btc,5.2010695838400265,0.0,0.0000001,btc,5033.45945,0.0,0.0011504725,180
,[],7,[],2018-11-20 22:58:01,562227.975654,0.00000085,0.000000000036176765,4862015,2018-11-20 22:58:01,btc,21836.6059674,2491.87645172,,btc,749999.041456,0.00211021,0.127565380455,183
,[],5,[],2019-01-10 08:11:41,0.0,0,0,6347036,2019-01-10 08:11:41,btc,82.15055501,0.00261,,btc,1.19002445,0.0,0.0,187
,[],17,[],2018-11-16 20:58:10,4062536.27273,0.00000001,0.000000000000550501,4708775,2018-11-16 20:58:10,btc,3.36492563466,0.195460381006,,"btc,eth",110697919.549,0.0,0.0157628953496,187
1,[],24,[],2019-05-22 21:04:52,0.0,0.000000000014,0.0000000000000010960978,7670219,2019-05-22 21:04:52,btc,0.0,0.0,0.000000000014,btc,0.0,0.0,0.0,187
0,[],22,[],2019-04-25 02:54:07,0.0,0,0,7447896,2019-04-25 02:54:07,,7.54794454,0.0,0,,76361.7243344055,0.0,0.0,191
0,[],22,[],2019-06-01 00:31:34,0.0,0,0,7720395,2019-06-01 00:31:34,,0.0,0.0,0,,0.0,0.0,0.0,197
0,[],23,[],2019-01-20 23:31:41,0.0,0,0,6477079,2019-01-20 23:31:41,,0.0,0.0,0,,0.0,0.0,0.0,199
0,[],22,[],2019-06-01 00:31:38,0.0,0,0,7720396,2019-06-01 00:31:38,,10.93271999,0.0,0,,99750037.0,0.0,0.0,199
1,[],26,[],2019-06-01 00:31:38,0.0,0.00000000,0,7720397,2019-06-01 00:31:38,btc,0.0,0.0,0.00000000,btc,0.0,0.0,0.0,199
0,[],2,[],2019-01-20 23:30:49,0.0,0,0,6477059,2019-01-20 23:30:49,,0.0,0.0,0,,0.0,0.0,0.0,201
1,[],4,[],2019-01-25 15:51:35,2084389.58565343,0.00000936,0.000000000333526752,6499557,2019-01-25 15:51:35,btc,2.0092503037378524,0.0,0.00000936,btc,160195.80207885,0.19272417,1.242687955921835,211
1,[],7,[],2019-06-01 00:31:41,1200743191.828222,0.0000006,0.000000000051417779999999993,7720398,2019-06-01 00:31:41,btc,15201837.825742736,479101.999426,0.0000006,btc,8101910.11052659,0.0,13.674892359566341,212
1,[],12,[],2019-01-25 02:44:32,207462.42853209,0.000001080000000000000035831255497387193287295303889550268650054931640625,0.000000000038610756000000006,6493050,2019-01-25 02:44:32,btc,85023.03793723314,0.0,0.000001080000000000000035831255497387193287295303889550268650054931640625,btc,43675.73520027,0.000146250909087,0.0348620860622024,213
1,[],5,[],2019-05-30 00:07:46,0.0,0,0,7709357,2019-05-30 00:07:46,btc,0.0,0.06425239,0,btc,0.0,0.0,0.0,213
1,[],24,[],2019-05-30 00:07:46,0.0,0.000000399202,0.0000000000344859829346,7709358,2019-05-30 00:07:46,btc,0.0,0.0,0.000000399202,btc,0.0,0.0,0.0,213
1,[],26,[],2019-05-30 00:07:47,0.0,0.00000040,0.000000000034554919999999996,7709359,2019-05-30 00:07:47,btc,0.0,0.0,0.00000040,btc,0.0,0.0,0.0,213
0,[],22,[],2019-06-01 00:31:43,0.0,0,0,7720399,2019-06-01 00:31:43,,9.61445386,0.0,0,,3661587.094064925,0.0,0.0,216
1,[],27,[],2019-06-01 00:31:51,196550.0,0.00000001,0.0000000000008569629999999999,7720400,2019-06-01 00:31:51,btc,75.60593967917752,1000.0,0.00000001,"btc,ltc",383835.407688,1e-05,0.001955500000001338,216
1,[],22,[],2019-06-01 00:31:54,718459.0714285715,0.00000028,0.000000000023994964,7720401,2019-06-01 00:31:54,BTC,12056.48936734,0.0,0.00000028,BTC,532606.1643343819,0.00014,0.0535133,217
1,[],7,[],2019-06-01 00:31:58,0.0,0,0,7720402,2019-06-01 00:31:58,btc,1234864.1040716618,0.0,0,btc,164001712.13147992,0.0,0.0,219
0,[],27,[],2019-06-01 00:32:03,0.0,0,0,7720403,2019-06-01 00:32:03,,261.41644782671324,425794.0,0,btc,15857918.74381025,0.00425794,0.0,219
0,[],28,[],2019-06-01 00:32:55,0.0,0,0,7720404,2019-06-01 00:32:55,,0.0,14714.0,0,,0.0,0.0,0.0,219
1,[],22,[],2019-05-23 16:41:05,172069.0,0.00000004,0.0000000000031167080000000004,7674065,2019-05-23 16:41:05,BTC,56.76466137,0.0,0.00000004,BTC,127061.6482738741,0.0,0.00393676,221
1,[],24,[],2019-05-23 16:41:05,0.0,0.000000010000,0.0000000000007791770000000001,7674066,2019-05-23 16:41:05,btc,0.0,0.0,0.000000010000,btc,0.0,0.0,0.0,221
1,[],20,[],2019-06-01 00:32:58,4435424.0,0.000000001,0.00000000000008569629999999999,7720405,2019-06-01 00:32:58,btc,100053.66203800458,0.0,0.000000001,btc,47932112.8844,0.0,0.004435424,224
0,[],22,[],2019-06-01 00:33:00,0.0,0,0,7720406,2019-06-01 00:33:00,,0.0,0.0,0,,0.0,0.0,0.0,224
1,[],26,[],2019-06-01 00:33:00,0.0,0.00000025,0.000000000021424075,7720407,2019-06-01 00:33:00,btc,0.0,0.0,0.00000025,btc,0.0,0.0,0.0,231
1,[],26,[],2019-06-01 00:33:01,0.0,0.00000006,0.000000000005141778,7720408,2019-06-01 00:33:01,btc,0.0,0.0,0.00000006,btc,0.0,0.0,0.0,234
0.0000000003125139,[],27,[],2019-06-01 00:33:09,100.0,3.125139e-18,2.6781284928569995e-22,7720409,2019-06-01 00:33:09,eth,0.01134836604,0.0,0.00000001,"btc,eth",11462.996,0.0,3.1251389999999996e-16,234
1,[],4,[],2019-05-22 17:06:12,91780.56053785,0.00000078,0.000000000061977552,7669277,2019-05-22 17:06:12,btc,5.573372450018177,0.0,0.00000078,btc,729173.93529783,0.0,0.0307060663355679,236
1,[],24,[],2019-05-22 17:06:12,0.0,0.000000010000,0.000000000000794584,7669278,2019-05-22 17:06:12,btc,0.0,0.0,0.000000010000,btc,0.0,0.0,0.0,236
1,[],5,[],2019-06-01 00:33:10,0.0,0,0,7720410,2019-06-01 00:33:10,btc,0.0,0.17511397,0,btc,0.0,0.0,0.0,237
1,[],20,[],2019-06-01 00:33:12,118919854.753,0.000000039,0.0000000000033421557,7720411,2019-06-01 00:33:12,btc,412.7369453199099,5833044.892,0.000000039,btc,42904671.2771,0.2449889389656,0.4149420617161,237
1,[],22,[],2019-06-01 00:33:18,288100.0,0.00000003,0.000000000002570889,7720412,2019-06-01 00:33:18,BTC,1.20267422,0.0,0.00000003,"BTC,LTC",17930.94871794872,0.0,0.007541,237
1,[],4,[],2019-06-01 00:33:19,26928169.92304659,0.00000012,0.000000000010283556,7720413,2019-06-01 00:33:19,btc,2.88643698944716,0.0,0.00000012,btc,9356277.57713684,0.12985833,0.5532730827510066,238
1,[],5,[],2019-06-01 00:33:20,0.0,0,0,7720414,2019-06-01 00:33:20,btc,0.0,0.01665831,0,btc,0.0,0.0,0.0,238
0,[],22,[],2019-03-12 16:49:32,0.0,0,0,6914458,2019-03-12 16:49:32,,0.40415746,0.0,0,,526736.5639027493,0.0,0.0,249
0,[],22,[],2019-05-28 23:53:45,0.0,0,0,7703643,2019-05-28 23:53:45,,13.44714864,0.0,0,,43777534.3426455,0.0,0.0,252
0,[],28,[],2019-06-01 00:33:58,0.0,0,0,7720415,2019-06-01 00:33:58,,0.0,380742.239,0,,0.0,0.0,0.0,256
1,[],22,[],2019-06-01 00:34:01,1023211.0,0.00000001,0.0000000000008569629999999999,7720416,2019-06-01 00:34:01,BTC,31464.5506333,0.0,0.00000001,BTC,584951.6675322719,0.00015955,0.01023211,258
1,[],22,[],2019-05-19 18:12:02,400.0,0.00000001,0.0000000000007957800000000001,7653905,2019-05-19 18:12:02,BTC,2.415167,0.0,0.00000001,BTC,157.0,0.0,4e-06,259
1,[],5,[],2019-06-01 00:34:02,0.0,0,0,7720417,2019-06-01 00:34:02,btc,0.0,0.14939588,0,btc,0.0,0.0,0.0,264
1,[],20,[],2019-06-01 00:34:04,955898.5394,0.000000154,0.0000000000131972302,7720418,2019-06-01 00:34:04,btc,0.9761378127969,92491.1221,0.000000154,btc,51736.5911,0.05228027448,0.0076237773878,264
0,[],22,[],2019-04-12 17:57:27,0.0,0,0,7278186,2019-04-12 17:57:27,,66.37522201,0.0,0,,677842.4169881374,0.0,0.0,271
0,[],22,[],2019-05-29 08:10:20,0.0,0,0,7705301,2019-05-29 08:10:20,,33050470.74998113,0.0,0,,14361377780.7,0.0,0.0,272
0,[],28,[],2019-05-29 08:10:54,0.0,0,0,7705302,2019-05-29 08:10:54,,0.0,22189957216.5758,0,,0.0,0.0,0.0,272
1,[],22,[],2019-05-23 07:12:29,219930.0,0.00000004,0.000000000003048688,7671985,2019-05-23 07:12:29,BTC,426.77835217,0.0,0.00000004,BTC,248664.3325962929,0.0,0.00739728,281
1,[],22,[],2019-06-01 00:34:08,379782.43333333335,0.00000004,0.0000000000034278519999999997,7720419,2019-06-01 00:34:08,BTC,31.67317945,0.0,0.00000004,"BTC,LTC",1517689.4569583754,0.00040059,0.01593497,286
0,[],22,[],2019-06-01 00:34:11,0.0,0,0,7720420,2019-06-01 00:34:11,,7337904.96568486,0.0,0,,2004620112.6797826,0.0,0.0,294
