pairValue,buyBook,exchangeId,sellBook,updated,buyTotal,satoshiPrice,usdPrice,exchangeLogId,created,bestPair,sellTotalBtc,volume,pairPrice,activePairs,sellTotal,volumeBtc,buyTotalBtc,coinId
1,[],3,[],2019-05-29 06:55:24,77.54507246285,0.0107254399999999992798560555229414603672921657562255859375,0.0000009137710215039999,7704988,2019-05-29 06:55:24,btc,0.25844853544083973,45.8795143383,0.0107254399999999992798560555229414603672921657562255859375,btc,13.786063558199,0.0,0.3688879851128889,1
1,[],4,[],2019-05-29 06:55:25,207694.90434236,0.01075001,0.000000915864301966,7704989,2019-05-29 06:55:25,btc,7.9584050964592805,0.0,0.01075001,btc,324.63359562,1.2073488,0.7434591539117777,1
1,[],5,[],2019-05-29 06:55:28,0.0,0,0,7704990,2019-05-29 06:55:28,btc,0.0,0.00236789,0,btc,0.0,0.0,0.0,1
1,[],10,[],2019-05-29 06:55:30,309938.67576227,0.00655595,0.00000055854464977,7704991,2019-05-29 06:55:30,btc,6521.121180758726,1358.72471118,0.00655595,btc,1306.29367648,0.0,2.223915178098428,1
1,[],12,[],2019-05-29 06:55:32,84.71707968,0.0107299999999999999544808559903685818426311016082763671875,0.000000914159518,7704992,2019-05-29 06:55:32,btc,0.1914336771335,0.0,0.0107299999999999999544808559903685818426311016082763671875,btc,16.82067941,0.118362821745,0.36849158005300003,1
1,[],20,[],2019-05-29 06:55:34,973.0318,0.01026284,0.000000874359074344,7704993,2019-05-29 06:55:34,btc,0.5014559919743,0.1021,0.01026284,btc,41.7267,0.0010478368769,0.1086235578771,1
1,[],21,[],2019-05-29 06:55:35,2043.3117461499999,0.01075220999999999989260590638,0.000000916051734486,7704994,2019-05-29 06:55:35,btc,11.72683717833881,4349.39930603,0.01075220999999999989260590638195935753174126148223876953125,"btc,eth",1477.6906532,47.06279214947447,18.419153885975163,1
1,[],22,[],2019-05-29 06:55:39,0.0025666666666666667,0.00900000,0.0000007667694,7704995,2019-05-29 06:55:39,BTC,0.31629903,0.0,0.00900000,BTC,0.2505752479991019,0.0,2.31e-05,1
1,[],24,[],2019-05-29 06:55:40,0.0,0.000000000000,0,7704996,2019-05-29 06:55:40,btc,0.0,0.0,0.000000000000,btc,0.0,0.0,0.0,1
0.0,[],25,[],2019-05-29 06:55:41,0.0,0,0,7704997,2019-05-29 06:55:41,btc,50.24999999831513,5511.58992102,0.0,btc,4571.8263988,60.1866,0.0,1
1,[],26,[],2019-05-29 06:55:43,0.0,0,0,7704998,2019-05-29 06:55:43,,0.0,0.0,0,,0.0,0.0,0.0,1
0,[],28,[],2019-05-29 06:55:44,0.0,0,0,7704999,2019-05-29 06:55:44,,0.0,361910.5,0,,0.0,0.0,0.0,1
0,[],2,[],2019-01-20 23:28:45,0.0,0,0,6477011,2019-01-20 23:28:45,,0.0,0.0,0,,0.0,0.0,0.0,1
1,[],5,[],2019-05-29 06:55:45,0.0,0,0,7705000,2019-05-29 06:55:45,btc,0.0,0.00110868,0,btc,0.0,0.0,0.0,2
1,[],22,[],2019-05-29 06:55:49,11638.0,0.0000002,0.00000000001703932,7705001,2019-05-29 06:55:49,BTC,21.00897301,0.0,0.0000002,"BTC,XMR",20678.87287795317,0.0,0.00145435,2
1,[],5,[],2019-05-29 06:55:50,0.0,0,0,7705002,2019-05-29 06:55:50,btc,0.0,0.02403537,0,btc,0.0,0.0,0.0,3
1,[],12,[],2019-05-29 06:55:51,2765537.1659962,0.000000101,0.0000000000086048566,7705003,2019-05-29 06:55:51,btc,4527.816780297929,0.0,0.000000101,btc,3341399.18383176,0.062937443912,0.2341554124629038,3
0,[],28,[],2019-05-29 06:55:53,0.0,0,0,7705004,2019-05-29 06:55:53,,0.0,0.0,0,,0.0,0.0,0.0,3
0,[],2,[],2019-01-20 23:31:32,0.0,0,0,6477077,2019-01-20 23:31:32,,0.0,0.0,0,,0.0,0.0,0.0,4
1,[],4,[],2019-05-18 21:29:50,562734.9206932,0.00000010,0.000000000007298720000000001,7650946,2019-05-18 21:29:50,btc,41.9347137769675,0.0,0.00000010,btc,1123702.32192634,0.00052462,0.029254593370966,4
0,[],12,[],2019-05-29 06:17:10,0.0,0,0,7704843,2019-05-29 06:17:10,btc,625.8515339849951,0.0,0,btc,1069352.4995005,0.0,0.0,5
0,[],2,[],2019-01-20 23:31:51,0.0,0,0,6477087,2019-01-20 23:31:51,,0.0,0.0,0,,0.0,0.0,0.0,6
1,[],11,[],2019-05-29 06:55:55,14165489.276736,0.00000002,0.0000000000017039320000000001,7705005,2019-05-29 06:55:55,btc,9578.183324629546,44000.0,0.00000002,btc,59349611.127628,0.0,0.22771877276736,6
1,[],3,[],2019-05-29 06:55:55,11391.193972883792,0.0000888800000000000028389790518446034184307791292667388916015625,0.000000007572273808,7705006,2019-05-29 06:55:55,btc,0.10160819563171364,176.533509258,0.0000888800000000000028389790518446034184307791292667388916015625,btc,230.606641733764,0.0,0.022930888572283786,7
1,[],4,[],2019-05-29 06:55:56,353886.84890776,0.00008052,0.000000006860030232,7705007,2019-05-29 06:55:56,btc,8.296190896252778,0.0,0.00008052,btc,52083.80722507,3.15510758,2.857053266721148,7
1,[],5,[],2019-05-29 06:55:57,0.0,0,0,7705008,2019-05-29 06:55:57,btc,0.0,0.52944377,0,btc,0.0,0.0,0.0,7
1,[],20,[],2019-04-07 22:06:50,3201475.0482,0.000000001,0.000000000000051590000000000004,7213932,2019-04-07 22:06:50,btc,30.8005781811902,0.0,0.000000001,btc,23077405.3926,0.0,0.0032014750482,8
0,[],2,[],2019-01-20 23:22:42,0.0,0,0,6476876,2019-01-20 23:22:42,,0.0,0.0,0,,0.0,0.0,0.0,9
0,[],23,[],2019-01-20 23:22:48,0.0,0,0,6476878,2019-01-20 23:22:48,,0.0,0.0,0,,0.0,0.0,0.0,9
1,[],4,[],2019-05-29 06:55:59,21209037.81658448,0.00000048,0.000000000040894368,7705009,2019-05-29 06:55:59,btc,3.347152056693401,0.0,0.00000048,btc,3324884.01648701,0.30565998,0.5368199917772005,9
0,[],28,[],2019-05-29 06:56:02,0.0,0,0,7705010,2019-05-29 06:56:02,,0.0,3481978.57,0,,0.0,0.0,0.0,9
1,[],1,[],2019-02-17 23:31:42,1822507.21,0.00000181000000000000003456111265232042484285557293333113193511962890625,0.000000000066086901,6701244,2019-02-17 23:31:42,btc,3.6990969245,17153386.5,0.00000181000000000000003456111265232042484285557293333113193511962890625,btc,1997391.71,31.11772986,3.2610482446,9
1,[],4,[],2019-02-17 11:22:43,4341674.27126056,0.00000002,0.0000000000007272960000000001,6696112,2019-02-17 11:22:43,btc,0.1997230937751353,0.0,0.00000002,btc,4109766.79808031,0.00215132,0.0479381022052112,10
0,[],2,[],2019-01-20 23:23:08,0.0,0,0,6476890,2019-01-20 23:23:08,,0.0,0.0,0,,0.0,0.0,0.0,12
1,[],4,[],2019-05-29 06:56:02,8152910.61506775,0.00000048,0.000000000040894368,7705011,2019-05-29 06:56:02,btc,4.740434993165088,0.0,0.00000048,btc,4918343.57788287,0.76289569,1.3332750367238153,12
1,[],5,[],2019-05-29 06:56:03,0.0,0,0,7705012,2019-05-29 06:56:03,btc,0.0,0.04758907,0,btc,0.0,0.0,0.0,12
0.0,[],25,[],2019-05-29 06:56:05,0.0,0,0,7705013,2019-05-29 06:56:05,,0.0,0.0,0.0,btc,0.0,0.0,0.0,12
1,[],4,[],2019-05-29 06:56:05,331288.71196792,0.00000579,0.000000000493288314,7705014,2019-05-29 06:56:05,btc,1.8734679072028289,0.0,0.00000579,btc,236301.3938177,0.33902413,0.4921187296964289,13
1,[],10,[],2019-05-29 06:56:07,652540.23864301,0.00000572,0.000000000487324552,7705015,2019-05-29 06:56:07,btc,666803.2515408245,5017.98121918,0.00000572,btc,861007.32979338,0.0,0.2467337991876268,13
1,[],21,[],2019-05-29 06:56:09,1778980.28714142,0.000005839999999999999989838857239,0.000000000497548144,7705016,2019-05-29 06:56:09,btc,2.537980791584093,288020.63215912,0.000005839999999999999989838857239465852444482152350246906280517578125,btc,388745.17297734,1.68569522,7.917051215592407,13
1,[],4,[],2019-05-29 06:56:10,803729.22043241,0.00000079,0.000000000067305314,7705017,2019-05-29 06:56:10,btc,4.190836088555057,0.0,0.00000079,btc,858041.76795047,0.00084726,0.0549368976655194,14
1,[],12,[],2019-05-29 06:56:11,135392.711991,0.00000074,0.000000000063045484,7705018,2019-05-29 06:56:11,btc,14.13486813761146,0.0,0.00000074,btc,21543.71741965,0.00012977,0.0150904699999681,14
1,[],26,[],2019-05-29 06:58:11,0.0,0.00000050,0.0000000000425983,7705019,2019-05-29 06:58:11,btc,0.0,0.0,0.00000050,btc,0.0,0.0,0.0,14
0,[],17,[],2019-05-03 00:53:32,0.0,0,0,7558876,2019-05-03 00:53:32,btc,0.0,0.0,0,btc,0.0,0.0,0.0,14
,[],12,[],2018-12-01 15:15:48,204241.84496,0.00000489,0.000000000202473384,5260204,2018-12-01 15:15:48,btc,49.5475654835,0.0,,btc,35763.2193806,0.0163153972027625,0.0203389899998,15
0,[],4,[],2019-05-29 06:58:13,0.0,0,0,7705020,2019-05-29 06:58:13,,0.0,0.0,0,,0.0,0.0,0.0,15
0,[],2,[],2019-01-20 23:23:38,0.0,0,0,6476906,2019-01-20 23:23:38,,0.0,0.0,0,,0.0,0.0,0.0,18
1,[],4,[],2019-05-29 06:58:14,31916.59441511,0.00001107,0.000000000943126362,7705021,2019-05-29 06:58:14,btc,0.9673986828678367,0.0,0.00001107,btc,10685.51569352,0.04786743,0.0517677557982911,18
1,[],10,[],2019-05-29 06:58:17,487048.46261869,0.00001145,0.00000000097550107,7705022,2019-05-29 06:58:17,btc,15.351280781582071,16536.285546,0.00001145,btc,14019.22555451,0.0,0.0686122028374735,18
1,[],12,[],2019-05-29 06:58:17,3906.42600893,0.000010629999999999999868373519451569819693759200163185596466064453125,0.000000000905639858,7705023,2019-05-29 06:58:17,btc,0.3997245667348218,0.0,0.000010629999999999999868373519451569819693759200163185596466064453125,btc,1355.30220249,0.000230890729,0.011886600099894,18
0,[],17,[],2019-05-03 00:53:39,0.0,0,0,7558882,2019-05-03 00:53:39,btc,0.0,0.0,0,btc,0.0,0.0,0.0,18
0,[],2,[],2019-01-20 23:24:19,0.0,0,0,6476924,2019-01-20 23:24:19,,0.0,0.0,0,,0.0,0.0,0.0,19
1,[],3,[],2019-05-29 07:00:18,148746.97930434905,0.00000829000000000000024954864563664358456662739627063274383544921875,0.000000000706279814,7705024,2019-05-29 07:00:18,btc,0.31443254362330153,3754.77071591,0.00000829000000000000024954864563664358456662739627063274383544921875,btc,5695.111537919751,0.0,0.0486269366333679,19
1,[],4,[],2019-05-29 07:00:19,521991.61445925,0.00000822,0.000000000700316052,7705025,2019-05-29 07:00:19,btc,2.8154894808188797,0.0,0.00000822,btc,146918.61777918,0.29521872,0.5275284290548968,19
1,[],5,[],2019-05-29 07:00:20,0.0,0,0,7705026,2019-05-29 07:00:20,btc,0.0,3.447e-05,0,btc,0.0,0.0,0.0,19
1,[],12,[],2019-05-29 07:00:21,15252.40988369,0.00000711999999999999959310326147488012793473899364471435546875,0.0000000006065997919999999,7705027,2019-05-29 07:00:21,btc,0.0583262852231998,0.0,0.00000711999999999999959310326147488012793473899364471435546875,btc,1713.18082631,0.002024146956,0.0280791199995051,19
0,[],27,[],2019-05-29 07:00:30,0.0,0,0,7705028,2019-05-29 07:00:30,,0.0,0.0,0,btc,0.0,0.0,0.0,19
1,[],4,[],2019-05-29 07:00:31,10062076.88478525,0.00000007,0.000000000005963762,7705029,2019-05-29 07:00:31,btc,6.411239436602338,0.0,0.00000007,btc,2322306.93095912,0.0,0.1174938176872809,20
1,[],4,[],2019-05-29 07:00:32,72092660.2473748,0.00000001,0.000000000000851966,7705030,2019-05-29 07:00:32,btc,1755.8065095211803,0.0,0.00000001,btc,66667649.21973631,0.00439023,0.7209266024737481,21
1,[],12,[],2019-05-29 07:00:33,2431361.0,0.00000001,0.0000000000008519660000000001,7705031,2019-05-29 07:00:33,btc,1010.9711310128372,0.0,0.00000001,btc,5961337.6413586205,0.00027919,0.02431361,21
0,[],17,[],2019-05-03 00:53:51,0.0,0,0,7558891,2019-05-03 00:53:51,btc,0.0,0.0,0,btc,0.0,0.0,0.0,21
1,[],12,[],2019-05-29 06:25:15,5638221804.0,0.0000000003,0.00000000000002549277,7704871,2019-05-29 06:25:15,btc,708188375.2307475,0.0,0.0000000003,btc,3037201902.375624,0.035349097857,1.2331423688,23
0.000000000309545,[],27,[],2019-05-29 06:25:29,220188461.1414187,1.23818e-17,1.05215459862e-21,7704872,2019-05-29 06:25:29,eth,1173.4460763574,43287061.13266134,0.00000004,eth,9185226.47400005,5.3597173498525e-10,2.1379328833580806e-09,23
1,[],4,[],2019-05-29 06:25:30,1850069.91789864,0.00000026,0.000000000022093734000000002,7704873,2019-05-29 06:25:30,btc,13.49501547688674,0.0,0.00000026,btc,2112051.04179174,0.0094404,0.0591003221257242,24
1,[],22,[],2019-05-29 06:25:34,21.76,0.00000100,0.0000000000849759,7704874,2019-05-29 06:25:34,BTC,7.415e-05,0.0,0.00000100,BTC,23.919354838709676,0.0,1.186e-05,24
0.0,[],25,[],2019-05-29 06:27:57,0.0,0,0,7704875,2019-05-29 06:27:57,,0.0,0.0,0.0,btc,0.0,0.0,0.0,24
1,[],4,[],2019-05-29 06:27:58,310535.60015711,0.00000425,0.000000000361147575,7704876,2019-05-29 06:27:58,btc,10.070971815408688,0.0,0.00000425,btc,254008.69275465,0.10094152,0.1918296783896178,26
1,[],10,[],2019-05-29 06:28:00,149403.45910428,0.00000414,0.00000000035180022600000003,7704877,2019-05-29 06:28:00,btc,25.49708476356695,6890.83760221,0.00000414,btc,22255.16945581,0.0,0.0334727578082078,26
0,[],2,[],2019-01-20 23:25:56,0.0,0,0,6476976,2019-01-20 23:25:56,,0.0,0.0,0,,0.0,0.0,0.0,26
1,[],3,[],2019-05-29 06:28:01,10006042.85914303,0.00000001,0.000000000000849759,7704878,2019-05-29 06:28:01,btc,3.94639382608065,4987041.03729,0.00000001,btc,27885161.9249126,0.0,0.1000604285914303,27
1,[],11,[],2019-05-29 06:28:02,1070969.08157834,0.00000002,0.000000000001699518,7704879,2019-05-29 06:28:02,btc,67503.02945665807,19676.5543251,0.00000002,btc,6590405.9414731,0.0,0.0107207058157834,27
1,[],5,[],2019-04-26 09:47:06,0.0,0,0,7465326,2019-04-26 09:47:06,btc,0.0,0.0,0,btc,0.0,0.0,0.0,27
1,[],4,[],2019-05-29 06:28:02,1134244857.0701983,0.00000001,0.000000000000849759,7704880,2019-05-29 06:28:02,btc,5.066600590283089,0.0,0.00000001,"btc,ltc",316275378.3742476,0.05376538,7.791310178138738,29
1,[],7,[],2019-05-29 06:28:04,85534659.40740813,0.00000001,0.000000000000849759,7704881,2019-05-29 06:28:04,btc,46548272.11046841,37775.7971029,0.00000001,btc,35006016.29077883,0.00044879,0.8553465940740813,29
1,[],4,[],2019-05-29 06:28:06,15278087.87334879,0.00000006,0.000000000005098554,7704882,2019-05-29 06:28:06,btc,2.711354897330282,0.0,0.00000006,btc,2113631.96996548,0.00147171,0.1707014327765772,30
0,[],17,[],2019-05-03 01:11:25,0.0,0,0,7559066,2019-05-03 01:11:25,btc,0.0,0.0,0,btc,0.0,0.0,0.0,30
1,[],4,[],2019-05-29 06:30:07,110292.98785699,0.00004500,0.0000000038239155,7704883,2019-05-29 06:30:07,btc,3.680597693613649,0.0,0.00004500,btc,46204.04152956,1.49557111,0.5755009480660698,31
1,[],21,[],2019-05-29 06:30:08,124547.86915127,0.00004474999999999999675736814253,0.000000003802671525,7704884,2019-05-29 06:30:08,btc,7.080443595011213,413391.4355012,0.0000447499999999999967573681425303533387705101631581783294677734375,btc,136139.43592362,19.35611346,4.2871344339483475,31
0,[],2,[],2019-01-20 23:28:43,0.0,0,0,6477009,2019-01-20 23:28:43,,0.0,0.0,0,,0.0,0.0,0.0,32
0,[],4,[],2019-05-29 06:30:09,0.0,0,0,7704885,2019-05-29 06:30:09,,0.0,0.0,0,,0.0,0.0,0.0,33
1,[],12,[],2019-03-30 07:55:10,40641173.964,0.00000003,0.000000000001228359,7108785,2019-03-30 07:55:10,btc,4233210.82356125,0.0,0.00000003,btc,28378394.68333462,0.0126927883965248,0.90752895892,33
0.0000000001303965,[],4,[],2019-05-29 06:30:10,509428373.6884114,2.7383265e-17,2.3269175883135e-21,7704886,2019-05-29 06:30:10,ltc,3.507826656862587,0.0,0.00000021,ltc,154390168.62981358,0.0,2.0160904097308455e-09,34
1,[],5,[],2019-05-29 06:30:12,0.0,0,0,7704887,2019-05-29 06:30:12,btc,0.0,0.0,0,btc,0.0,0.0,0.0,34
0.0000000001303965,[],4,[],2019-05-29 06:30:14,80740056.16077778,1.303965e-18,1.108055994435e-22,7704888,2019-05-29 06:30:14,ltc,4.98669975297817e-08,0.0,0.00000001,ltc,7087906061.087266,0.0,1.0528220733168859e-10,36
1,[],5,[],2019-05-29 06:30:15,0.0,0,0,7704889,2019-05-29 06:30:15,btc,0.0,0.0,0,btc,0.0,0.0,0.0,36
0.000000000309545,[],27,[],2019-05-29 06:32:28,21554781.0,9.28635e-18,7.891159489650001e-22,7704890,2019-05-29 06:32:28,eth,1671.09537168,535910284.0,0.00000003,"ltc,eth",5525577.0,4.9766504658234e-09,1.24637713452385e-10,36
0.0000000002926451,[],17,[],2019-05-02 18:17:47,200000.0,2.9264510000000002e-18,1.596703856561e-22,7556430,2019-05-02 18:17:47,eth,0.20942468735267253,0.0,0.00000001,"btc,eth",1018272.20243647,0.0,5.852902e-13,36
1,[],4,[],2019-05-29 06:32:29,10047662.78398243,0.00000018,0.000000000015295662,7704891,2019-05-29 06:32:29,btc,19772.592762124623,0.0,0.00000018,btc,761048.42210403,0.00540283,0.154221080486312,37
1,[],12,[],2019-05-29 06:32:31,3725259.33528572,0.00000019,0.000000000016145421,7704892,2019-05-29 06:32:31,btc,8.349219854811267,0.0,0.00000019,btc,930640.56004861,0.030511474311,0.1763952904442866,37
1,[],27,[],2019-05-29 06:34:38,6187.0,0.00000016,0.000000000013596144,7704893,2019-05-29 06:34:38,btc,24.11463822903233,0.0,0.00000016,btc,5792.59438508,0.0,0.00076392,37
1,[],17,[],2019-05-03 01:11:36,211752.74075282,0.00000025,0.000000000013700074999999998,7559074,2019-05-03 01:11:36,btc,0.055484923955058496,0.0,0.00000025,"btc,eth",1387.19918473,0.0,0.0005381851887916605,37
1,[],5,[],2019-05-29 06:34:40,0.0,0,0,7704894,2019-05-29 06:34:40,btc,0.0,0.00038882,0,btc,0.0,0.0,0.0,42
1,[],12,[],2019-05-29 06:34:41,132198.17490516,0.00000093,0.00000000007902758700000001,7704895,2019-05-29 06:34:41,btc,24.761652083099904,0.0,0.00000093,btc,71301.08235897,0.015907259155,0.0469771699999539,42
1,[],27,[],2019-05-29 06:34:50,506.0,0.00000002,0.000000000001699518,7704896,2019-05-29 06:34:50,btc,0.39085425,0.0,0.00000002,"btc,eth",735.0,0.0,6.000000325207977e-06,42
1,[],12,[],2019-03-13 09:13:29,1112112.0,0.00000001,0.000000000000386531,6919902,2019-03-13 09:13:29,btc,29058.00478931866,0.0,0.00000001,btc,5967681.93306694,9.99000999e-07,0.01112112,43
1,[],5,[],2019-04-26 22:38:52,0.0,0,0,7474154,2019-04-26 22:38:52,btc,0.0,0.02638891,0,btc,0.0,0.0,0.0,43
0,[],17,[],2019-04-26 22:38:53,0.0,0,0,7474155,2019-04-26 22:38:53,btc,0.0,0.0,0,btc,0.0,0.0,0.0,43
1,[],12,[],2019-03-05 01:54:08,639326.02,0.00000004,0.000000000001486676,6845775,2019-03-05 01:54:08,btc,11116042.728239931,0.0,0.00000004,btc,1103841.4595604,0.0003330765234764,0.014975410599999999,44
1,[],4,[],2019-05-29 06:34:51,115385661.0136598,0.00000001,0.000000000000849759,7704897,2019-05-29 06:34:51,btc,291324.21848889516,0.0,0.00000001,"btc,ltc",27199604.79631178,0.00880081,0.07919336773502789,49
0.0000000001303965,[],4,[],2019-05-29 06:34:52,153675305.33634585,3.7814985e-17,3.2133623838615003e-21,7704898,2019-05-29 06:34:52,ltc,22049.951059153398,0.0,0.00000029,ltc,158198626.82742745,0.0,1.2586129566566195e-09,52
0,[],22,[],2019-05-29 06:34:55,0.0,0,0,7704899,2019-05-29 06:34:55,,10289.55991011,0.0,0,,308568058.4566013,0.0,0.0,57
0,[],27,[],2019-05-29 06:35:06,0.0,0,0,7704900,2019-05-29 06:35:06,,0.0,0.0,0,"btc,eth",0.0,0.0,0.0,57
0.0000000001303965,[],4,[],2019-05-29 06:35:07,2662802551.956109,1.303965e-18,1.108055994435e-22,7704901,2019-05-29 06:35:07,ltc,19.263871401490647,0.0,0.00000001,ltc,5780746102.343987,0.0,3.4722013296614478e-09,58
1,[],12,[],2019-05-29 06:35:09,1104477421.0,0.0000000001,0.00000000000000849759,7704902,2019-05-29 06:35:09,btc,2250076.0436279415,0.0,0.0000000001,btc,2530414204.2677326,0.081801053792,0.11044774210000001,58
0.0000000001067512,[],22,[],2019-05-29 06:37:12,126877.0,1.067512e-18,9.071279296080001e-23,7704903,2019-05-29 06:37:12,XMR,68.17454206,0.0,0.00000001,XMR,9626402.6,0.0,0.00126877,58
1,[],17,[],2019-05-03 01:12:09,1200000.0,0.0000000001,0.00000000000000548003,7559085,2019-05-03 01:12:09,btc,1e+24,0.0,0.0000000001,"btc,eth",39516342.31952568,0.0,0.00010000000058666061,58
1,[],5,[],2019-05-29 06:37:13,0.0,0,0,7704904,2019-05-29 06:37:13,btc,0.0,0.01045275,0,btc,0.0,0.0,0.0,61
1,[],22,[],2019-05-29 06:37:16,13613.833333333334,0.00000012,0.000000000010197108,7704905,2019-05-29 06:37:16,BTC,1002.29123003,0.0,0.00000012,BTC,15014.200177125656,0.0,0.00153269,61
1,[],26,[],2019-05-29 06:37:16,0.0,0.00000050,0.00000000004248795,7704906,2019-05-29 06:37:16,btc,0.0,0.0,0.00000050,btc,0.0,0.0,0.0,61
1,[],27,[],2019-05-29 06:37:25,15549.0,0.0000002,0.00000000001699518,7704907,2019-05-29 06:37:25,btc,1.9582485601246655,0.0,0.0000002,"btc,eth",11379.41563696,0.0,0.00288918,61
0,[],28,[],2019-05-29 06:38:18,0.0,0,0,7704908,2019-05-29 06:38:18,,0.0,739.0,0,,0.0,0.0,0.0,61
1,[],4,[],2019-05-29 06:38:19,980054.33100557,0.00000080,0.00000000006798072,7704909,2019-05-29 06:38:19,btc,2.570810310156374,0.0,0.00000080,btc,846835.86563213,0.0348643,0.5717350077292908,67
0.0,[],25,[],2019-05-29 06:39:25,0.0,0,0,7704910,2019-05-29 06:39:25,,0.0,0.0,0.0,btc,0.0,0.0,0.0,67
1,[],12,[],2019-05-29 06:39:26,810266.0,0.00000005,0.000000000004248795,7704911,2019-05-29 06:39:26,btc,5.169560643486511,0.0,0.00000005,btc,775566.97902094,1.4647951e-05,0.01754446,71
,[],5,[],2018-11-20 23:02:39,1.5e-07,0.00000005,0.000000000002128045,4862160,2018-11-20 23:02:39,btc,2.84511358,0.0,,btc,0.00036572,0.0,0.07381892,74
1,[],5,[],2019-05-29 06:39:28,0.0,0,0,7704912,2019-05-29 06:39:28,btc,0.0,0.02056098,0,btc,0.0,0.0,0.0,75
0,[],4,[],2019-05-25 21:33:44,0.0,0,0,7686249,2019-05-25 21:33:44,,133656.37989170782,0.0,0,,33439209.5909442,0.0,0.0,81
0,[],20,[],2019-01-25 09:30:31,0.0,0,0,6495923,2019-01-25 09:30:31,btc,0.0,0.0,0,btc,0.0,0.0,0.0,81
1,[],4,[],2019-05-29 06:39:29,31142.77416405,0.00013041,0.000000011081707119,7704913,2019-05-29 06:39:29,btc,22.99996878423331,0.0,0.00013041,btc,9584.80636813,3.4812883,0.7014507616189793,82
1,[],21,[],2019-05-29 06:39:30,105248.88137463,0.0001351000000000000041567443931,0.000000011480244090000001,7704914,2019-05-29 06:39:30,btc,34.09101480698685,609321.84367603,0.00013510000000000000415674439313562515962985344231128692626953125,btc,185034.6370605,78.0674907,9.373059218176078,82
0,[],17,[],2019-03-25 22:42:34,0.0,0,0,7038780,2019-03-25 22:42:34,btc,0.0445064681804024,0.0,0,btc,995513.18476001,0.0,0.0,84
0.0000000001161485,[],4,[],2019-05-20 13:09:39,216715621.0206096,1.161485e-18,9.0533806701e-23,7657228,2019-05-20 13:09:39,ltc,1.6511566870244727,0.0,0.00000001,ltc,471032407.9048656,0.0,2.5171194308112273e-10,85
,[],22,[],2018-11-20 23:09:34,3408.1,0.0000001,0.0000000000041895,4862324,2018-11-20 23:09:34,BTC,0.04624735,0.0,,BTC,4990.0,0.0,0.00033081,86
1,[],22,[],2019-05-29 06:39:35,65156.0,0.00000001,0.000000000000849759,7704915,2019-05-29 06:39:35,BTC,1.45608405,0.0,0.00000001,BTC,314587.29736842104,0.0,0.00065156,87
0,[],27,[],2019-05-29 06:39:42,0.0,0,0,7704916,2019-05-29 06:39:42,,4.968346618036,81305.819,0,btc,5852.67341,75.08592385,0.0,87
,[],2,[],2018-11-20 23:10:47,0.0,0,0,4862359,2018-11-20 23:10:47,,0.0,0.0,,,0.0,0.0,0.0,88
1,[],11,[],2019-05-29 06:39:43,207321.26678435,0.000080010000000000001366302904148852803700719960033893585205078125,0.000000006798921759000001,7704917,2019-05-29 06:39:43,btc,186.47384815654033,60.24196975,0.000080010000000000001366302904148852803700719960033893585205078125,btc,238867.99752997,0.0,2.3931441988415565,89
0,[],2,[],2019-01-20 23:31:45,0.0,0,0,6477083,2019-01-20 23:31:45,,0.0,0.0,0,,0.0,0.0,0.0,91
1,[],12,[],2019-05-29 06:39:44,202109.41617934,0.00000031,0.000000000026342529000000002,7704918,2019-05-29 06:39:44,btc,87.6405976483907,0.0,0.00000031,btc,108048.41555554,4.5843014e-05,0.0111331416999868,91
1,[],22,[],2019-05-29 06:41:48,75910.55,0.0000002,0.00000000001699518,7704919,2019-05-29 06:41:48,BTC,0.495,0.0,0.0000002,"BTC,LTC",4.95,0.0,0.00165931,91
0,[],17,[],2019-05-03 01:12:26,0.0,0,0,7559096,2019-05-03 01:12:26,btc,0.0,0.0,0,btc,0.0,0.0,0.0,91
1,[],22,[],2019-04-09 20:17:52,374949.73333333334,0.00000015,0.000000000007771935,7235704,2019-04-09 20:17:52,BTC,6.87372503,0.0,0.00000015,"BTC,LTC",159980.01196797504,1.1e-05,0.80510266,95
0.0000000001303965,[],4,[],2019-05-29 06:41:49,556868424.4583035,2.9991195e-17,2.5485287872005e-21,7704920,2019-05-29 06:41:49,ltc,11.352421308928886,0.0,0.00000023,ltc,152031169.33636692,0.0,1.1405012955503665e-09,96
0,[],12,[],2019-05-29 06:41:50,0.0,0,0,7704921,2019-05-29 06:41:50,btc,10.510502030379621,0.0,0,btc,7843653.03796204,0.0,0.0,96
0,[],17,[],2019-05-03 01:12:32,0.0,0,0,7559100,2019-05-03 01:12:32,btc,0.0,0.0,0,btc,0.0,0.0,0.0,96
1,[],4,[],2019-04-14 03:32:46,1039404.33283278,0.00000038,0.000000000019245518,7293458,2019-04-14 03:32:46,btc,4.170086055365747,0.0,0.00000038,btc,3097704.34561074,0.06260606,0.1859928211030784,99
1,[],4,[],2019-05-29 06:43:51,199827.12640903,0.00001720,0.00000000146158548,7704922,2019-05-29 06:43:51,btc,7.008554515000475,0.0,0.00001720,btc,135973.55368659,0.47085306,0.2989831573903265,100
0,[],2,[],2019-01-20 23:23:55,0.0,0,0,6476914,2019-01-20 23:23:55,,0.0,0.0,0,,0.0,0.0,0.0,100
1,[],22,[],2019-05-29 06:43:55,150000.0,0.00000002,0.000000000001699518,7704923,2019-05-29 06:43:55,BTC,24.83526409,0.0,0.00000002,BTC,11187.719,0.0,0.0017,101
1,[],4,[],2019-05-29 06:43:56,529042.1163254,0.00000142,0.00000000012066577800000001,7704924,2019-05-29 06:43:56,btc,362.1164162544202,0.0,0.00000142,btc,591134.06788003,0.06564606,0.1549816943499869,103
1,[],12,[],2019-05-29 06:43:58,142421056.83268034,0.000000004,0.00000000000033990360000000005,7704925,2019-05-29 06:43:58,btc,2380.496156915566,0.0,0.000000004,btc,63054025.30719784,0.01486898059,0.1789415253307214,105
1,[],27,[],2019-05-29 06:44:03,230790.0,0.00000003,0.000000000002549277,7704926,2019-05-29 06:44:03,btc,0.3116878823531397,168024.66656843,0.00000003,btc,594759.35947933,0.01344197,0.0056049,105
1,[],22,[],2019-04-21 00:17:26,21333.0,0.00000001,0.000000000000532493,7385819,2019-04-21 00:17:26,BTC,51.38182867,0.0,0.00000001,BTC,470435.0,0.0,0.00021333,107
1,[],26,[],2019-04-21 00:17:26,0.0,0.00000000,0,7385820,2019-04-21 00:17:26,btc,0.0,0.0,0.00000000,btc,0.0,0.0,0.0,107
1,[],5,[],2019-05-29 06:44:05,0.0,0,0,7704927,2019-05-29 06:44:05,btc,0.0,0.0,0,btc,0.0,0.0,0.0,112
0,[],22,[],2019-05-29 06:44:08,0.0,0,0,7704928,2019-05-29 06:44:08,,6.79725781,0.0,0,,3374992.0833333335,0.0,0.0,112
1,[],27,[],2019-05-29 06:44:17,1.0,0.00000001,0.000000000000849759,7704929,2019-05-29 06:44:17,btc,1.15032588,0.0,0.00000001,"btc,eth",1818.0,0.0,1e-08,112
1,[],4,[],2019-05-29 06:44:18,276488.7317755,0.00000084,0.000000000071379756,7704930,2019-05-29 06:44:18,btc,5.504949599164037,0.0,0.00000084,btc,593356.75596668,0.00200276,0.1701566570875382,113
1,[],5,[],2019-05-29 06:44:19,0.0,0,0,7704931,2019-05-29 06:44:19,btc,0.0,0.0,0,btc,0.0,0.0,0.0,113
1,[],17,[],2019-04-26 02:17:47,162738.278,0.00000004,0.0000000000021069000000000002,7461287,2019-04-26 02:17:47,btc,1.3331140273775473,0.0,0.00000004,btc,51796.221,0.0,0.00230953112,116
1,[],27,[],2019-05-22 05:13:01,210000.0,0.00000001,0.00000000000079145,7666372,2019-05-22 05:13:01,btc,3919.0005001478,0.0,0.00000001,btc,128660.871,0.0,0.0021,116
1,[],4,[],2019-05-21 22:31:11,138169.03963019,0.00000701,0.000000000558364025,7664793,2019-05-21 22:31:11,btc,150.95388250938234,0.0,0.00000701,btc,344631.17141974,0.07552974,0.4288357684941946,120
1,[],7,[],2019-05-21 22:31:12,3901.07750076,0.000010679999999999999389654892212320191902108490467071533203125,0.0000000008506887,7664794,2019-05-21 22:31:12,btc,231188.94669936574,0.0,0.000010679999999999999389654892212320191902108490467071533203125,btc,4133.83151364,0.0,0.0113888422364489,120
1,[],20,[],2019-04-07 18:42:29,1914137.0852,0.000000035,0.0000000000017871910000000002,7211992,2019-04-07 18:42:29,btc,32.2497668025648,25528.85,0.000000035,btc,1001975.4986,0.00089350975,0.0152723574729,125
1,[],22,[],2019-05-29 06:44:22,10000.0,0.00000001,0.000000000000849759,7704932,2019-05-29 06:44:22,BTC,0.032061,0.0,0.00000001,BTC,299316.7611111111,0.0,0.0001,126
1,[],4,[],2019-05-29 06:44:22,248943.51176545,0.00000828,0.0000000007036004520000001,7704933,2019-05-29 06:44:22,btc,5.476554967321762,0.0,0.00000828,btc,170484.54952333,0.45410893,0.5140460146358221,131
0,[],2,[],2019-01-20 23:25:46,0.0,0,0,6476969,2019-01-20 23:25:46,,0.0,0.0,0,,0.0,0.0,0.0,131
1,[],17,[],2019-05-03 01:13:10,10000.0,0.00000001,0.000000000000548003,7559115,2019-05-03 01:13:10,btc,0.0953976503951408,0.0,0.00000001,btc,5037.62507334,0.0,0.0001,131
1,[],4,[],2019-05-29 06:46:24,4753.09760991,0.00007919,0.000000006729241521,7704934,2019-05-29 06:46:24,btc,5.031947443905165,0.0,0.00007919,btc,202.13055914,0.0,0.0070632248094241,135
1,[],3,[],2019-05-29 06:46:25,124652.22392675,0.00000001,0.000000000000849759,7704935,2019-05-29 06:46:25,btc,0.22283925285856068,1577354.09937,0.00000001,btc,1910497.43168451,0.0,0.0012465222392675,136
1,[],4,[],2019-05-29 06:46:26,2788064.85286979,0.00000184,0.00000000015635565600000002,7704936,2019-05-29 06:46:26,btc,108.69166226835165,0.0,0.00000184,btc,510782.5485572,0.089035,0.5791436246748669,137
1,[],12,[],2019-05-29 06:46:27,89072.38617806,0.000001740000000000000069492480346544649449924690998159348964691162109375,0.000000000147858066,7704937,2019-05-29 06:46:27,btc,57.78053361407361,0.0,0.000001740000000000000069492480346544649449924690998159348964691162109375,btc,49858.56053943,0.000344189946,0.0181972199998813,137
1,[],4,[],2019-05-29 06:46:28,56390.35335597,0.00001861,0.000000001581401499,7704938,2019-05-29 06:46:28,btc,9.52210109172862,0.0,0.00001861,btc,149825.01252752,2.26690458,0.3502192991829241,142
1,[],5,[],2019-05-29 06:46:29,0.0,0,0,7704939,2019-05-29 06:46:29,btc,0.0,0.08772942,0,btc,0.0,0.0,0.0,142
1,[],20,[],2019-05-29 06:48:31,208991.9235,0.00001423,0.0000000012092070570000001,7704940,2019-05-29 06:48:31,btc,1.6087543499993,141.1016,0.00001423,btc,9872.7963,0.002158069378,0.0182495611244,142
1,[],22,[],2019-05-29 06:48:36,11028.645,0.00001000,0.0000000008497590000000001,7704941,2019-05-29 06:48:36,BTC,3.2754788,0.0,0.00001000,BTC,1133.9993657797618,0.0,0.00745365,142
0.0,[],25,[],2019-05-29 06:48:37,0.0,0,0,7704942,2019-05-29 06:48:37,,0.0,0.0,0.0,btc,0.0,0.0,0.0,142
0,[],28,[],2019-05-29 06:49:12,0.0,0,0,7704943,2019-05-29 06:49:12,,0.0,0.0,0,,0.0,0.0,0.0,142
1,[],17,[],2019-05-03 01:13:16,32967.38636364,0.00000088,0.000000000048224264,7559122,2019-05-03 01:13:16,btc,20.06976206696776,0.0,0.00000088,btc,2746.079105,0.0,0.0105613000000032,142
0,[],22,[],2019-05-29 06:49:14,0.0,0,0,7704944,2019-05-29 06:49:14,,65.51518676,0.0,0,,839924755.3,0.0,0.0,143
0,[],22,[],2019-02-25 15:42:22,0.0,0,0,6783783,2019-02-25 15:42:22,,4.2131946,0.0,0,,2322156.0,0.0,0.0,146
,[],22,[],2018-11-20 23:01:11,0.0,0,0,4862114,2018-11-20 23:01:11,,2.56807021,0.0,,,61828.4988236,0.0,0.0,147
1,[],12,[],2019-04-21 06:38:04,193091.5971266,0.00000071,0.000000000037635183,7388679,2019-04-21 06:38:04,btc,2.301232411611175,0.0,0.00000071,btc,9957.48302385,0.00023528,0.0313308199999888,148
1,[],4,[],2019-03-19 21:31:25,255810.0415942,0.00000029,0.000000000011615747,6982695,2019-03-19 21:31:25,btc,218.94922712414143,0.0,0.00000029,btc,793529.37642722,0.00117,0.0608347789473395,152
0,[],22,[],2019-03-19 21:31:27,0.0,0,0,6982696,2019-03-19 21:31:27,,0.0,0.0,0,,0.0,0.0,0.0,152
1,[],5,[],2019-04-26 09:36:59,0.0,0,0,7465040,2019-04-26 09:36:59,btc,0.0,0.0,0,btc,0.0,0.0,0.0,153
,[],16,[],2019-01-11 15:38:59,0.0,0,0,6366141,2019-01-11 15:38:59,btc,0.0,0.0,,btc,0.0,0.0,0.0,155
0,[],22,[],2019-05-29 06:49:19,0.0,0,0,7704945,2019-05-29 06:49:19,,7.44455324,0.0,0,,5955762.942592593,0.0,0.0,156
0,[],23,[],2019-01-20 23:24:29,0.0,0,0,6476932,2019-01-20 23:24:29,,0.0,0.0,0,,0.0,0.0,0.0,156
1,[],22,[],2019-05-29 06:49:22,6996.0,0.00000001,0.000000000000849759,7704946,2019-05-29 06:49:22,BTC,1.76021712,0.0,0.00000001,BTC,157.24105780640787,0.0,6.996e-05,157
0,[],22,[],2019-05-21 23:40:32,0.0,0,0,7665049,2019-05-21 23:40:32,,50234.60468402,0.0,0,,54786159.03179465,0.0,0.0,158
,[],17,[],2018-11-20 22:56:10,0.0,0,0,4861976,2018-11-20 22:56:10,btc,1.1265625,0.0,,btc,1000.0,0.0,0.0,159
,[],20,[],2018-11-20 22:56:12,0.0,0,0,4861977,2018-11-20 22:56:12,btc,11912.7940471,0.0,,btc,34413894.3617,0.0,0.0,159
1,[],12,[],2019-05-24 02:51:20,9178.522006449999,0.00000191999999999999982841307998027158276954651228152215480804443359375,0.000000000151222656,7676256,2019-05-24 02:51:20,btc,149.80414728631675,0.0,0.00000191999999999999982841307998027158276954651228152215480804443359375,btc,1115.7451448499999,0.01783167678326,0.0120075778999181,168
1,[],17,[],2019-05-03 01:13:36,42852.0,0.00000002,0.000000000001096006,7559132,2019-05-03 01:13:36,btc,0.04279856251542,0.0,0.00000002,btc,274.46171372,0.0,0.00052852,168
1,[],22,[],2019-05-17 03:01:52,10.0,0.00000001,0.000000000000778341,7642059,2019-05-17 03:01:52,BTC,41.95893009,0.0,0.00000001,BTC,1753972.7737547632,0.0,1e-07,169
1,[],22,[],2019-05-29 06:49:25,202834.0,0.00000002,0.000000000001699518,7704947,2019-05-29 06:49:25,BTC,27.86993734,0.0,0.00000002,BTC,462189.5785507793,0.0001666,0.00211768,171
1,[],22,[],2019-05-29 06:49:28,349870.0,0.00000002,0.000000000001699518,7704948,2019-05-29 06:49:28,BTC,24.05907723,0.0,0.00000002,"BTC,LTC",1224285.4355616204,0.0,0.0039847,173
1,[],5,[],2019-05-29 06:49:30,0.0,0,0,7704949,2019-05-29 06:49:30,btc,0.0,0.00333261,0,btc,0.0,0.0,0.0,175
1,[],22,[],2019-05-29 06:49:33,90671.0,0.00000001,0.000000000000849759,7704950,2019-05-29 06:49:33,BTC,394.35459412,0.0,0.00000001,BTC,136275.61833431243,0.0,0.00090671,176
1,[],7,[],2019-05-29 06:49:35,0.0,0,0,7704951,2019-05-29 06:49:35,btc,522274.2604748436,0.0,0,btc,27037838.34310775,0.0,0.0,178
0,[],22,[],2019-05-29 06:49:37,0.0,0,0,7704952,2019-05-29 06:49:37,,1.00242428,0.0,0,,57512.0,0.0,0.0,178
0,[],2,[],2019-01-20 23:28:34,0.0,0,0,6477001,2019-01-20 23:28:34,,0.0,0.0,0,,0.0,0.0,0.0,178
1,[],5,[],2019-05-29 06:49:39,0.0,0,0,7704953,2019-05-29 06:49:39,btc,0.0,0.00906461,0,btc,0.0,0.0,0.0,179
0,[],22,[],2019-05-29 06:49:41,0.0,0,0,7704954,2019-05-29 06:49:41,,5.31470813,0.0,0,,13446409.311946675,0.0,0.0,179
0,[],23,[],2019-01-20 23:25:08,0.0,0,0,6476952,2019-01-20 23:25:08,,0.0,0.0,0,,0.0,0.0,0.0,179
1,[],22,[],2019-05-29 06:51:46,674597.3333719086,0.00000110,0.00000000009347349,7704955,2019-05-29 06:51:46,BTC,39.20452161,0.0,0.00000110,"BTC,LTC",155632.68289158275,0.02717327,0.57400084,180
1,[],26,[],2019-05-29 06:51:47,0.0,0.00000010,0.00000000000849759,7704956,2019-05-29 06:51:47,btc,0.0,0.0,0.00000010,btc,0.0,0.0,0.0,180
1,[],17,[],2019-05-03 01:13:56,20504.725000000002,0.0000001,0.00000000000548003,7559141,2019-05-03 01:13:56,btc,5.2010695838400265,0.0,0.0000001,btc,5033.45945,0.0,0.0011504725,180
,[],7,[],2018-11-20 22:58:01,562227.975654,0.00000085,0.000000000036176765,4862015,2018-11-20 22:58:01,btc,21836.6059674,2491.87645172,,btc,749999.041456,0.00211021,0.127565380455,183
,[],5,[],2019-01-10 08:11:41,0.0,0,0,6347036,2019-01-10 08:11:41,btc,82.15055501,0.00261,,btc,1.19002445,0.0,0.0,187
,[],17,[],2018-11-16 20:58:10,4062536.27273,0.00000001,0.000000000000550501,4708775,2018-11-16 20:58:10,btc,3.36492563466,0.195460381006,,"btc,eth",110697919.549,0.0,0.0157628953496,187
1,[],24,[],2019-05-22 21:04:52,0.0,0.000000000014,0.0000000000000010960978,7670219,2019-05-22 21:04:52,btc,0.0,0.0,0.000000000014,btc,0.0,0.0,0.0,187
0,[],22,[],2019-04-25 02:54:07,0.0,0,0,7447896,2019-04-25 02:54:07,,7.54794454,0.0,0,,76361.7243344055,0.0,0.0,191
0,[],22,[],2019-05-29 06:51:52,0.0,0,0,7704957,2019-05-29 06:51:52,,0.0,0.0,0,,0.0,0.0,0.0,197
0,[],23,[],2019-01-20 23:31:41,0.0,0,0,6477079,2019-01-20 23:31:41,,0.0,0.0,0,,0.0,0.0,0.0,199
0,[],22,[],2019-05-29 06:51:55,0.0,0,0,7704958,2019-05-29 06:51:55,,10.92971999,0.0,0,,99450037.0,0.0,0.0,199
1,[],26,[],2019-05-29 06:51:55,0.0,0.00000000,0,7704959,2019-05-29 06:51:55,btc,0.0,0.0,0.00000000,btc,0.0,0.0,0.0,199
0,[],2,[],2019-01-20 23:30:49,0.0,0,0,6477059,2019-01-20 23:30:49,,0.0,0.0,0,,0.0,0.0,0.0,201
1,[],4,[],2019-01-25 15:51:35,2084389.58565343,0.00000936,0.000000000333526752,6499557,2019-01-25 15:51:35,btc,2.0092503037378524,0.0,0.00000936,btc,160195.80207885,0.19272417,1.242687955921835,211
1,[],7,[],2019-05-29 06:51:59,1185617905.1916077,0.00000057,0.000000000048436263000000004,7704960,2019-05-29 06:51:59,btc,15202333.178717155,578923.887011,0.00000057,btc,8639898.12463297,0.0,13.871929366437657,212
1,[],12,[],2019-01-25 02:44:32,207462.42853209,0.000001080000000000000035831255497387193287295303889550268650054931640625,0.000000000038610756000000006,6493050,2019-01-25 02:44:32,btc,85023.03793723314,0.0,0.000001080000000000000035831255497387193287295303889550268650054931640625,btc,43675.73520027,0.000146250909087,0.0348620860622024,213
1,[],5,[],2019-05-29 06:52:00,0.0,0,0,7704961,2019-05-29 06:52:00,btc,0.0,0.05360187,0,btc,0.0,0.0,0.0,213
1,[],24,[],2019-05-29 06:52:00,0.0,0.000000399202,0.000000000033922549231800004,7704962,2019-05-29 06:52:00,btc,0.0,0.0,0.000000399202,btc,0.0,0.0,0.0,213
1,[],26,[],2019-05-29 06:52:01,0.0,0.00000040,0.00000000003399036,7704963,2019-05-29 06:52:01,btc,0.0,0.0,0.00000040,btc,0.0,0.0,0.0,213
0,[],22,[],2019-05-29 06:52:04,0.0,0,0,7704964,2019-05-29 06:52:04,,9.61445386,0.0,0,,3661587.094064925,0.0,0.0,216
0,[],27,[],2019-05-29 06:52:17,0.0,0,0,7704965,2019-05-29 06:52:17,,70.4767975715382,13018.0,0,"btc,ltc",337556.12538,0.00013018,0.0,216
1,[],22,[],2019-05-29 06:52:20,847935.8260869565,0.00000026,0.000000000022093734000000002,7704966,2019-05-29 06:52:20,BTC,12057.47443773,0.0,0.00000026,BTC,525998.7376770715,0.0387366,0.04802477,217
1,[],7,[],2019-05-29 06:52:22,0.0,0,0,7704967,2019-05-29 06:52:22,btc,1234864.1040716618,0.0,0,btc,164001712.13147992,0.0,0.0,219
0,[],27,[],2019-05-29 06:52:30,0.0,0,0,7704968,2019-05-29 06:52:30,,0.7206327687846461,11334296.010844,0,btc,12326963.95716487,0.22668592,0.0,219
0,[],28,[],2019-05-29 06:53:17,0.0,0,0,7704969,2019-05-29 06:53:17,,0.0,785081.626,0,,0.0,0.0,0.0,219
1,[],22,[],2019-05-23 16:41:05,172069.0,0.00000004,0.0000000000031167080000000004,7674065,2019-05-23 16:41:05,BTC,56.76466137,0.0,0.00000004,BTC,127061.6482738741,0.0,0.00393676,221
1,[],24,[],2019-05-23 16:41:05,0.0,0.000000010000,0.0000000000007791770000000001,7674066,2019-05-23 16:41:05,btc,0.0,0.0,0.000000010000,btc,0.0,0.0,0.0,221
1,[],20,[],2019-05-29 06:53:19,6897350.3644,0.000000002,0.0000000000001699518,7704970,2019-05-29 06:53:19,btc,100050.78051890663,7795.1168,0.000000002,btc,45432989.1009,1.55902336e-05,0.0070134632476,224
0,[],22,[],2019-05-29 06:53:21,0.0,0,0,7704971,2019-05-29 06:53:21,,0.0,0.0,0,,0.0,0.0,0.0,224
1,[],26,[],2019-05-29 06:53:21,0.0,0.00000025,0.000000000021243975,7704972,2019-05-29 06:53:21,btc,0.0,0.0,0.00000025,btc,0.0,0.0,0.0,231
1,[],26,[],2019-05-29 06:53:22,0.0,0.00000006,0.000000000005098554,7704973,2019-05-29 06:53:22,btc,0.0,0.0,0.00000006,btc,0.0,0.0,0.0,234
0,[],27,[],2019-05-29 06:53:29,0.0,0,0,7704974,2019-05-29 06:53:29,,0.01134836604,0.0,0,"btc,eth",11462.996,0.0,0.0,234
1,[],4,[],2019-05-22 17:06:12,91780.56053785,0.00000078,0.000000000061977552,7669277,2019-05-22 17:06:12,btc,5.573372450018177,0.0,0.00000078,btc,729173.93529783,0.0,0.0307060663355679,236
1,[],24,[],2019-05-22 17:06:12,0.0,0.000000010000,0.000000000000794584,7669278,2019-05-22 17:06:12,btc,0.0,0.0,0.000000010000,btc,0.0,0.0,0.0,236
1,[],5,[],2019-05-29 06:53:31,0.0,0,0,7704975,2019-05-29 06:53:31,btc,0.0,0.22354658,0,btc,0.0,0.0,0.0,237
1,[],20,[],2019-05-29 06:53:32,119435797.2282,0.000000039,0.0000000000033140601,7704976,2019-05-29 06:53:32,btc,58794.170865017535,12461837.9559,0.000000039,btc,42951183.7432,0.5288833820345,0.4279357906452,237
1,[],22,[],2019-05-29 06:53:37,288100.0,0.00000003,0.000000000002549277,7704977,2019-05-29 06:53:37,BTC,1.20267422,0.0,0.00000003,"BTC,LTC",17930.94871794872,0.0,0.007541,237
1,[],4,[],2019-05-29 06:53:37,26777219.97024268,0.00000012,0.000000000010197108,7704978,2019-05-29 06:53:37,btc,2.800321921663255,0.0,0.00000012,btc,8674353.55120504,0.0669041,0.5481716197466681,238
1,[],5,[],2019-05-29 06:53:39,0.0,0,0,7704979,2019-05-29 06:53:39,btc,0.0,0.00231127,0,btc,0.0,0.0,0.0,238
0,[],22,[],2019-03-12 16:49:32,0.0,0,0,6914458,2019-03-12 16:49:32,,0.40415746,0.0,0,,526736.5639027493,0.0,0.0,249
0,[],22,[],2019-05-28 23:53:45,0.0,0,0,7703643,2019-05-28 23:53:45,,13.44714864,0.0,0,,43777534.3426455,0.0,0.0,252
0,[],28,[],2019-05-29 06:54:16,0.0,0,0,7704980,2019-05-29 06:54:16,,0.0,255823.86,0,,0.0,0.0,0.0,256
1,[],22,[],2019-05-29 06:54:19,1039243.0,0.00000001,0.000000000000849759,7704981,2019-05-29 06:54:19,BTC,24.15668173,0.0,0.00000001,BTC,547003.9724808998,2.296e-05,0.01039243,258
1,[],22,[],2019-05-19 18:12:02,400.0,0.00000001,0.0000000000007957800000000001,7653905,2019-05-19 18:12:02,BTC,2.415167,0.0,0.00000001,BTC,157.0,0.0,4e-06,259
1,[],5,[],2019-05-29 06:54:20,0.0,0,0,7704982,2019-05-29 06:54:20,btc,0.0,0.01317873,0,btc,0.0,0.0,0.0,264
1,[],20,[],2019-05-29 06:54:22,957385.1589,0.00000022,0.000000000018694698,7704983,2019-05-29 06:54:22,btc,0.9810448398661,0.0,0.00000022,btc,57021.9707,0.0,0.0081534701897,264
0,[],22,[],2019-04-12 17:57:27,0.0,0,0,7278186,2019-04-12 17:57:27,,66.37522201,0.0,0,,677842.4169881374,0.0,0.0,271
0,[],22,[],2019-05-29 06:54:24,0.0,0,0,7704984,2019-05-29 06:54:24,,33050470.74998113,0.0,0,,14361377780.7,0.0,0.0,272
0,[],28,[],2019-05-29 06:54:54,0.0,0,0,7704985,2019-05-29 06:54:54,,0.0,23621757216.576,0,,0.0,0.0,0.0,272
1,[],22,[],2019-05-23 07:12:29,219930.0,0.00000004,0.000000000003048688,7671985,2019-05-23 07:12:29,BTC,426.77835217,0.0,0.00000004,BTC,248664.3325962929,0.0,0.00739728,281
1,[],22,[],2019-05-29 06:54:58,276091.1,0.00000003,0.000000000002549277,7704986,2019-05-29 06:54:58,BTC,31.6616927,0.0,0.00000003,"BTC,LTC",1358287.485529804,0.01280079,0.01149338,286
0,[],22,[],2019-05-29 06:55:01,0.0,0,0,7704987,2019-05-29 06:55:01,,7337904.96568486,0.0,0,,2004620112.6797826,0.0,0.0,294
