pairValue,buyBook,exchangeId,sellBook,updated,buyTotal,satoshiPrice,usdPrice,exchangeLogId,created,bestPair,sellTotalBtc,volume,pairPrice,activePairs,sellTotal,volumeBtc,buyTotalBtc,coinId
1,[],3,[],2019-05-28 06:04:46,39.182165195976,0.01109591000000000049485748832012177444994449615478515625,0.000000969158943858,7699007,2019-05-28 06:04:46,btc,34.76041314044288,47.7181666216,0.01109591000000000049485748832012177444994449615478515625,btc,23.16219888741,0.0,0.351601297485571,1
1,[],4,[],2019-05-28 06:04:47,207677.23186882,0.01097776,0.000000958839273888,7699008,2019-05-28 06:04:47,btc,8.065264920495432,0.0,0.01097776,btc,334.15513357,1.95767363,0.5472636918702202,1
1,[],5,[],2019-05-28 06:04:49,0.0,0,0,7699009,2019-05-28 06:04:49,btc,0.0,0.00337802,0,btc,0.0,0.0,0.0,1
1,[],10,[],2019-05-28 06:04:52,309954.6939909,0.0072,0.0000006288753599999999,7699010,2019-05-28 06:04:52,btc,6521.42707439008,1866.73061042,0.0072,btc,1340.27470266,0.0,2.432641347853719,1
1,[],12,[],2019-05-28 06:04:55,75.24246016,0.01116999999999999937383421411141171120107173919677734375,0.0000009756302459999998,7699011,2019-05-28 06:04:55,btc,0.2051487711632,0.0,0.01116999999999999937383421411141171120107173919677734375,btc,17.48009554,0.142380665465,0.2903938963754,1
1,[],21,[],2019-05-28 06:06:57,2095.1195027,0.01119659999999999926145743956,0.0000009779535910799998,7699012,2019-05-28 06:06:57,btc,11.190206012135663,4570.58181942,0.01119659999999999926145743955885336617939174175262451171875,"btc,eth",1366.10196112,44.709588417050774,19.318733164407693,1
1,[],22,[],2019-05-28 06:07:01,0.0025666666666666667,0.00900000,0.0000007860941999999999,7699013,2019-05-28 06:07:01,BTC,0.31629903,0.0,0.00900000,BTC,0.2505752479991019,0.0,2.31e-05,1
1,[],24,[],2019-05-28 06:07:01,0.0,0.000000000000,0,7699014,2019-05-28 06:07:01,btc,0.0,0.0,0.000000000000,btc,0.0,0.0,0.0,1
0.0,[],25,[],2019-05-28 06:07:02,0.0,0,0,7699015,2019-05-28 06:07:02,btc,23.164999998708637,2483.83778604,0.0,btc,1977.64813022,27.125,0.0,1
1,[],26,[],2019-05-28 06:07:04,0.0,0,0,7699016,2019-05-28 06:07:04,,0.0,0.0,0,,0.0,0.0,0.0,1
0,[],28,[],2019-05-28 06:08:00,0.0,0,0,7699017,2019-05-28 06:08:00,,0.0,365002.0022,0,,0.0,0.0,0.0,1
1,[],20,[],2019-05-28 05:33:20,973.0419,0.010262851,0.0000008982016406647,7698851,2019-05-28 05:33:20,btc,0.5004177412745,0.1139,0.010262851,btc,41.6349,0.00129704764,0.1092364857542,1
0,[],2,[],2019-01-20 23:28:45,0.0,0,0,6477011,2019-01-20 23:28:45,,0.0,0.0,0,,0.0,0.0,0.0,1
1,[],5,[],2019-05-28 06:08:01,0.0,0,0,7699018,2019-05-28 06:08:01,btc,0.0,0.00044261,0,btc,0.0,0.0,0.0,2
1,[],22,[],2019-05-28 06:08:05,11638.0,0.0000002,0.00000000001746876,7699019,2019-05-28 06:08:05,BTC,21.00897301,0.0,0.0000002,"BTC,XMR",20678.87287795317,0.0,0.00145435,2
1,[],5,[],2019-05-28 06:08:06,0.0,0,0,7699020,2019-05-28 06:08:06,btc,0.0,0.18343272,0,btc,0.0,0.0,0.0,3
1,[],12,[],2019-05-28 06:08:08,2421317.41199,0.000000103,0.0000000000089964114,7699021,2019-05-28 06:08:08,btc,4527.1852374747,0.0,0.000000103,btc,3326538.16850969,0.14546195002,0.19561689187621,3
0,[],28,[],2019-05-28 06:08:09,0.0,0,0,7699022,2019-05-28 06:08:09,,0.0,0.0,0,,0.0,0.0,0.0,3
0,[],2,[],2019-01-20 23:31:32,0.0,0,0,6477077,2019-01-20 23:31:32,,0.0,0.0,0,,0.0,0.0,0.0,4
1,[],4,[],2019-05-18 21:29:50,562734.9206932,0.00000010,0.000000000007298720000000001,7650946,2019-05-18 21:29:50,btc,41.9347137769675,0.0,0.00000010,btc,1123702.32192634,0.00052462,0.029254593370966,4
0,[],12,[],2019-05-28 01:22:52,0.0,0,0,7697898,2019-05-28 01:22:52,btc,0.415868044995005,0.0,0,btc,1049061.4995005,0.0,0.0,5
0,[],2,[],2019-01-20 23:31:51,0.0,0,0,6477087,2019-01-20 23:31:51,,0.0,0.0,0,,0.0,0.0,0.0,6
1,[],11,[],2019-05-28 06:08:12,7250289.776736,0.00000002,0.0000000000017468759999999998,7699023,2019-05-28 06:08:12,btc,9578.922527111881,3429798.0,0.00000002,btc,65060656.39865396,0.0,0.09337137276736,6
1,[],3,[],2019-05-28 06:08:13,1632.610063997125,0.0000888800000000000028389790518446034184307791292667388916015625,0.000000007763116943999999,7699024,2019-05-28 06:08:13,btc,0.05894032697390034,176.533509258,0.0000888800000000000028389790518446034184307791292667388916015625,btc,187.822029933764,0.0,0.026147407708294084,7
1,[],4,[],2019-05-28 06:08:14,334229.12372245,0.00008373,0.0000000073132963739999995,7699025,2019-05-28 06:08:14,btc,9.37449495744169,0.0,0.00008373,btc,57424.46632672,2.77934299,2.458223615146996,7
1,[],5,[],2019-05-28 06:08:15,0.0,0,0,7699026,2019-05-28 06:08:15,btc,0.0,0.66807664,0,btc,0.0,0.0,0.0,7
1,[],20,[],2019-04-07 22:06:50,3201475.0482,0.000000001,0.000000000000051590000000000004,7213932,2019-04-07 22:06:50,btc,30.8005781811902,0.0,0.000000001,btc,23077405.3926,0.0,0.0032014750482,8
0,[],2,[],2019-01-20 23:22:42,0.0,0,0,6476876,2019-01-20 23:22:42,,0.0,0.0,0,,0.0,0.0,0.0,9
0,[],23,[],2019-01-20 23:22:48,0.0,0,0,6476878,2019-01-20 23:22:48,,0.0,0.0,0,,0.0,0.0,0.0,9
1,[],4,[],2019-05-28 06:08:17,21257451.44275281,0.00000050,0.000000000043671899999999994,7699027,2019-05-28 06:08:17,btc,3.9660766311768145,0.0,0.00000050,btc,3432966.23913082,0.47563414,0.5621495597961141,9
0,[],28,[],2019-05-28 06:08:59,0.0,0,0,7699028,2019-05-28 06:08:59,,0.0,3556449.43,0,,0.0,0.0,0.0,9
1,[],1,[],2019-02-17 23:31:42,1822507.21,0.00000181000000000000003456111265232042484285557293333113193511962890625,0.000000000066086901,6701244,2019-02-17 23:31:42,btc,3.6990969245,17153386.5,0.00000181000000000000003456111265232042484285557293333113193511962890625,btc,1997391.71,31.11772986,3.2610482446,9
1,[],4,[],2019-02-17 11:22:43,4341674.27126056,0.00000002,0.0000000000007272960000000001,6696112,2019-02-17 11:22:43,btc,0.1997230937751353,0.0,0.00000002,btc,4109766.79808031,0.00215132,0.0479381022052112,10
1,[],4,[],2019-05-28 06:09:00,8439150.36055815,0.00000049,0.000000000042798461999999994,7699029,2019-05-28 06:09:00,btc,4.7627057557789945,0.0,0.00000049,btc,5050663.95890325,0.7878784,1.4718813797650934,12
1,[],5,[],2019-05-28 06:09:01,0.0,0,0,7699030,2019-05-28 06:09:01,btc,0.0,0.12605096,0,btc,0.0,0.0,0.0,12
0.0,[],25,[],2019-05-28 06:09:04,0.0,0,0,7699031,2019-05-28 06:09:04,,0.0,0.0,0.0,btc,0.0,0.0,0.0,12
0,[],2,[],2019-01-20 23:23:08,0.0,0,0,6476890,2019-01-20 23:23:08,,0.0,0.0,0,,0.0,0.0,0.0,12
1,[],4,[],2019-05-28 06:09:05,338685.43813369,0.00000571,0.000000000498733098,7699032,2019-05-28 06:09:05,btc,1.9874172012524804,0.0,0.00000571,btc,249053.79570065,0.32460261,0.5348298898246131,13
1,[],10,[],2019-05-28 06:09:07,651803.90379469,0.00000575,0.00000000050222685,7699033,2019-05-28 06:09:07,btc,666803.2984090272,10984.200921,0.00000575,btc,866952.43686478,0.0,0.250581672692697,13
1,[],21,[],2019-05-28 06:09:08,2005675.5542355,0.000005750000000000000004499439016,0.00000000050222685,7699034,2019-05-28 06:09:08,btc,3.041534890249033,841972.80133881,0.0000057500000000000000044994390158148434011309291236102581024169921875,btc,476021.79373842,4.96650749,8.342557104528053,13
1,[],4,[],2019-05-28 06:09:11,803003.47616682,0.00000080,0.00000000006987504,7699035,2019-05-28 06:09:11,btc,6.250852962360435,0.0,0.00000080,btc,861069.82300939,0.01282242,0.0549070671161765,14
1,[],12,[],2019-05-28 06:09:12,135863.73037582,0.00000077,0.000000000067254726,7699036,2019-05-28 06:09:12,btc,14.134632795639858,0.0,0.00000077,btc,21543.71741965,0.000322191372,0.0152302399999655,14
1,[],26,[],2019-05-28 06:11:12,0.0,0.00000050,0.000000000043671899999999994,7699037,2019-05-28 06:11:12,btc,0.0,0.0,0.00000050,btc,0.0,0.0,0.0,14
0,[],17,[],2019-05-03 00:53:32,0.0,0,0,7558876,2019-05-03 00:53:32,btc,0.0,0.0,0,btc,0.0,0.0,0.0,14
0,[],4,[],2019-05-28 06:11:13,0.0,0,0,7699038,2019-05-28 06:11:13,,0.0,0.0,0,,0.0,0.0,0.0,15
,[],12,[],2018-12-01 15:15:48,204241.84496,0.00000489,0.000000000202473384,5260204,2018-12-01 15:15:48,btc,49.5475654835,0.0,,btc,35763.2193806,0.0163153972027625,0.0203389899998,15
1,[],4,[],2019-05-28 06:11:14,34251.37907591,0.00001100,0.0000000009607818,7699039,2019-05-28 06:11:14,btc,0.9702038598918916,0.0,0.00001100,btc,10975.60952247,0.04796012,0.075404348850233,18
1,[],10,[],2019-05-28 06:11:16,487659.78420363,0.00001022,0.000000000892653636,7699040,2019-05-28 06:11:16,btc,15.346420655514272,48651.552904,0.00001022,btc,13642.95074753,0.0,0.0832411958664443,18
1,[],12,[],2019-05-28 06:11:17,7002.97775436,0.000010610000000000000059860970347269670810419484041631221771240234375,0.000000000926717718,7699041,2019-05-28 06:11:17,btc,0.3988605435498314,0.0,0.000010610000000000000059860970347269670810419484041631221771240234375,btc,1255.93459134,6.5214176e-05,0.0101078002959456,18
0,[],2,[],2019-01-20 23:23:38,0.0,0,0,6476906,2019-01-20 23:23:38,,0.0,0.0,0,,0.0,0.0,0.0,18
0,[],17,[],2019-05-03 00:53:39,0.0,0,0,7558882,2019-05-03 00:53:39,btc,0.0,0.0,0,btc,0.0,0.0,0.0,18
1,[],3,[],2019-05-28 06:13:19,148774.27884912907,0.000008209999999999999321432554710842310896623530425131320953369140625,0.0000000007170925979999999,7699042,2019-05-28 06:13:19,btc,0.1250363637983349,3754.77071591,0.000008209999999999999321432554710842310896623530425131320953369140625,btc,3585.91641638062,0.0,0.048565250765928804,19
1,[],4,[],2019-05-28 06:13:20,617541.5826724,0.00000826,0.0000000007214597879999999,7699043,2019-05-28 06:13:20,btc,3.302396727683198,0.0,0.00000826,btc,151511.41677355,0.24573117,0.8436928450759298,19
1,[],5,[],2019-05-28 06:13:22,0.0,0,0,7699044,2019-05-28 06:13:22,btc,0.0,6.948e-05,0,btc,0.0,0.0,0.0,19
1,[],12,[],2019-05-28 06:13:23,15576.81029675,0.000007109999999999999688846986922730053493069135583937168121337890625,0.000000000621014418,7699045,2019-05-28 06:13:23,btc,0.0595760385816651,0.0,0.000007109999999999999688846986922730053493069135583937168121337890625,btc,2092.39552447,0.002141891859,0.0291108699997525,19
0,[],27,[],2019-05-28 06:13:31,0.0,0,0,7699046,2019-05-28 06:13:31,,0.0,0.0,0,btc,0.0,0.0,0.0,19
0,[],2,[],2019-01-20 23:24:19,0.0,0,0,6476924,2019-01-20 23:24:19,,0.0,0.0,0,,0.0,0.0,0.0,19
1,[],4,[],2019-05-28 06:13:32,10062076.88478525,0.00000007,0.000000000006114065999999999,7699047,2019-05-28 06:13:32,btc,6.411239436602338,0.0,0.00000007,btc,2322306.93095912,0.0,0.1174938176872809,20
1,[],4,[],2019-05-28 06:13:34,72531683.2473748,0.00000001,0.0000000000008734379999999999,7699048,2019-05-28 06:13:34,btc,1768.0897419398937,0.0,0.00000001,btc,66738003.11973631,0.0015,0.7253168324737481,21
1,[],12,[],2019-05-28 06:13:35,2459280.0,0.00000001,0.0000000000008734379999999999,7699049,2019-05-28 06:13:35,btc,1008.0147310128372,0.0,0.00000001,btc,5931773.6413586205,0.002289478711,0.0245928,21
0,[],17,[],2019-05-03 00:53:51,0.0,0,0,7558891,2019-05-03 00:53:51,btc,0.0,0.0,0,btc,0.0,0.0,0.0,21
1,[],12,[],2019-05-28 06:15:36,4592400040.0,0.0000000003,0.000000000000026203139999999998,7699050,2019-05-28 06:15:36,btc,708147278.7963047,0.0,0.0000000003,btc,2617514731.5294704,0.105828669381,0.9203590985,23
0.0000000003077489,[],27,[],2019-05-28 06:15:45,92677637.95654348,9.232467e-18,8.063987511545999e-22,7699051,2019-05-28 06:15:45,eth,1171.5361762628,22678016.04345652,0.00000003,eth,17841385.028,2.09374034345472e-10,4.844887420350431e-10,23
1,[],4,[],2019-05-28 06:15:46,1871614.49836672,0.00000020,0.00000000001746876,7699052,2019-05-28 06:15:46,btc,13.478176121865145,0.0,0.00000020,btc,2151371.70080148,0.0151281,0.0683509920797293,24
1,[],22,[],2019-05-28 06:15:49,21.76,0.00000100,0.00000000008734379999999999,7699053,2019-05-28 06:15:49,BTC,7.415e-05,0.0,0.00000100,BTC,23.919354838709676,0.0,1.186e-05,24
0.0,[],25,[],2019-05-28 06:15:53,0.0,0,0,7699054,2019-05-28 06:15:53,,0.0,0.0,0.0,btc,0.0,0.0,0.0,24
1,[],4,[],2019-05-28 06:15:54,293563.69808298,0.00000421,0.00000000036771739799999996,7699055,2019-05-28 06:15:54,btc,9.940992811485454,0.0,0.00000421,btc,260299.17000306,0.14331329,0.1205284976296988,26
1,[],10,[],2019-05-28 06:15:56,149491.84782691,0.00000401,0.00000000035024863799999996,7699056,2019-05-28 06:15:56,btc,25.50883475379477,6651.280902,0.00000401,btc,22959.56181785,0.0,0.0302764064798729,26
0,[],2,[],2019-01-20 23:25:56,0.0,0,0,6476976,2019-01-20 23:25:56,,0.0,0.0,0,,0.0,0.0,0.0,26
1,[],5,[],2019-04-26 09:47:06,0.0,0,0,7465326,2019-04-26 09:47:06,btc,0.0,0.0,0,btc,0.0,0.0,0.0,27
1,[],3,[],2019-05-28 06:15:57,10473124.60144003,0.00000001,0.0000000000008734379999999999,7699057,2019-05-28 06:15:57,btc,3.319215788664055,4925879.53413,0.00000001,btc,24187451.02979519,0.0,0.1047312460144003,27
1,[],11,[],2019-05-28 06:15:58,1070969.08157834,0.00000002,0.0000000000017468759999999998,7699058,2019-05-28 06:15:58,btc,67503.03934773499,19676.5543251,0.00000002,btc,6639861.32608848,0.0,0.0107207058157834,27
1,[],4,[],2019-05-28 06:15:59,1162907657.1830347,0.00000001,0.0000000000008734379999999999,7699059,2019-05-28 06:15:59,btc,4.897368398226907,0.0,0.00000001,"btc,ltc",299461560.97765005,0.07159678,8.06741632041553,29
1,[],7,[],2019-05-28 06:16:02,86565332.30740812,0.00000001,0.0000000000008734379999999999,7699060,2019-05-28 06:16:02,btc,46548272.110560864,0.0,0.00000001,btc,35011509.16505294,0.0,0.8656533230740813,29
1,[],4,[],2019-05-28 06:16:04,15161814.27217546,0.00000006,0.000000000005240627999999999,7699061,2019-05-28 06:16:04,btc,2.6727346225518587,0.0,0.00000006,btc,2114397.46538939,0.00010668,0.1658492359941774,30
0,[],17,[],2019-05-03 01:11:25,0.0,0,0,7559066,2019-05-03 01:11:25,btc,0.0,0.0,0,btc,0.0,0.0,0.0,30
1,[],4,[],2019-05-28 06:18:06,117223.68643046,0.00004730,0.0000000041313617399999996,7699062,2019-05-28 06:18:06,btc,3.6992357696413696,0.0,0.00004730,btc,45174.81795823,1.47221037,0.6641190374091063,31
1,[],21,[],2019-05-28 06:18:07,142747.95951099,0.00004826999999999999693689467506,0.000000004216085225999999,7699063,2019-05-28 06:18:07,btc,3.647302914479282,583992.58965101,0.0000482699999999999969368946750591931049712002277374267578125,btc,68315.23186807,27.33540349,6.0217149557738825,31
0,[],2,[],2019-01-20 23:28:43,0.0,0,0,6477009,2019-01-20 23:28:43,,0.0,0.0,0,,0.0,0.0,0.0,32
0,[],4,[],2019-05-28 06:18:08,0.0,0,0,7699064,2019-05-28 06:18:08,,0.0,0.0,0,,0.0,0.0,0.0,33
1,[],12,[],2019-03-30 07:55:10,40641173.964,0.00000003,0.000000000001228359,7108785,2019-03-30 07:55:10,btc,4233210.82356125,0.0,0.00000003,btc,28378394.68333462,0.0126927883965248,0.90752895892,33
0.000000000130887,[],4,[],2019-05-28 06:18:10,510269446.8540762,1.30887e-17,1.14321679506e-21,7699065,2019-05-28 06:18:10,ltc,3.5203528292463235,0.0,0.0000001,ltc,155969344.62453058,0.0,1.9908544564704365e-09,34
1,[],5,[],2019-05-28 06:18:11,0.0,0,0,7699066,2019-05-28 06:18:11,btc,0.0,2.679e-05,0,btc,0.0,0.0,0.0,34
0.0000000002926451,[],17,[],2019-05-02 18:17:47,200000.0,2.9264510000000002e-18,1.596703856561e-22,7556430,2019-05-02 18:17:47,eth,0.20942468735267253,0.0,0.00000001,"btc,eth",1018272.20243647,0.0,5.852902e-13,36
0.000000000130887,[],4,[],2019-05-28 06:18:13,80740056.16077778,1.30887e-18,1.14321679506e-22,7699067,2019-05-28 06:18:13,ltc,4.996100689882936e-08,0.0,0.00000001,ltc,7051461285.111265,0.0,1.0567823730715721e-10,36
1,[],5,[],2019-05-28 06:18:15,0.0,0,0,7699068,2019-05-28 06:18:15,btc,0.0,0.0,0,btc,0.0,0.0,0.0,36
0.0000000003082612,[],27,[],2019-05-28 05:45:33,41737858.4,9.247836e-18,8.093678323691999e-22,7698909,2019-05-28 05:45:33,eth,1670.43116568,1519874198.6039999,0.00000003,"ltc,eth",4726977.0,9.837596295908412e-08,3.444077182872384e-10,36
1,[],17,[],2019-05-03 01:11:36,211752.74075282,0.00000025,0.000000000013700074999999998,7559074,2019-05-03 01:11:36,btc,0.055484923955058496,0.0,0.00000025,"btc,eth",1387.19918473,0.0,0.0005381851887916605,37
1,[],4,[],2019-05-28 05:45:33,9956778.63087131,0.00000018,0.000000000015753546,7698910,2019-05-28 05:45:33,btc,19772.58652924222,0.0,0.00000018,btc,749403.83310403,0.00686651,0.1378619329263104,37
1,[],12,[],2019-05-28 05:45:35,4063620.32628572,0.0000002,0.000000000017503939999999997,7698911,2019-05-28 05:45:35,btc,8.134011449210778,0.0,0.0000002,btc,859128.87112882,0.031944044198,0.1983887586442866,37
1,[],27,[],2019-05-28 05:47:41,1600.0,0.00000015,0.000000000013127955,7698912,2019-05-28 05:47:41,btc,24.11463822903233,0.0,0.00000015,btc,5792.59438508,0.0,3e-05,37
1,[],5,[],2019-05-28 05:47:43,0.0,0,0,7698913,2019-05-28 05:47:43,btc,0.0,0.00103689,0,btc,0.0,0.0,0.0,42
1,[],12,[],2019-05-28 05:47:44,133388.92408064,0.00000094,0.000000000082268518,7698914,2019-05-28 05:47:44,btc,24.546702203628346,0.0,0.00000094,btc,70945.64631566,0.013256566845,0.0455645799999624,42
1,[],27,[],2019-05-28 05:47:52,506.0,0.00000002,0.0000000000017503939999999999,7698915,2019-05-28 05:47:52,btc,0.39085425,0.0,0.00000002,"btc,eth",735.0,0.0,6.000000323859216e-06,42
1,[],12,[],2019-03-13 09:13:29,1112112.0,0.00000001,0.000000000000386531,6919902,2019-03-13 09:13:29,btc,29058.00478931866,0.0,0.00000001,btc,5967681.93306694,9.99000999e-07,0.01112112,43
1,[],5,[],2019-04-26 22:38:52,0.0,0,0,7474154,2019-04-26 22:38:52,btc,0.0,0.02638891,0,btc,0.0,0.0,0.0,43
0,[],17,[],2019-04-26 22:38:53,0.0,0,0,7474155,2019-04-26 22:38:53,btc,0.0,0.0,0,btc,0.0,0.0,0.0,43
1,[],12,[],2019-03-05 01:54:08,639326.02,0.00000004,0.000000000001486676,6845775,2019-03-05 01:54:08,btc,11116042.728239931,0.0,0.00000004,btc,1103841.4595604,0.0003330765234764,0.014975410599999999,44
1,[],4,[],2019-05-28 05:47:54,115138091.81204626,0.00000001,0.0000000000008751969999999999,7698916,2019-05-28 05:47:54,btc,291324.22254155384,0.0,0.00000001,"btc,ltc",27254312.40187069,0.00124897,0.08799417844160484,49
0.0000000001316126,[],4,[],2019-05-28 05:47:56,136367836.71375978,3.8167654e-17,3.3404216277838e-21,7698917,2019-05-28 05:47:56,ltc,22050.151287143526,0.0,0.00000029,ltc,157735385.0587601,0.0,7.550967330789625e-10,52
0,[],22,[],2019-05-28 05:47:58,0.0,0,0,7698918,2019-05-28 05:47:58,,10289.55991011,0.0,0,,308568058.4566013,0.0,0.0,57
0,[],27,[],2019-05-28 05:48:10,0.0,0,0,7698919,2019-05-28 05:48:10,,0.0,0.0,0,"btc,eth",0.0,0.0,0.0,57
1,[],17,[],2019-05-03 01:12:09,1200000.0,0.0000000001,0.00000000000000548003,7559085,2019-05-03 01:12:09,btc,1e+24,0.0,0.0000000001,"btc,eth",39516342.31952568,0.0,0.00010000000058666061,58
0.0000000001316126,[],4,[],2019-05-28 05:48:11,2695987137.494031,1.3161259999999999e-18,1.1518695268219998e-22,7698920,2019-05-28 05:48:11,ltc,19.263871634039084,0.0,0.00000001,ltc,5780707068.79815,0.0,3.548258767321469e-09,58
1,[],12,[],2019-05-28 05:48:12,772259636.0,0.0000000001,0.00000000000000875197,7698921,2019-05-28 05:48:12,btc,2189513.7023106813,0.0,0.0000000001,btc,2725881792.728272,0.00434581641,0.0772259636,58
0.0000000001122023,[],22,[],2019-05-28 05:50:15,126877.0,1.122023e-18,9.819911635309999e-23,7698922,2019-05-28 05:50:15,XMR,68.17454206,0.0,0.00000001,XMR,9626402.6,0.0,0.00126877,58
1,[],5,[],2019-05-28 05:50:16,0.0,0,0,7698923,2019-05-28 05:50:16,btc,0.0,0.00021156,0,btc,0.0,0.0,0.0,61
1,[],22,[],2019-05-28 05:50:19,13613.833333333334,0.00000012,0.000000000010502363999999999,7698924,2019-05-28 05:50:19,BTC,1002.29590883,0.0,0.00000012,BTC,15092.180177125656,0.0,0.00153269,61
1,[],26,[],2019-05-28 05:50:19,0.0,0.00000050,0.000000000043759849999999997,7698925,2019-05-28 05:50:19,btc,0.0,0.0,0.00000050,btc,0.0,0.0,0.0,61
1,[],27,[],2019-05-28 05:50:34,13712.0,0.0000002,0.00000000001750394,7698926,2019-05-28 05:50:34,btc,1.9582485601246655,0.0,0.0000002,"btc,eth",11379.41563696,0.0,0.00252178,61
0,[],28,[],2019-05-28 05:50:36,0.0,0,0,7698927,2019-05-28 05:50:36,,0.0,726.0,0,,0.0,0.0,0.0,61
1,[],4,[],2019-05-28 05:50:38,1039656.13421668,0.00000081,0.00000000007089095699999999,7698928,2019-05-28 05:50:38,btc,2.5926013647680266,0.0,0.00000081,btc,840970.52854535,0.08310851,0.6090397038210325,67
0.0,[],25,[],2019-05-28 05:50:42,0.0,0,0,7698929,2019-05-28 05:50:42,,0.0,0.0,0.0,btc,0.0,0.0,0.0,67
1,[],12,[],2019-05-28 05:50:44,805100.0,0.00000005,0.000000000004375984999999999,7698930,2019-05-28 05:50:44,btc,5.167187931438559,0.0,0.00000005,btc,767001.77822175,0.000163982549,0.01728616,71
,[],5,[],2018-11-20 23:02:39,1.5e-07,0.00000005,0.000000000002128045,4862160,2018-11-20 23:02:39,btc,2.84511358,0.0,,btc,0.00036572,0.0,0.07381892,74
1,[],5,[],2019-05-28 05:50:45,0.0,0,0,7698931,2019-05-28 05:50:45,btc,0.0,0.07325712,0,btc,0.0,0.0,0.0,75
0,[],4,[],2019-05-25 21:33:44,0.0,0,0,7686249,2019-05-25 21:33:44,,133656.37989170782,0.0,0,,33439209.5909442,0.0,0.0,81
0,[],20,[],2019-01-25 09:30:31,0.0,0,0,6495923,2019-01-25 09:30:31,btc,0.0,0.0,0,btc,0.0,0.0,0.0,81
1,[],4,[],2019-05-28 05:50:46,33519.42606262,0.00022981,0.000000020112902257,7698932,2019-05-28 05:50:46,btc,18.594268472291997,0.0,0.00022981,btc,3197.71429021,3.54377125,1.156370353346973,82
1,[],21,[],2019-05-28 05:50:48,112399.41337166,0.0001108900000000000038652761547,0.000000009705059533,7698933,2019-05-28 05:50:48,btc,27.776460422058012,312816.98284467,0.000110890000000000003865276154702002031626761890947818756103515625,btc,98631.91515167,47.65039683,7.778883023257296,82
0,[],17,[],2019-03-25 22:42:34,0.0,0,0,7038780,2019-03-25 22:42:34,btc,0.0445064681804024,0.0,0,btc,995513.18476001,0.0,0.0,84
0.0000000001161485,[],4,[],2019-05-20 13:09:39,216715621.0206096,1.161485e-18,9.0533806701e-23,7657228,2019-05-20 13:09:39,ltc,1.6511566870244727,0.0,0.00000001,ltc,471032407.9048656,0.0,2.5171194308112273e-10,85
,[],22,[],2018-11-20 23:09:34,3408.1,0.0000001,0.0000000000041895,4862324,2018-11-20 23:09:34,BTC,0.04624735,0.0,,BTC,4990.0,0.0,0.00033081,86
1,[],22,[],2019-05-28 05:50:53,65156.0,0.00000001,0.0000000000008751969999999999,7698934,2019-05-28 05:50:53,BTC,1.45608405,0.0,0.00000001,BTC,314587.29736842104,0.0,0.00065156,87
0,[],27,[],2019-05-28 05:51:02,0.0,0,0,7698935,2019-05-28 05:51:02,,4.962566382816,0.0,0,btc,66120.49241,0.0,0.0,87
,[],2,[],2018-11-20 23:10:47,0.0,0,0,4862359,2018-11-20 23:10:47,,0.0,0.0,,,0.0,0.0,0.0,88
1,[],11,[],2019-05-28 05:51:03,97858.60327565,0.000085019999999999995750343817491057052393443882465362548828125,0.000000007440924893999999,7698936,2019-05-28 05:51:03,btc,184.39694554484902,51.0,0.000085019999999999995750343817491057052393443882465362548828125,btc,225923.71360549,0.0,3.272392816632174,89
0,[],2,[],2019-01-20 23:31:45,0.0,0,0,6477083,2019-01-20 23:31:45,,0.0,0.0,0,,0.0,0.0,0.0,91
0,[],17,[],2019-05-03 01:12:26,0.0,0,0,7559096,2019-05-03 01:12:26,btc,0.0,0.0,0,btc,0.0,0.0,0.0,91
1,[],12,[],2019-05-28 05:51:06,199456.09831048,0.00000031,0.000000000027131106999999997,7698937,2019-05-28 05:51:06,btc,87.6375828760561,0.0,0.00000031,btc,103821.14555554,0.0040414527,0.0105691119999869,91
1,[],22,[],2019-05-28 05:53:10,75910.55,0.0000002,0.00000000001750394,7698938,2019-05-28 05:53:10,BTC,0.495,0.0,0.0000002,"BTC,LTC",4.95,0.0,0.00165931,91
1,[],22,[],2019-04-09 20:17:52,374949.73333333334,0.00000015,0.000000000007771935,7235704,2019-04-09 20:17:52,BTC,6.87372503,0.0,0.00000015,"BTC,LTC",159980.01196797504,1.1e-05,0.80510266,95
0,[],17,[],2019-05-03 01:12:32,0.0,0,0,7559100,2019-05-03 01:12:32,btc,0.0,0.0,0,btc,0.0,0.0,0.0,96
0.0000000001316126,[],4,[],2019-05-28 05:53:12,549960105.9617763,2.7638646e-17,2.4189260063262e-21,7698939,2019-05-28 05:53:12,ltc,11.581305421172663,0.0,0.00000021,ltc,175803600.1265924,0.0,1.0980959111512918e-09,96
0,[],12,[],2019-05-28 05:53:12,0.0,0,0,7698940,2019-05-28 05:53:12,btc,10.459650100379621,0.0,0,btc,7775557.03796204,0.0,0.0,96
1,[],4,[],2019-04-14 03:32:46,1039404.33283278,0.00000038,0.000000000019245518,7293458,2019-04-14 03:32:46,btc,4.170086055365747,0.0,0.00000038,btc,3097704.34561074,0.06260606,0.1859928211030784,99
0,[],2,[],2019-01-20 23:23:55,0.0,0,0,6476914,2019-01-20 23:23:55,,0.0,0.0,0,,0.0,0.0,0.0,100
1,[],4,[],2019-05-28 05:55:14,202375.58472854,0.00001661,0.000000001453702217,7698941,2019-05-28 05:55:14,btc,6.872590245083861,0.0,0.00001661,btc,138946.87418315,0.4710489,0.3194167827951071,100
1,[],22,[],2019-05-28 05:55:17,150000.0,0.00000002,0.0000000000017503939999999999,7698942,2019-05-28 05:55:17,BTC,24.83526409,0.0,0.00000002,BTC,11187.719,0.0,0.0017,101
1,[],4,[],2019-05-28 05:55:19,538905.47831753,0.00000160,0.00000000014003152,7698943,2019-05-28 05:55:19,btc,362.2152764539804,0.0,0.00000160,btc,597290.10363675,0.01010497,0.176659803175345,103
1,[],12,[],2019-05-28 05:55:21,139728993.83268034,0.000000004,0.0000000000003500788,7698944,2019-05-28 05:55:21,btc,2379.9735166941573,0.0,0.000000004,btc,57637505.8254022,0.009806230917,0.1686870953307214,105
0,[],27,[],2019-05-28 05:55:30,0.0,0,0,7698945,2019-05-28 05:55:30,,0.259402494018824,300.0,0,btc,714350.52604776,3e-06,0.0,105
1,[],22,[],2019-04-21 00:17:26,21333.0,0.00000001,0.000000000000532493,7385819,2019-04-21 00:17:26,BTC,51.38182867,0.0,0.00000001,BTC,470435.0,0.0,0.00021333,107
1,[],26,[],2019-04-21 00:17:26,0.0,0.00000000,0,7385820,2019-04-21 00:17:26,btc,0.0,0.0,0.00000000,btc,0.0,0.0,0.0,107
1,[],5,[],2019-05-28 05:55:32,0.0,0,0,7698946,2019-05-28 05:55:32,btc,0.0,5e-07,0,btc,0.0,0.0,0.0,112
0,[],22,[],2019-05-28 05:55:34,0.0,0,0,7698947,2019-05-28 05:55:34,,2.79635781,0.0,0,,3274992.0833333335,0.0,0.0,112
1,[],27,[],2019-05-28 05:55:45,1.0,0.00000001,0.0000000000008751969999999999,7698948,2019-05-28 05:55:45,btc,1.15032588,0.0,0.00000001,"btc,eth",1818.0,0.0,1e-08,112
1,[],4,[],2019-05-28 05:55:46,179931.91935499,0.00000082,0.00000000007176615399999999,7698949,2019-05-28 05:55:46,btc,4.340885022384486,0.0,0.00000082,btc,553780.59520116,0.0113492,0.0964012793433653,113
1,[],5,[],2019-05-28 05:55:47,0.0,0,0,7698950,2019-05-28 05:55:47,btc,0.0,0.0,0,btc,0.0,0.0,0.0,113
1,[],17,[],2019-04-26 02:17:47,162738.278,0.00000004,0.0000000000021069000000000002,7461287,2019-04-26 02:17:47,btc,1.3331140273775473,0.0,0.00000004,btc,51796.221,0.0,0.00230953112,116
1,[],27,[],2019-05-22 05:13:01,210000.0,0.00000001,0.00000000000079145,7666372,2019-05-22 05:13:01,btc,3919.0005001478,0.0,0.00000001,btc,128660.871,0.0,0.0021,116
1,[],4,[],2019-05-21 22:31:11,138169.03963019,0.00000701,0.000000000558364025,7664793,2019-05-21 22:31:11,btc,150.95388250938234,0.0,0.00000701,btc,344631.17141974,0.07552974,0.4288357684941946,120
1,[],7,[],2019-05-21 22:31:12,3901.07750076,0.000010679999999999999389654892212320191902108490467071533203125,0.0000000008506887,7664794,2019-05-21 22:31:12,btc,231188.94669936574,0.0,0.000010679999999999999389654892212320191902108490467071533203125,btc,4133.83151364,0.0,0.0113888422364489,120
1,[],20,[],2019-04-07 18:42:29,1914137.0852,0.000000035,0.0000000000017871910000000002,7211992,2019-04-07 18:42:29,btc,32.2497668025648,25528.85,0.000000035,btc,1001975.4986,0.00089350975,0.0152723574729,125
1,[],22,[],2019-05-28 05:55:51,10000.0,0.00000001,0.0000000000008751969999999999,7698951,2019-05-28 05:55:51,BTC,0.032061,0.0,0.00000001,BTC,299316.7611111111,0.0,0.0001,126
1,[],4,[],2019-05-28 05:55:51,240221.58070411,0.00000701,0.000000000613513097,7698952,2019-05-28 05:55:51,btc,4.833038950667644,0.0,0.00000701,btc,165514.48792501,0.23372721,0.4583274224563133,131
0,[],2,[],2019-01-20 23:25:46,0.0,0,0,6476969,2019-01-20 23:25:46,,0.0,0.0,0,,0.0,0.0,0.0,131
1,[],17,[],2019-05-03 01:13:10,10000.0,0.00000001,0.000000000000548003,7559115,2019-05-03 01:13:10,btc,0.0953976503951408,0.0,0.00000001,btc,5037.62507334,0.0,0.0001,131
1,[],4,[],2019-05-28 05:57:53,4745.21145596,0.00007919,0.000000006930685043,7698953,2019-05-28 05:57:53,btc,5.045494973441073,0.0,0.00007919,btc,247.17378338,0.0,0.0069432248094946,135
1,[],3,[],2019-05-28 05:57:54,448112.63331819,0.00000001,0.0000000000008751969999999999,7698954,2019-05-28 05:57:54,btc,0.22269658457909058,1001197.18998,0.00000001,btc,1999965.74189963,0.0,0.0044811263331819,136
1,[],4,[],2019-05-28 05:57:55,2474334.21380333,0.00000198,0.00000000017328900599999999,7698955,2019-05-28 05:57:55,btc,107.42459812654847,0.0,0.00000198,btc,479727.52351568,0.04390491,0.6306060216069842,137
1,[],12,[],2019-05-28 05:57:56,88696.78206297,0.0000020200000000000001415252463832228357887288439087569713592529296875,0.00000000017678979400000001,7698956,2019-05-28 05:57:56,btc,57.78011403869421,0.0,0.0000020200000000000001415252463832228357887288439087569713592529296875,btc,49254.55496973,0.003468435832,0.0176332399999399,137
1,[],4,[],2019-05-28 05:57:57,82559.46479314,0.00001450,0.0000000012690356499999998,7698957,2019-05-28 05:57:57,btc,9.532672193961293,0.0,0.00001450,btc,145932.46351918,0.20799496,0.70584295253053,142
1,[],5,[],2019-05-28 05:57:58,0.0,0,0,7698958,2019-05-28 05:57:58,btc,0.0,0.00459293,0,btc,0.0,0.0,0.0,142
1,[],20,[],2019-05-28 06:00:00,208960.9928,0.00001422,0.000000001244530134,7698959,2019-05-28 06:00:00,btc,1.6090502144194,560.976,0.00001422,btc,9969.0955,0.007984502491,0.017139573315,142
1,[],22,[],2019-05-28 06:00:07,11028.645,0.00001000,0.0000000008751969999999999,7698960,2019-05-28 06:00:07,BTC,3.2754788,0.0,0.00001000,BTC,1133.9993657797618,0.0,0.00745365,142
0.0,[],25,[],2019-05-28 06:00:08,0.0,0,0,7698961,2019-05-28 06:00:08,,0.0,0.0,0.0,btc,0.0,0.0,0.0,142
0,[],28,[],2019-05-28 06:00:10,0.0,0,0,7698962,2019-05-28 06:00:10,,0.0,0.0,0,,0.0,0.0,0.0,142
1,[],17,[],2019-05-03 01:13:16,32967.38636364,0.00000088,0.000000000048224264,7559122,2019-05-03 01:13:16,btc,20.06976206696776,0.0,0.00000088,btc,2746.079105,0.0,0.0105613000000032,142
0,[],22,[],2019-05-28 06:00:14,0.0,0,0,7698963,2019-05-28 06:00:14,,65.51518676,0.0,0,,839924755.3,0.0,0.0,143
0,[],22,[],2019-02-25 15:42:22,0.0,0,0,6783783,2019-02-25 15:42:22,,4.2131946,0.0,0,,2322156.0,0.0,0.0,146
,[],22,[],2018-11-20 23:01:11,0.0,0,0,4862114,2018-11-20 23:01:11,,2.56807021,0.0,,,61828.4988236,0.0,0.0,147
1,[],12,[],2019-04-21 06:38:04,193091.5971266,0.00000071,0.000000000037635183,7388679,2019-04-21 06:38:04,btc,2.301232411611175,0.0,0.00000071,btc,9957.48302385,0.00023528,0.0313308199999888,148
1,[],4,[],2019-03-19 21:31:25,255810.0415942,0.00000029,0.000000000011615747,6982695,2019-03-19 21:31:25,btc,218.94922712414143,0.0,0.00000029,btc,793529.37642722,0.00117,0.0608347789473395,152
0,[],22,[],2019-03-19 21:31:27,0.0,0,0,6982696,2019-03-19 21:31:27,,0.0,0.0,0,,0.0,0.0,0.0,152
1,[],5,[],2019-04-26 09:36:59,0.0,0,0,7465040,2019-04-26 09:36:59,btc,0.0,0.0,0,btc,0.0,0.0,0.0,153
,[],16,[],2019-01-11 15:38:59,0.0,0,0,6366141,2019-01-11 15:38:59,btc,0.0,0.0,,btc,0.0,0.0,0.0,155
0,[],22,[],2019-05-28 06:00:17,0.0,0,0,7698964,2019-05-28 06:00:17,,7.44455324,0.0,0,,5955762.942592593,0.0,0.0,156
0,[],23,[],2019-01-20 23:24:29,0.0,0,0,6476932,2019-01-20 23:24:29,,0.0,0.0,0,,0.0,0.0,0.0,156
1,[],22,[],2019-05-28 06:00:21,7066.0,0.00000800,0.0000000007001575999999999,7698965,2019-05-28 06:00:21,BTC,1.79802465,0.0,0.00000800,BTC,802.6461988741639,0.0,0.00062996,157
0,[],22,[],2019-05-21 23:40:32,0.0,0,0,7665049,2019-05-21 23:40:32,,50234.60468402,0.0,0,,54786159.03179465,0.0,0.0,158
,[],17,[],2018-11-20 22:56:10,0.0,0,0,4861976,2018-11-20 22:56:10,btc,1.1265625,0.0,,btc,1000.0,0.0,0.0,159
,[],20,[],2018-11-20 22:56:12,0.0,0,0,4861977,2018-11-20 22:56:12,btc,11912.7940471,0.0,,btc,34413894.3617,0.0,0.0,159
1,[],12,[],2019-05-24 02:51:20,9178.522006449999,0.00000191999999999999982841307998027158276954651228152215480804443359375,0.000000000151222656,7676256,2019-05-24 02:51:20,btc,149.80414728631675,0.0,0.00000191999999999999982841307998027158276954651228152215480804443359375,btc,1115.7451448499999,0.01783167678326,0.0120075778999181,168
1,[],17,[],2019-05-03 01:13:36,42852.0,0.00000002,0.000000000001096006,7559132,2019-05-03 01:13:36,btc,0.04279856251542,0.0,0.00000002,btc,274.46171372,0.0,0.00052852,168
1,[],22,[],2019-05-17 03:01:52,10.0,0.00000001,0.000000000000778341,7642059,2019-05-17 03:01:52,BTC,41.95893009,0.0,0.00000001,BTC,1753972.7737547632,0.0,1e-07,169
1,[],22,[],2019-05-28 06:00:24,203664.0,0.00000002,0.0000000000017503939999999999,7698966,2019-05-28 06:00:24,BTC,27.86392936,0.0,0.00000002,BTC,461717.9785507793,0.0,0.00213428,171
1,[],22,[],2019-05-28 06:00:27,374870.0,0.00000002,0.0000000000017503939999999999,7698967,2019-05-28 06:00:27,BTC,24.05841126,0.0,0.00000002,"BTC,LTC",1218236.4355616204,0.00098938,0.0044847,173
1,[],5,[],2019-05-28 06:00:31,0.0,0,0,7698968,2019-05-28 06:00:31,btc,0.0,0.01296783,0,btc,0.0,0.0,0.0,175
1,[],22,[],2019-05-28 06:00:34,90671.0,0.00000001,0.0000000000008751969999999999,7698969,2019-05-28 06:00:34,BTC,394.35459412,0.0,0.00000001,BTC,136275.61833431243,0.0,0.00090671,176
1,[],7,[],2019-05-28 06:00:37,0.0,0,0,7698970,2019-05-28 06:00:37,btc,522274.2532042936,0.0,0,btc,26538783.34310775,0.0,0.0,178
0,[],22,[],2019-05-28 06:00:39,0.0,0,0,7698971,2019-05-28 06:00:39,,1.00242428,0.0,0,,57512.0,0.0,0.0,178
0,[],2,[],2019-01-20 23:28:34,0.0,0,0,6477001,2019-01-20 23:28:34,,0.0,0.0,0,,0.0,0.0,0.0,178
1,[],5,[],2019-05-28 06:00:41,0.0,0,0,7698972,2019-05-28 06:00:41,btc,0.0,0.02623038,0,btc,0.0,0.0,0.0,179
0,[],22,[],2019-05-28 06:00:43,0.0,0,0,7698973,2019-05-28 06:00:43,,5.31435491,0.0,0,,13411087.311946675,0.0,0.0,179
0,[],23,[],2019-01-20 23:25:08,0.0,0,0,6476952,2019-01-20 23:25:08,,0.0,0.0,0,,0.0,0.0,0.0,179
1,[],22,[],2019-05-28 06:02:47,673044.1788264541,0.00000110,0.00000000009627166999999999,7698974,2019-05-28 06:02:47,BTC,39.1971259,0.0,0.00000110,"BTC,LTC",149896.2151450798,0.01577822,0.57235947,180
1,[],26,[],2019-05-28 06:02:47,0.0,0.00000010,0.00000000000875197,7698975,2019-05-28 06:02:47,btc,0.0,50.0,0.00000010,btc,0.0,0.0,0.0,180
1,[],17,[],2019-05-03 01:13:56,20504.725000000002,0.0000001,0.00000000000548003,7559141,2019-05-03 01:13:56,btc,5.2010695838400265,0.0,0.0000001,btc,5033.45945,0.0,0.0011504725,180
,[],7,[],2018-11-20 22:58:01,562227.975654,0.00000085,0.000000000036176765,4862015,2018-11-20 22:58:01,btc,21836.6059674,2491.87645172,,btc,749999.041456,0.00211021,0.127565380455,183
,[],5,[],2019-01-10 08:11:41,0.0,0,0,6347036,2019-01-10 08:11:41,btc,82.15055501,0.00261,,btc,1.19002445,0.0,0.0,187
,[],17,[],2018-11-16 20:58:10,4062536.27273,0.00000001,0.000000000000550501,4708775,2018-11-16 20:58:10,btc,3.36492563466,0.195460381006,,"btc,eth",110697919.549,0.0,0.0157628953496,187
1,[],24,[],2019-05-22 21:04:52,0.0,0.000000000014,0.0000000000000010960978,7670219,2019-05-22 21:04:52,btc,0.0,0.0,0.000000000014,btc,0.0,0.0,0.0,187
0,[],22,[],2019-04-25 02:54:07,0.0,0,0,7447896,2019-04-25 02:54:07,,7.54794454,0.0,0,,76361.7243344055,0.0,0.0,191
0,[],22,[],2019-05-28 06:02:53,0.0,0,0,7698976,2019-05-28 06:02:53,,0.0,0.0,0,,0.0,0.0,0.0,197
0,[],23,[],2019-01-20 23:31:41,0.0,0,0,6477079,2019-01-20 23:31:41,,0.0,0.0,0,,0.0,0.0,0.0,199
0,[],22,[],2019-05-28 06:02:57,0.0,0,0,7698977,2019-05-28 06:02:57,,10.5564544,0.0,0,,99450037.0,0.0,0.0,199
1,[],26,[],2019-05-28 06:02:57,0.0,0.00000000,0,7698978,2019-05-28 06:02:57,btc,0.0,0.0,0.00000000,btc,0.0,0.0,0.0,199
0,[],2,[],2019-01-20 23:30:49,0.0,0,0,6477059,2019-01-20 23:30:49,,0.0,0.0,0,,0.0,0.0,0.0,201
1,[],4,[],2019-01-25 15:51:35,2084389.58565343,0.00000936,0.000000000333526752,6499557,2019-01-25 15:51:35,btc,2.0092503037378524,0.0,0.00000936,btc,160195.80207885,0.19272417,1.242687955921835,211
1,[],7,[],2019-05-28 06:02:59,1171893396.5261586,0.0000005,0.000000000043759849999999997,7698979,2019-05-28 06:02:59,btc,15202333.708527045,916680.442773,0.0000005,btc,8827151.65641377,0.0,12.994110854253256,212
1,[],5,[],2019-05-28 06:03:01,0.0,0,0,7698980,2019-05-28 06:03:01,btc,0.0,0.12090238,0,btc,0.0,0.0,0.0,213
1,[],24,[],2019-05-28 06:03:01,0.0,0.000000399202,0.0000000000349380392794,7698981,2019-05-28 06:03:01,btc,0.0,433.54035,0.000000399202,btc,0.0,0.00017307,0.0,213
1,[],26,[],2019-05-28 06:03:01,0.0,0.00000040,0.00000000003500788,7698982,2019-05-28 06:03:01,btc,0.0,0.0,0.00000040,btc,0.0,0.0,0.0,213
1,[],12,[],2019-01-25 02:44:32,207462.42853209,0.000001080000000000000035831255497387193287295303889550268650054931640625,0.000000000038610756000000006,6493050,2019-01-25 02:44:32,btc,85023.03793723314,0.0,0.000001080000000000000035831255497387193287295303889550268650054931640625,btc,43675.73520027,0.000146250909087,0.0348620860622024,213
0,[],22,[],2019-05-28 06:03:04,0.0,0,0,7698983,2019-05-28 06:03:04,,9.61445386,0.0,0,,3661587.094064925,0.0,0.0,216
0,[],27,[],2019-05-28 06:03:13,0.0,0,0,7698984,2019-05-28 06:03:13,,70.5882095580052,0.0,0,"btc,ltc",398836.40768,0.0,0.0,216
1,[],22,[],2019-05-28 06:03:16,569597.65625,0.00000033,0.000000000028881501,7698985,2019-05-28 06:03:16,BTC,12054.75323412,0.0,0.00000033,BTC,407868.93767707155,0.03055813,0.04773955,217
1,[],7,[],2019-05-28 06:03:19,0.0,0,0,7698986,2019-05-28 06:03:19,btc,1234863.9718009047,0.0,0,btc,160745512.9208393,0.0,0.0,219
0,[],27,[],2019-05-28 06:03:27,0.0,0,0,7698987,2019-05-28 06:03:27,,0.349948513472,4559108.0337,0,btc,2484754.8967,0.04559108,0.0,219
0,[],28,[],2019-05-28 06:03:30,0.0,0,0,7698988,2019-05-28 06:03:30,,0.0,6822930.5432,0,,0.0,0.0,0.0,219
1,[],22,[],2019-05-23 16:41:05,172069.0,0.00000004,0.0000000000031167080000000004,7674065,2019-05-23 16:41:05,BTC,56.76466137,0.0,0.00000004,BTC,127061.6482738741,0.0,0.00393676,221
1,[],24,[],2019-05-23 16:41:05,0.0,0.000000010000,0.0000000000007791770000000001,7674066,2019-05-23 16:41:05,btc,0.0,0.0,0.000000010000,btc,0.0,0.0,0.0,221
1,[],20,[],2019-05-28 06:03:32,6879470.5336,0.000000002,0.00000000000017503939999999999,7698989,2019-05-28 06:03:32,btc,100050.73323706037,621847.6958,0.000000002,btc,40126973.658,0.001254266575,0.0069783785336,224
0,[],22,[],2019-05-28 06:03:35,0.0,0,0,7698990,2019-05-28 06:03:35,,0.0,0.0,0,,0.0,0.0,0.0,224
1,[],26,[],2019-05-28 06:03:36,0.0,0.00000026,0.000000000022755122,7698991,2019-05-28 06:03:36,btc,0.0,0.0,0.00000026,btc,0.0,0.0,0.0,231
1,[],26,[],2019-05-28 06:03:36,0.0,0.00000006,0.000000000005251181999999999,7698992,2019-05-28 06:03:36,btc,0.0,100.0,0.00000006,btc,0.0,0.0,0.0,234
0,[],27,[],2019-05-28 06:03:43,0.0,0,0,7698993,2019-05-28 06:03:43,,0.01134836604,0.0,0,"btc,eth",11462.996,0.0,0.0,234
1,[],4,[],2019-05-22 17:06:12,91780.56053785,0.00000078,0.000000000061977552,7669277,2019-05-22 17:06:12,btc,5.573372450018177,0.0,0.00000078,btc,729173.93529783,0.0,0.0307060663355679,236
1,[],24,[],2019-05-22 17:06:12,0.0,0.000000010000,0.000000000000794584,7669278,2019-05-22 17:06:12,btc,0.0,0.0,0.000000010000,btc,0.0,0.0,0.0,236
1,[],5,[],2019-05-28 06:03:44,0.0,0,0,7698994,2019-05-28 06:03:44,btc,0.0,0.04003579,0,btc,0.0,0.0,0.0,237
1,[],20,[],2019-05-28 06:03:46,120326625.6657,0.000000038,0.0000000000033257485999999996,7698995,2019-05-28 06:03:46,btc,58794.21026683464,12950878.1404,0.000000038,btc,43825411.2821,0.5059116698489,0.4474765176494,237
1,[],22,[],2019-05-28 06:03:50,363100.0,0.00000003,0.0000000000026255909999999997,7698996,2019-05-28 06:03:50,BTC,1.20267422,0.0,0.00000003,"BTC,LTC",17930.94871794872,0.0,0.009791,237
1,[],4,[],2019-05-28 06:03:51,26911521.01128538,0.00000012,0.000000000010502363999999999,7698997,2019-05-28 06:03:51,btc,3.1026930426095336,0.0,0.00000012,btc,9023679.03013138,0.0625905,0.5570061042575397,238
1,[],5,[],2019-05-28 06:03:52,0.0,0,0,7698998,2019-05-28 06:03:52,btc,0.0,0.050172,0,btc,0.0,0.0,0.0,238
0,[],22,[],2019-03-12 16:49:32,0.0,0,0,6914458,2019-03-12 16:49:32,,0.40415746,0.0,0,,526736.5639027493,0.0,0.0,249
0,[],22,[],2019-05-28 04:56:26,0.0,0,0,7698676,2019-05-28 04:56:26,,13.44714864,0.0,0,,43777534.3426455,0.0,0.0,252
0,[],28,[],2019-05-28 06:03:54,0.0,0,0,7698999,2019-05-28 06:03:54,,0.0,243795.685086,0,,0.0,0.0,0.0,256
1,[],22,[],2019-05-28 06:03:59,1041539.0,0.00000001,0.0000000000008751969999999999,7699000,2019-05-28 06:03:59,BTC,21.85890394,0.0,0.00000001,BTC,545143.7509808998,0.0001009,0.01041539,258
1,[],22,[],2019-05-19 18:12:02,400.0,0.00000001,0.0000000000007957800000000001,7653905,2019-05-19 18:12:02,BTC,2.415167,0.0,0.00000001,BTC,157.0,0.0,4e-06,259
1,[],5,[],2019-05-28 06:04:02,0.0,0,0,7699001,2019-05-28 06:04:02,btc,0.0,0.10365192,0,btc,0.0,0.0,0.0,264
1,[],20,[],2019-05-28 06:04:05,980215.6101,0.000000142,0.0000000000124277974,7699002,2019-05-28 06:04:05,btc,0.9781749883409,74578.8207,0.000000142,btc,52160.9707,0.042689059308,0.0109761547767,264
0,[],22,[],2019-04-12 17:57:27,0.0,0,0,7278186,2019-04-12 17:57:27,,66.37522201,0.0,0,,677842.4169881374,0.0,0.0,271
0,[],22,[],2019-05-28 06:04:08,0.0,0,0,7699003,2019-05-28 06:04:08,,33050470.74998113,0.0,0,,14361377780.7,0.0,0.0,272
0,[],28,[],2019-05-28 06:04:09,0.0,0,0,7699004,2019-05-28 06:04:09,,0.0,51253246845.344,0,,0.0,0.0,0.0,272
1,[],22,[],2019-05-23 07:12:29,219930.0,0.00000004,0.000000000003048688,7671985,2019-05-23 07:12:29,BTC,426.77835217,0.0,0.00000004,BTC,248664.3325962929,0.0,0.00739728,281
1,[],22,[],2019-05-28 06:04:15,582856.5,0.00000005,0.000000000004375985,7699005,2019-05-28 06:04:15,BTC,31.63286794,0.0,0.00000005,"BTC,LTC",1212762.4291012324,0.00074925,0.02298576,286
0,[],22,[],2019-05-28 06:04:18,0.0,0,0,7699006,2019-05-28 06:04:18,,7337904.96568486,0.0,0,,2004620112.6797826,0.0,0.0,294
