pairValue,buyBook,exchangeId,sellBook,updated,buyTotal,satoshiPrice,usdPrice,exchangeLogId,created,bestPair,sellTotalBtc,volume,pairPrice,activePairs,sellTotal,volumeBtc,buyTotalBtc,coinId
1,[],3,[],2019-03-08 05:33:35,30536.82840919276,0.01266855000000000064375171859865076839923858642578125,0.00000049293074679,6874140,2019-03-08 05:33:35,btc,61.08302971415709,3.42795182,0.01266855000000000064375171859865076839923858642578125,btc,22.786369938765002,0.0,0.21118337964239417,1
1,[],4,[],2019-03-08 05:33:36,207894.10805241,0.01275001,0.000000496100339098,6874141,2019-03-08 05:33:36,btc,9.79933813271038,0.0,0.01275001,btc,304.55881489,1.93113608,2.870914072073992,1
1,[],5,[],2019-03-08 05:33:39,0.0,0,0,6874142,2019-03-08 05:33:39,btc,0.0,0.03771067,0,btc,0.0,0.0,0.0,1
1,[],10,[],2019-03-08 05:33:40,414586.46181233,0.01070848,0.000000416664815104,6874143,2019-03-08 05:33:40,btc,6522.236395296604,2040.64581445,0.01070848,btc,1105.20124778,0.0,5.40989296331751,1
1,[],12,[],2019-03-08 05:33:43,100.53064929,0.0126800000000000002986499936241671093739569187164306640625,0.000000493376264,6874144,2019-03-08 05:33:43,btc,0.33288423885970003,0.0,0.0126800000000000002986499936241671093739569187164306640625,btc,23.1605732,0.0076625520584,0.2631881845054,1
1,[],20,[],2019-03-08 05:33:45,1152.6717,0.010500328,0.0000004085656624144,6874145,2019-03-08 05:33:45,btc,0.0554564862143,0.3915,0.010500328,btc,2.4799,0.0046697723592,0.1068666541809,1
1,[],21,[],2019-03-08 05:33:46,1872.79991751,0.01271244000000000019812151919,0.000000494638497912,6874146,2019-03-08 05:33:46,btc,25.84549171627515,6865.151291259999,0.01271244000000000019812151919040843495167791843414306640625,"btc,eth",2743.33891246,86.50889009534578,17.211110608954804,1
1,[],22,[],2019-03-08 05:33:52,0.006382215384615385,0.01300000,0.0000005058274,6874147,2019-03-08 05:33:52,BTC,0.31439419,0.0,0.01300000,BTC,0.12751438772928525,0.0,7.978e-05,1
1,[],24,[],2019-03-08 05:33:52,0.0,0.000000000000,0,6874148,2019-03-08 05:33:52,btc,0.0,0.0,0.000000000000,btc,0.0,0.0,0.0,1
0.0,[],25,[],2019-03-08 05:33:53,0.0,0,0,6874149,2019-03-08 05:33:53,btc,29.051999997933187,492.92729034,0.0,btc,2227.29004276,6.4412,0.0,1
1,[],26,[],2019-03-08 05:34:03,0.0,0,0,6874150,2019-03-08 05:34:03,,0.0,0.0,0,,0.0,0.0,0.0,1
1,[],28,[],2019-03-08 05:34:09,993.142,0.01323000,0.000000514776654,6874151,2019-03-08 05:34:09,btc,0.147239806,17833.17,0.01323000,btc,7.9,0.0,0.089302756,1
0,[],2,[],2019-01-20 23:28:45,0.0,0,0,6477011,2019-01-20 23:28:45,,0.0,0.0,0,,0.0,0.0,0.0,1
1,[],5,[],2019-03-08 05:34:12,0.0,0,0,6874152,2019-03-08 05:34:12,btc,0.0,0.00757839,0,btc,0.0,0.0,0.0,2
0,[],22,[],2019-03-08 05:34:15,0.0,0,0,6874153,2019-03-08 05:34:15,,0.0,0.0,0,,0.0,0.0,0.0,2
1,[],5,[],2019-03-08 04:45:09,0.0,0,0,6873965,2019-03-08 04:45:09,btc,0.0,0.96757774,0,btc,0.0,0.0,0.0,3
1,[],12,[],2019-03-08 04:45:10,1968788.87149,0.000000177,0.000000000006882945900000001,6873966,2019-03-08 04:45:10,btc,22810.248652317074,0.0,0.000000177,btc,1045874.54814776,0.07318106938634919,0.28642497035373,3
0,[],28,[],2019-03-08 04:45:21,0.0,0,0,6873967,2019-03-08 04:45:21,,0.0,0.0,0,,0.0,0.0,0.0,3
0,[],2,[],2019-01-20 23:31:32,0.0,0,0,6477077,2019-01-20 23:31:32,,0.0,0.0,0,,0.0,0.0,0.0,4
1,[],4,[],2019-03-08 04:45:22,397493.31801661,0.00000033,0.000000000012832611,6873968,2019-03-08 04:45:22,btc,32.25550523858344,0.0,0.00000033,btc,710397.77475616,0.0,0.0487285946256081,4
1,[],12,[],2019-03-08 04:45:23,370822.0,0.00000002,0.000000000000777734,6873969,2019-03-08 04:45:23,btc,631.55388457,0.0,0.00000002,btc,520347.0,0.00168826,0.0047761800000000005,5
0,[],2,[],2019-01-20 23:31:51,0.0,0,0,6477087,2019-01-20 23:31:51,,0.0,0.0,0,,0.0,0.0,0.0,6
1,[],11,[],2019-03-08 04:45:25,4853444.5,0.00000002,0.000000000000777734,6873970,2019-03-08 04:45:25,btc,9568.23120290766,279440.0,0.00000002,btc,42611702.90271394,0.0,0.064543725,6
1,[],3,[],2019-03-08 05:34:16,1083.738251754546,0.0001549499999999999987586318805909968432388268411159515380859375,0.00000000602907351,6874154,2019-03-08 05:34:16,btc,28.402034233092024,0.0,0.0001549499999999999987586318805909968432388268411159515380859375,btc,243.122414578101,0.0,0.03372765787330525,7
1,[],4,[],2019-03-08 05:34:16,105220.66943214,0.00024933,0.000000009701380434000001,6874155,2019-03-08 05:34:16,btc,10.673071605693831,0.0,0.00024933,btc,34095.89825342,1.68940051,8.182175196895333,7
1,[],5,[],2019-03-08 05:34:17,0.0,0,0,6874156,2019-03-08 05:34:17,btc,0.0,0.12821715,0,btc,0.0,0.0,0.0,7
1,[],20,[],2019-02-20 02:16:17,39399275.8418,0.000000001,0.0000000000000390183,6728586,2019-02-20 02:16:17,btc,116.9737569154545,525.0,0.000000001,btc,56932965.8895,5.25e-07,0.0393992758418,8
1,[],4,[],2019-03-08 05:34:19,1304634.25308844,0.00000160,0.00000000006225568,6874157,2019-03-08 05:34:19,btc,5.506636167450203,0.0,0.00000160,btc,2752030.67983816,1.91199146,1.1929808561377877,9
1,[],28,[],2019-03-08 05:34:25,38863.15,0.00000166,0.000000000064590268,6874158,2019-03-08 05:34:25,btc,2708.761281370583,3469550.0,0.00000166,btc,11954.1497,0.0,0.035782829,9
0,[],2,[],2019-01-20 23:22:42,0.0,0,0,6476876,2019-01-20 23:22:42,,0.0,0.0,0,,0.0,0.0,0.0,9
0,[],23,[],2019-01-20 23:22:48,0.0,0,0,6476878,2019-01-20 23:22:48,,0.0,0.0,0,,0.0,0.0,0.0,9
1,[],1,[],2019-02-17 23:31:42,1822507.21,0.00000181000000000000003456111265232042484285557293333113193511962890625,0.000000000066086901,6701244,2019-02-17 23:31:42,btc,3.6990969245,17153386.5,0.00000181000000000000003456111265232042484285557293333113193511962890625,btc,1997391.71,31.11772986,3.2610482446,9
1,[],4,[],2019-02-17 11:22:43,4341674.27126056,0.00000002,0.0000000000007272960000000001,6696112,2019-02-17 11:22:43,btc,0.1997230937751353,0.0,0.00000002,btc,4109766.79808031,0.00215132,0.0479381022052112,10
1,[],4,[],2019-03-08 05:34:26,6935921.27906875,0.00000124,0.000000000048248152,6874159,2019-03-08 05:34:26,btc,12.588880731933964,0.0,0.00000124,btc,6269778.05020037,1.87988656,4.544468759814066,12
1,[],5,[],2019-03-08 05:34:28,0.0,0,0,6874160,2019-03-08 05:34:28,btc,0.0,0.27737568,0,btc,0.0,0.0,0.0,12
0.0,[],25,[],2019-03-08 05:34:29,0.0,0,0,6874161,2019-03-08 05:34:29,,0.0,0.0,0.0,btc,0.0,0.0,0.0,12
0,[],2,[],2019-01-20 23:23:08,0.0,0,0,6476890,2019-01-20 23:23:08,,0.0,0.0,0,,0.0,0.0,0.0,12
1,[],4,[],2019-03-08 05:34:30,32028430.76973402,0.00000576,0.000000000224120448,6874162,2019-03-08 05:34:30,btc,3.411021007566173,0.0,0.00000576,btc,460047.02626977,1.15886475,1.3252821944373223,13
1,[],10,[],2019-03-08 05:34:32,393871.13643157,0.00000574,0.000000000223342252,6874163,2019-03-08 05:34:32,btc,666801.291530667,8920.80278784,0.00000574,btc,711740.76560127,0.0,0.239943658519487,13
1,[],21,[],2019-03-08 05:34:33,749602.53600898,0.000005890000000000000358153177255,0.00000000022917872200000003,6874164,2019-03-08 05:34:33,btc,4.436831183522344,912568.10312384,0.0000058900000000000003581531772545165637211539433337748050689697265625,btc,669428.96636762,5.40777435,4.078199218138053,13
1,[],4,[],2019-03-08 05:34:35,694125.05969389,0.00000134,0.000000000052139132000000003,6874165,2019-03-08 05:34:35,btc,10.489734476527847,0.0,0.00000134,btc,907608.89940615,0.03951828,0.1392641758973227,14
1,[],12,[],2019-03-08 05:34:36,268120.66153846,0.000001300000000000000047051663780439678674838432925753295421600341796875,0.000000000050582740000000006,6874166,2019-03-08 05:34:36,btc,0.1006978516532214,0.0,0.000001300000000000000047051663780439678674838432925753295421600341796875,btc,7621.13555235,8.70259741e-06,0.036281529999998,14
0,[],17,[],2019-03-08 05:34:48,0.0,0,0,6874167,2019-03-08 05:34:48,btc,0.0,0.0,0,btc,0.0,0.0,0.0,14
1,[],26,[],2019-03-08 05:34:48,0.0,0.00000050,0.0000000000194549,6874168,2019-03-08 05:34:48,btc,0.0,0.0,0.00000050,btc,0.0,0.0,0.0,14
0,[],4,[],2019-03-08 05:34:49,0.0,0,0,6874169,2019-03-08 05:34:49,,0.0,0.0,0,,0.0,0.0,0.0,15
,[],12,[],2018-12-01 15:15:48,204241.84496,0.00000489,0.000000000202473384,5260204,2018-12-01 15:15:48,btc,49.5475654835,0.0,,btc,35763.2193806,0.0163153972027625,0.0203389899998,15
1,[],4,[],2019-03-08 05:34:50,23546.76789248,0.00001662,0.000000000646680876,6874170,2019-03-08 05:34:50,btc,4.1906470993394604,0.0,0.00001662,btc,18668.48167658,0.04002911,0.0399060562128628,18
1,[],10,[],2019-03-08 05:34:52,785159.71749456,0.00001797,0.000000000699209106,6874171,2019-03-08 05:34:52,btc,15.361929689813612,4463.37580323,0.00001797,btc,11939.29969566,0.0,0.1609276037872679,18
1,[],12,[],2019-03-08 05:34:54,373362.05251424,0.0000150100000000000002842691360083193785612820647656917572021484375,0.000000000584036098,6874172,2019-03-08 05:34:54,btc,0.0073865383445789,0.0,0.0000150100000000000002842691360083193785612820647656917572021484375,btc,291.42114251,0.002646800625275,0.0191166000413252,18
0,[],17,[],2019-03-08 05:34:55,0.0,0,0,6874173,2019-03-08 05:34:55,btc,0.0,0.0,0,btc,0.0,0.0,0.0,18
0,[],2,[],2019-01-20 23:23:38,0.0,0,0,6476906,2019-01-20 23:23:38,,0.0,0.0,0,,0.0,0.0,0.0,18
1,[],3,[],2019-03-08 05:34:56,117273.6013331364,0.0000175200000000000016635824662269982354700914584100246429443359375,0.0000000006816996960000001,6874174,2019-03-08 05:34:56,btc,0.49522041989214516,0.03280961183,0.0000175200000000000016635824662269982354700914584100246429443359375,btc,8951.995959570942,0.0,0.015456075749608533,19
1,[],4,[],2019-03-08 05:34:57,276339.83551651,0.00001978,0.000000000769635844,6874175,2019-03-08 05:34:57,btc,3.4952970206791925,0.0,0.00001978,btc,126934.30536522,0.3777609,2.6681770663083064,19
1,[],5,[],2019-03-08 05:34:58,0.0,0,0,6874176,2019-03-08 05:34:58,btc,0.0,0.00111442,0,btc,0.0,0.0,0.0,19
1,[],12,[],2019-03-08 05:34:59,169989.16680429,0.000012119999999999999155085583790736336595728062093257904052734375,0.000000000471586776,6874177,2019-03-08 05:34:59,btc,0.2299646492323075,0.0,0.000012119999999999999155085583790736336595728062093257904052734375,btc,358.27457877,0.0,0.0363629699999519,19
0,[],27,[],2019-03-08 05:35:01,0.0,0,0,6874178,2019-03-08 05:35:01,,0.0,0.0,0,btc,0.0,0.0,0.0,19
0,[],2,[],2019-01-20 23:24:19,0.0,0,0,6476924,2019-01-20 23:24:19,,0.0,0.0,0,,0.0,0.0,0.0,19
1,[],4,[],2019-03-08 05:35:02,2779123.70923423,0.00000012,0.000000000004669176,6874179,2019-03-08 05:35:02,btc,7.383042289760813,0.0,0.00000012,btc,2876583.25385408,0.0,0.0777767845064956,20
1,[],4,[],2019-03-08 05:35:03,103810793.72147027,0.00000002,0.0000000000007781960000000001,6874180,2019-03-08 05:35:03,btc,1841.963316175191,0.0,0.00000002,btc,54908374.6818267,0.0,1.1629563175500457,21
1,[],12,[],2019-03-08 05:35:04,1000236.0,0.00000001,0.00000000000038909800000000003,6874181,2019-03-08 05:35:04,btc,1245.5435753895404,0.0,0.00000001,btc,2375179.97702298,0.0008504204995004,0.01000236,21
0,[],17,[],2019-03-08 04:33:59,0.0,0,0,6873796,2019-03-08 04:33:59,btc,0.0,0.0,0,btc,0.0,0.0,0.0,21
1,[],12,[],2019-03-08 05:35:16,2438848994.0,0.0000000001,0.00000000000000389098,6874182,2019-03-08 05:35:16,btc,5552.625231017636,0.0,0.0000000001,btc,1281246223.6797092,0.000257159001098908,0.24388489940000002,23
0,[],27,[],2019-03-08 05:35:18,0.0,0,0,6874183,2019-03-08 05:35:18,,13.51825636659341,0.0,0,eth,2066931.35514486,0.0,0.0,23
1,[],4,[],2019-03-08 05:35:18,651416.24076768,0.00000049,0.000000000019065802000000002,6874184,2019-03-08 05:35:18,btc,9.659970183758258,0.0,0.00000049,btc,1613885.31235759,0.01320955,0.1795959705486431,24
1,[],22,[],2019-03-08 05:35:22,11.76,0.00000100,0.0000000000389098,6874185,2019-03-08 05:35:22,BTC,7.415e-05,0.0,0.00000100,BTC,23.919354838709676,0.0,1.176e-05,24
0.0,[],25,[],2019-03-08 05:35:23,0.0,0,0,6874186,2019-03-08 05:35:23,,0.0,0.0,0.0,btc,0.0,0.0,0.0,24
1,[],4,[],2019-03-08 05:35:24,26575925.87273898,0.00000603,0.00000000023462609400000003,6874187,2019-03-08 05:35:24,btc,57.62518843394209,0.0,0.00000603,btc,242232.78023083,0.08678027,0.4252684274761543,26
1,[],10,[],2019-03-08 05:35:26,685341.76589746,0.00000603,0.000000000234626094,6874188,2019-03-08 05:35:26,btc,26.127663981293537,3989.94488969,0.00000603,btc,14118.59119631,0.0,0.2272417155496019,26
0,[],2,[],2019-01-20 23:25:56,0.0,0,0,6476976,2019-01-20 23:25:56,,0.0,0.0,0,,0.0,0.0,0.0,26
1,[],3,[],2019-03-08 05:35:27,10977156.88133568,0.00000001,0.00000000000038909800000000003,6874189,2019-03-08 05:35:27,btc,2.265696892011112,189.5,0.00000001,btc,17418354.83071274,0.0,0.1097715688133568,27
1,[],5,[],2019-03-08 05:35:29,0.0,0,0,6874190,2019-03-08 05:35:29,btc,0.0,0.00013914,0,btc,0.0,0.0,0.0,27
1,[],11,[],2019-03-08 05:35:30,9464617.88103613,0.00000005,0.00000000000194549,6874191,2019-03-08 05:35:30,btc,67506.32843704063,170.63047893,0.00000005,btc,7972152.75036371,0.0,0.4411034133414386,27
1,[],4,[],2019-03-08 05:35:31,2117846736.7182753,0.00000001,0.00000000000038909800000000003,6874192,2019-03-08 05:35:31,btc,2.995544551420706,0.0,0.00000001,"btc,ltc",201984258.6956551,1.5874559,9.389585740555313,29
1,[],7,[],2019-03-08 05:35:34,36849339.31873941,0.00000002,0.0000000000007781960000000001,6874193,2019-03-08 05:35:34,btc,44461588.004236534,697444.516488,0.00000002,btc,45142638.25799651,0.01401635,0.3813017782197301,29
1,[],4,[],2019-03-08 05:35:35,2342759.04467701,0.00000023,0.000000000008949254,6874194,2019-03-08 05:35:35,btc,2.660626281003104,0.0,0.00000023,btc,2069267.62131341,0.01846173,0.1030574196097271,30
0,[],17,[],2019-03-08 05:35:36,0.0,0,0,6874195,2019-03-08 05:35:36,btc,0.0,0.0,0,btc,0.0,0.0,0.0,30
1,[],4,[],2019-03-08 05:35:37,413674.10468829,0.00005791,0.000000002253266518,6874196,2019-03-08 05:35:37,btc,8.554895981911475,0.0,0.00005791,btc,91264.84573142,1.58438098,1.6033352595012522,31
1,[],21,[],2019-03-08 05:35:38,116893.44274342,0.00005751000000000000333738245373,0.0000000022377025980000004,6874197,2019-03-08 05:35:38,btc,3.2966076076396855,391983.39176014,0.0000575100000000000033373824537274998647262691520154476165771484375,btc,51367.85332492,24.20402767,6.178358369103586,31
0,[],2,[],2019-01-20 23:28:43,0.0,0,0,6477009,2019-01-20 23:28:43,,0.0,0.0,0,,0.0,0.0,0.0,32
1,[],4,[],2019-03-08 05:35:39,429561168.99379474,0.00000004,0.0000000000015563920000000001,6874198,2019-03-08 05:35:39,btc,10.273704459330517,0.0,0.00000004,"btc,ltc",190602551.60786414,0.73423665,10.358872028324647,33
1,[],12,[],2019-03-08 05:35:40,20528898.87333337,0.00000004,0.0000000000015563920000000001,6874199,2019-03-08 05:35:40,btc,1211506.0387043552,0.0,0.00000004,btc,15209886.70329666,0.0448692820879114,0.47444425196000145,33
1,[],4,[],2019-03-08 05:35:41,114231290.2140919,0.00000001,0.00000000000038909800000000003,6874200,2019-03-08 05:35:41,btc,3.538007226113804,0.0,0.00000001,btc,100960142.83113337,0.07794221,1.142312902140919,34
1,[],5,[],2019-03-08 05:35:42,0.0,0,0,6874201,2019-03-08 05:35:42,btc,0.0,0.07133864,0,btc,0.0,0.0,0.0,34
0,[],17,[],2019-03-08 03:42:54,0.0,0,0,6873637,2019-03-08 03:42:54,btc,0.0746458232965017,0.0,0,btc,4103573.70243647,0.0,0.0,36
0.0000000001456691,[],4,[],2019-03-08 05:35:43,974688311.7013334,1.456691e-18,5.667955547180001e-23,6874202,2019-03-08 05:35:43,ltc,4.348715963203618e-08,0.0,0.00000001,ltc,6657865751.379833,0.0,1.419819691460527e-09,36
1,[],5,[],2019-03-08 05:35:45,0.0,0,0,6874203,2019-03-08 05:35:45,btc,0.0,0.0,0,btc,0.0,0.0,0.0,36
0.00000000035150000000000003,[],27,[],2019-03-08 05:35:47,11290000.0,3.515e-18,1.3676794700000002e-22,6874204,2019-03-08 05:35:47,eth,222.5593883364624,0.0,0.00000001,"ltc,eth",11165403.32426039,0.0,2.4010384298000002e-11,36
1,[],4,[],2019-03-08 05:35:48,283732.69519183,0.00000060,0.000000000023345880000000002,6874205,2019-03-08 05:35:48,btc,19772.50155088434,0.0,0.00000060,btc,592112.65825688,0.00519359,0.1287858475495858,37
1,[],12,[],2019-03-08 05:35:49,1273663.65076288,0.00000061,0.000000000023734978,6874206,2019-03-08 05:35:49,btc,10.770868751610282,0.0,0.00000061,btc,350270.55191073,0.0659124813563298,0.1325254129508154,37
1,[],17,[],2019-03-08 05:35:51,1752.74075282,0.00000025,0.00000000000972745,6874207,2019-03-08 05:35:51,btc,0.055484923777095005,0.0,0.00000025,btc,1319.19918473,0.0,0.00043818518820499993,37
1,[],27,[],2019-03-08 05:35:53,14685.567,0.00000045,0.00000000001750941,6874208,2019-03-08 05:35:53,btc,25.75216805411233,0.0,0.00000045,btc,6518.38138508,0.0,0.00480032515,37
1,[],5,[],2019-03-08 05:35:56,0.0,0,0,6874209,2019-03-08 05:35:56,btc,0.0,0.02453928,0,btc,0.0,0.0,0.0,42
1,[],12,[],2019-03-08 05:35:57,253290.50518824,0.00000110000000000000005610204141526242693771564518101513385772705078125,0.00000000004280078,6874210,2019-03-08 05:35:57,btc,0.2928300736395181,0.0,0.00000110000000000000005610204141526242693771564518101513385772705078125,btc,30321.60354983,0.03996367986924,0.0177451699999996,42
0.00000000035150000000000003,[],27,[],2019-03-08 05:35:58,22000.0,3.515e-17,1.36767947e-21,6874211,2019-03-08 05:35:58,eth,0.00315028,0.0,0.0000001,"btc,eth",11.007,0.0,7.100300000000001e-13,42
1,[],5,[],2019-03-08 05:36:00,0.0,0,0,6874212,2019-03-08 05:36:00,btc,0.0,0.00021117,0,btc,0.0,0.0,0.0,43
1,[],12,[],2019-03-08 05:36:01,509121.0,0.00000001,0.00000000000038909800000000003,6874213,2019-03-08 05:36:01,btc,2.32121442999001,0.0,0.00000001,btc,4360308.4995005,0.0,0.0050912100000000005,43
0,[],17,[],2019-03-08 05:36:03,0.0,0,0,6874214,2019-03-08 05:36:03,btc,0.0,0.0,0,btc,0.0,0.0,0.0,43
1,[],12,[],2019-03-05 01:54:08,639326.02,0.00000004,0.000000000001486676,6845775,2019-03-05 01:54:08,btc,11116042.728239931,0.0,0.00000004,btc,1103841.4595604,0.0003330765234764,0.014975410599999999,44
1,[],4,[],2019-03-08 05:36:03,300361629.8779665,0.00000005,0.00000000000194549,6874215,2019-03-08 05:36:03,btc,473.6825628997634,0.0,0.00000005,"btc,ltc",10986545.62279966,0.07903555,0.386800407522361,49
0,[],4,[],2019-03-08 05:36:04,0.0,0,0,6874216,2019-03-08 05:36:04,,25.808545413121394,0.0,0,,9733644582.23965,0.0,0.0,52
0.0000000001252345,[],22,[],2019-03-08 05:36:08,80845862.0,1.252345e-18,4.8728493481000006e-23,6874217,2019-03-08 05:36:08,XMR,4366.97466637,0.0,0.00000001,XMR,255820234.67882353,0.0,0.80845862,57
0.00000000035150000000000003,[],27,[],2019-03-08 05:36:11,2000.0,3.515e-18,1.3676794700000002e-22,6874218,2019-03-08 05:36:11,eth,0.0,0.0,0.00000001,"btc,eth",0.0,0.0,7.03e-15,57
0.0000000001456691,[],4,[],2019-03-08 05:36:12,615626145.673,2.913382e-18,1.1335911094360002e-22,6874219,2019-03-08 05:36:12,ltc,18.807189420230948,0.0,0.00000002,ltc,4777500257.895821,0.0,1.3476881644365708e-09,58
1,[],12,[],2019-03-08 05:36:13,605710901.8425,0.0000000004,0.00000000000001556392,6874220,2019-03-08 05:36:13,btc,1121123.5965839778,0.0,0.0000000004,btc,1175395641.1568432,0.00286790623376623,0.196645748937,58
0,[],17,[],2019-03-08 05:36:24,0.0,0,0,6874221,2019-03-08 05:36:24,btc,1e+24,0.0,0,btc,49226522.0897055,0.0,0.0,58
0.0000000001252345,[],22,[],2019-03-08 05:36:29,137438.0,1.252345e-18,4.8728493481000006e-23,6874222,2019-03-08 05:36:29,XMR,69.8835922,0.0,0.00000001,XMR,9887963.0,0.0,0.00137438,58
1,[],5,[],2019-03-08 05:36:30,0.0,0,0,6874223,2019-03-08 05:36:30,btc,0.0,0.01092066,0,btc,0.0,0.0,0.0,61
1,[],22,[],2019-03-08 05:36:34,13757.0,0.00000012,0.000000000004669176,6874224,2019-03-08 05:36:34,BTC,1002.2960049,0.0,0.00000012,BTC,14976.68361146909,3e-07,0.00154987,61
1,[],26,[],2019-03-08 05:36:35,0.0,0.00000800,0.0000000003112784,6874225,2019-03-08 05:36:35,btc,0.0,0.0,0.00000800,btc,0.0,0.0,0.0,61
1,[],27,[],2019-03-08 05:36:37,4411.22008,0.00000047,0.000000000018287606,6874226,2019-03-08 05:36:37,btc,2.898491041314132,0.0,0.00000047,"btc,eth",19485.01257617,0.0,0.001243759959556531,61
1,[],28,[],2019-03-08 05:36:43,13880.304,0.0000005,0.0000000000194549,6874227,2019-03-08 05:36:43,btc,2.056312978300105,778.0,0.0000005,btc,9730.59500005,0.0,0.00566391304,61
1,[],4,[],2019-03-08 05:36:44,1278875.73688435,0.00000280,0.00000000010894744,6874228,2019-03-08 05:36:44,btc,9.094868711620732,0.0,0.00000280,btc,741863.33310887,0.1430225,0.9858224202155957,67
0.0,[],25,[],2019-03-08 05:36:45,0.0,0,0,6874229,2019-03-08 05:36:45,,0.0,0.0,0.0,btc,0.0,0.0,0.0,67
1,[],12,[],2019-03-08 05:36:46,331088.93845625,0.00000026,0.000000000010116548,6874230,2019-03-08 05:36:46,btc,15940.614376845144,0.0,0.00000026,btc,1041085.02390199,0.0142606342247344,0.0676452344064041,71
,[],5,[],2018-11-20 23:02:39,1.5e-07,0.00000005,0.000000000002128045,4862160,2018-11-20 23:02:39,btc,2.84511358,0.0,,btc,0.00036572,0.0,0.07381892,74
1,[],5,[],2019-03-08 05:36:47,0.0,0,0,6874231,2019-03-08 05:36:47,btc,0.0,0.0,0,btc,0.0,0.0,0.0,75
1,[],4,[],2019-03-08 05:36:48,13147768.81424166,0.00000001,0.00000000000038909800000000003,6874232,2019-03-08 05:36:48,btc,11388.985544584346,0.0,0.00000001,btc,40019471.49932191,0.0,0.1314776881424166,81
0,[],20,[],2019-01-25 09:30:31,0.0,0,0,6495923,2019-01-25 09:30:31,btc,0.0,0.0,0,btc,0.0,0.0,0.0,81
1,[],4,[],2019-03-08 05:36:50,27879.32384515,0.00008000,0.000000003112784,6874233,2019-03-08 05:36:50,btc,18.093160031835673,0.0,0.00008000,btc,11951.82042979,0.02092897,0.141029579582941,82
1,[],21,[],2019-03-08 05:36:51,766595.59189243,0.00007501000000000000180432058183,0.000000002918624098,6874234,2019-03-08 05:36:51,btc,3.4754533516631656,3832.40456021,0.00007501000000000000180432058183299659503973089158535003662109375,btc,41537.09153432,0.28732804,3.01326871298969,82
0,[],17,[],2019-03-08 05:36:52,0.0,0,0,6874235,2019-03-08 05:36:52,btc,0.0447233088476774,0.0,0,btc,999127.19588126,0.0,0.0,84
0.0000000001456691,[],4,[],2019-03-08 05:36:53,112201154.3024629,2.913382e-18,1.1335911094360002e-22,6874236,2019-03-08 05:36:53,ltc,1.74936465958446,0.0,0.00000002,ltc,416307156.2436793,0.0,2.1248512613181084e-10,85
,[],22,[],2018-11-20 23:09:34,3408.1,0.0000001,0.0000000000041895,4862324,2018-11-20 23:09:34,BTC,0.04624735,0.0,,BTC,4990.0,0.0,0.00033081,86
1,[],22,[],2019-03-08 05:36:56,122000.0,0.00000003,0.000000000001167294,6874237,2019-03-08 05:36:56,BTC,2.078122,0.0,0.00000003,BTC,169918.94736842104,0.0,0.00186,87
0,[],27,[],2019-03-08 05:36:58,0.0,0,0,6874238,2019-03-08 05:36:58,,0.0,0.0,0,btc,0.0,0.0,0.0,87
,[],2,[],2018-11-20 23:10:47,0.0,0,0,4862359,2018-11-20 23:10:47,,0.0,0.0,,,0.0,0.0,0.0,88
1,[],11,[],2019-03-08 05:37:00,95067.21167927,0.00014594000000000000201449967818234654259867966175079345703125,0.000000005678496212,6874239,2019-03-08 05:37:00,btc,606.9265399976052,10.00000065,0.00014594000000000000201449967818234654259867966175079345703125,btc,92799.24058198,0.0,6.568083658975467,89
0,[],2,[],2019-01-20 23:31:45,0.0,0,0,6477083,2019-01-20 23:31:45,,0.0,0.0,0,,0.0,0.0,0.0,91
1,[],12,[],2019-03-08 05:37:01,255858.42697228,0.000001129999999999999980629101885287735029805844533257186412811279296875,0.000000000043968074,6874240,2019-03-08 05:37:01,btc,61.62381970628556,0.0,0.000001129999999999999980629101885287735029805844533257186412811279296875,btc,115079.21144947,0.0262926884010229,0.0434708173999555,91
0,[],17,[],2019-03-08 05:37:13,0.0,0,0,6874241,2019-03-08 05:37:13,btc,0.0,0.0,0,btc,0.0,0.0,0.0,91
1,[],22,[],2019-03-08 05:37:17,65900.0,0.00000001,0.00000000000038909800000000003,6874242,2019-03-08 05:37:17,BTC,3e-06,0.0,0.00000001,BTC,1.0,0.0,0.000659,91
0.0000000001456691,[],22,[],2019-03-08 05:37:21,1580418.0,7.283455e-18,2.8339777735900004e-22,6874243,2019-03-08 05:37:21,LTC,8.53121199,0.0,0.00000005,LTC,71989912.1,0.0,0.0790209,95
0.0000000001456691,[],4,[],2019-03-08 05:37:23,640913691.5047666,9.468491500000001e-17,3.684171105667e-21,6874244,2019-03-08 05:37:23,ltc,11.886285812135386,0.0,0.00000065,ltc,135739107.9791913,0.0,1.732546620556458e-09,96
1,[],12,[],2019-03-08 05:37:24,9419.0,0.00000001,0.00000000000038909800000000003,6874245,2019-03-08 05:37:24,btc,10.57930594,0.0,0.00000001,btc,2034024.0,2.6e-07,9.419e-05,96
0,[],17,[],2019-03-08 05:37:35,0.0,0,0,6874246,2019-03-08 05:37:35,btc,0.0,0.0,0,btc,0.0,0.0,0.0,96
1,[],4,[],2019-03-08 05:37:36,1650796.81936116,0.00000023,0.000000000008949254,6874247,2019-03-08 05:37:36,btc,2.639911956871172,0.0,0.00000023,btc,2567343.69914589,0.01842307,0.1384314711564377,99
0,[],2,[],2019-01-20 23:23:55,0.0,0,0,6476914,2019-01-20 23:23:55,,0.0,0.0,0,,0.0,0.0,0.0,100
1,[],4,[],2019-03-08 05:37:38,285661.08392413,0.00003859,0.000000001501529182,6874248,2019-03-08 05:37:38,btc,11.225888614364266,0.0,0.00003859,btc,158368.20585615,1.95363563,1.5597458704420697,100
1,[],22,[],2019-03-08 05:37:42,50000.0,0.00000001,0.00000000000038909800000000003,6874249,2019-03-08 05:37:42,BTC,23.49896609,0.0,0.00000001,BTC,10277.22,0.0,0.0005,101
1,[],4,[],2019-03-08 05:37:42,433229.23645039,0.00000083,0.000000000032295134,6874250,2019-03-08 05:37:42,btc,308.02909035387677,0.0,0.00000083,btc,485395.28280128,0.00434252,0.2116215801070367,103
1,[],12,[],2019-03-08 05:37:45,27503401.887000002,0.000000009,0.00000000000035018819999999997,6874251,2019-03-08 05:37:45,btc,1113030.93022722,0.0,0.000000009,btc,52637881.96208088,0.0181596919900102,0.102096878983,105
1,[],27,[],2019-03-08 05:37:47,229397.89,0.00000001,0.00000000000038909800000000003,6874252,2019-03-08 05:37:47,btc,36.60591030491341,0.0,0.00000001,btc,1301440.23571724,0.0,0.0022939789,105
1,[],22,[],2019-03-08 05:37:51,9328.0,0.00000001,0.00000000000038909800000000003,6874253,2019-03-08 05:37:51,BTC,51.10837004,0.0,0.00000001,BTC,470435.0,0.0,9.328e-05,107
1,[],26,[],2019-03-08 05:37:51,0.0,0.00000000,0,6874254,2019-03-08 05:37:51,btc,0.0,0.0,0.00000000,btc,0.0,0.0,0.0,107
1,[],5,[],2019-03-08 05:37:53,0.0,0,0,6874255,2019-03-08 05:37:53,btc,0.0,0.01029262,0,btc,0.0,0.0,0.0,112
1,[],22,[],2019-03-08 05:37:57,1966.0,0.00000001,0.00000000000038909800000000003,6874256,2019-03-08 05:37:57,BTC,2.78273272,0.0,0.00000001,BTC,826524.0833333334,3.4e-07,1.966e-05,112
0.00000000035150000000000003,[],27,[],2019-03-08 05:37:59,2000.0,3.515e-18,1.3676794700000002e-22,6874257,2019-03-08 05:37:59,eth,1.24892491849924,0.0,0.00000001,"btc,eth",1288.641654,0.0,7.03e-15,112
1,[],4,[],2019-03-08 05:38:00,1306213.52991895,0.00000203,0.00000000007898689400000001,6874258,2019-03-08 05:38:00,btc,4.882527487066373,0.0,0.00000203,btc,339059.49545751,0.0297619,1.0219964253337195,113
1,[],5,[],2019-03-08 05:38:01,0.0,0,0,6874259,2019-03-08 05:38:01,btc,0.0,0.00225715,0,btc,0.0,0.0,0.0,113
1,[],17,[],2019-03-08 04:39:05,152738.278,0.00000004,0.000000000001553832,6873873,2019-03-08 04:39:05,btc,1.33680302678,0.0,0.00000004,btc,50696.221,0.0,0.0022095311199999998,116
0,[],27,[],2019-03-08 05:38:04,0.0,0,0,6874260,2019-03-08 05:38:04,,0.0,0.0,0,btc,0.0,0.0,0.0,116
1,[],4,[],2019-03-08 05:38:06,76950.10801018,0.00002521,0.000000000980916058,6874261,2019-03-08 05:38:06,btc,27.672293483617718,0.0,0.00002521,btc,83983.15017213,0.18336987,1.1876429728444566,120
1,[],7,[],2019-03-08 05:38:07,20906.29139872,0.0000212500000000000015265566588595902430824935436248779296875,0.00000000082683325,6874262,2019-03-08 05:38:07,btc,115646.94919545915,1.1652281,0.0000212500000000000015265566588595902430824935436248779296875,btc,36705.38404366,2.476e-05,0.052754940813734406,120
1,[],20,[],2019-03-08 05:38:10,3002345.3805,0.000000035,0.000000000001361843,6874263,2019-03-08 05:38:10,btc,33.6156363984428,1589.5,0.000000035,btc,1008323.7699,5.56325e-05,0.0406402484044,125
1,[],22,[],2019-03-08 05:38:14,3053.0,0.00000001,0.00000000000038909800000000003,6874264,2019-03-08 05:38:14,BTC,0.01444887,0.0,0.00000001,BTC,296263.5111111111,0.0,3.053e-05,126
0,[],17,[],2019-03-08 04:39:17,0.0,0,0,6873880,2019-03-08 04:39:17,btc,0.0009561751951600001,0.0,0,btc,35.42829368,0.0,0.0,131
1,[],4,[],2019-03-08 05:38:16,146388.86968459,0.00001300,0.0000000005058274,6874265,2019-03-08 05:38:16,btc,3.6691925156006877,0.0,0.00001300,btc,122508.56467214,0.10017156,0.6564743498458772,131
0,[],2,[],2019-01-20 23:25:46,0.0,0,0,6476969,2019-01-20 23:25:46,,0.0,0.0,0,,0.0,0.0,0.0,131
1,[],4,[],2019-03-08 05:38:17,4547.78872809,0.00016000,0.000000006225568,6874266,2019-03-08 05:38:17,btc,1.6186592637552515,0.0,0.00016000,btc,234.59167179,0.0,0.0068861669288372,135
1,[],3,[],2019-03-07 00:20:44,877702.73244099,0.00000004,0.00000000000154846,6863392,2019-03-07 00:20:44,btc,0.119366241821405,0.0,0.00000004,btc,760637.99421222,0.0,0.023771231960604298,136
1,[],4,[],2019-03-08 05:38:19,383285.86962192,0.00000175,0.00000000006809215000000001,6874267,2019-03-08 05:38:19,btc,38.21220456823891,0.0,0.00000175,btc,513125.82882882,0.05614721,0.0873937948930451,137
1,[],12,[],2019-03-08 05:38:20,243433.79852112,0.0000016700000000000001044238480407688740569938090629875659942626953125,0.000000000064979366,6874268,2019-03-08 05:38:20,btc,5.0569237465635855,0.0,0.0000016700000000000001044238480407688740569938090629875659942626953125,btc,2749.9657019,0.0018403533645495,0.09012326454776481,137
1,[],4,[],2019-03-08 05:38:22,14982.48650774,0.00003646,0.000000001418651308,6874269,2019-03-08 05:38:22,btc,28.580903118392722,0.0,0.00003646,btc,47229.59738855,0.15181681,0.3889431109701869,142
1,[],5,[],2019-03-08 05:38:23,0.0,0,0,6874270,2019-03-08 05:38:23,btc,0.0,0.23912767,0,btc,0.0,0.0,0.0,142
1,[],17,[],2019-03-08 05:38:24,22967.386363640002,0.00000088,0.000000000034240624,6874271,2019-03-08 05:38:24,btc,20.06991335278911,0.0,0.00000088,btc,2746.079105,0.0,0.0104613000000032,142
1,[],20,[],2019-03-08 05:38:26,135700.8801,0.00003202,0.0000000012458917960000001,6874272,2019-03-08 05:38:26,btc,0.4342176403412,1434.6639,0.00003202,btc,4409.6459,0.064035638076,0.3108935119795,142
1,[],22,[],2019-03-08 05:38:29,1470.8988921568628,0.00004000,0.000000001556392,6874273,2019-03-08 05:38:29,BTC,3.00385504,0.0,0.00004000,BTC,891.218,0.0,0.0012358,142
0.0,[],25,[],2019-03-08 05:38:30,0.0,0,0,6874274,2019-03-08 05:38:30,,0.0,0.0,0.0,btc,0.0,0.0,0.0,142
1,[],28,[],2019-03-08 05:38:37,76124.0,0.00000820,0.00000000031906036,6874275,2019-03-08 05:38:37,btc,0.067100461059305,1047.0,0.00000820,btc,552.61077999,0.0,0.004304,142
0,[],22,[],2019-03-08 05:38:40,0.0,0,0,6874276,2019-03-08 05:38:40,,62.13631169,0.0,0,,837691921.3,0.0,0.0,143
0,[],22,[],2019-02-25 15:42:22,0.0,0,0,6783783,2019-02-25 15:42:22,,4.2131946,0.0,0,,2322156.0,0.0,0.0,146
,[],22,[],2018-11-20 23:01:11,0.0,0,0,4862114,2018-11-20 23:01:11,,2.56807021,0.0,,,61828.4988236,0.0,0.0,147
1,[],12,[],2019-03-08 05:38:41,330759.05370079,0.000001879999999999999999629744958096200235786454868502914905548095703125,0.000000000073150424,6874277,2019-03-08 05:38:41,btc,1.7156381828510554,0.0,0.000001879999999999999999629744958096200235786454868502914905548095703125,btc,28755.91505632,0.0004355413784294,0.025955719999862098,148
1,[],4,[],2019-03-08 05:38:43,251299.00134438,0.00000029,0.000000000011283842,6874278,2019-03-08 05:38:43,btc,219.99864590534602,0.0,0.00000029,btc,840498.90453835,0.0,0.0597202236443528,152
0,[],22,[],2019-03-08 05:38:45,0.0,0,0,6874279,2019-03-08 05:38:45,,0.0,0.0,0,,0.0,0.0,0.0,152
1,[],5,[],2019-03-08 05:38:48,0.0,0,0,6874280,2019-03-08 05:38:48,btc,0.0,0.0,0,btc,0.0,0.0,0.0,153
,[],16,[],2019-01-11 15:38:59,0.0,0,0,6366141,2019-01-11 15:38:59,btc,0.0,0.0,,btc,0.0,0.0,0.0,155
0,[],23,[],2019-01-20 23:24:29,0.0,0,0,6476932,2019-01-20 23:24:29,,0.0,0.0,0,,0.0,0.0,0.0,156
0,[],22,[],2019-03-08 05:38:52,0.0,0,0,6874281,2019-03-08 05:38:52,,6.7463875,0.0,0,,4674391.242592593,0.0,0.0,156
1,[],22,[],2019-03-08 05:38:56,7073.8,0.00005300,0.0000000020622194,6874282,2019-03-08 05:38:56,BTC,1.80343699,0.0,0.00005300,BTC,899.6422341958436,0.0,0.00104336,157
0,[],22,[],2019-03-08 05:39:00,0.0,0,0,6874283,2019-03-08 05:39:00,,50175.67608608,0.0,0,,54079135.04179466,0.0,0.0,158
,[],17,[],2018-11-20 22:56:10,0.0,0,0,4861976,2018-11-20 22:56:10,btc,1.1265625,0.0,,btc,1000.0,0.0,0.0,159
,[],20,[],2018-11-20 22:56:12,0.0,0,0,4861977,2018-11-20 22:56:12,btc,11912.7940471,0.0,,btc,34413894.3617,0.0,0.0,159
1,[],12,[],2019-03-08 05:39:02,211579.85496311,0.000007050000000000000263309339609829606843049987219274044036865234375,0.00000000027431409000000003,6874284,2019-03-08 05:39:02,btc,0.37226884816602,0.0,0.000007050000000000000263309339609829606843049987219274044036865234375,btc,7777.44721955,0.0069905186209061,0.0952976267996047,168
1,[],17,[],2019-03-08 05:39:14,29784.95,0.000001,0.0000000000389098,6874285,2019-03-08 05:39:14,btc,0.03026736251542,0.0,0.000001,btc,144.46171372,0.0,0.00716147,168
0,[],22,[],2019-03-07 13:06:36,0.0,0,0,6867364,2019-03-07 13:06:36,,1.1339604,0.0,0,,520283.17470714403,0.0,0.0,169
1,[],22,[],2019-03-08 05:39:18,310867.6666666667,0.00000008,0.0000000000031127840000000003,6874286,2019-03-08 05:39:18,BTC,14.35046903,0.0,0.00000008,BTC,156205.65757046544,0.00054107,0.00711407,171
1,[],22,[],2019-03-08 05:39:24,353732.7916666667,0.00000012,0.000000000004669176,6874287,2019-03-08 05:39:24,BTC,2.19126031,0.0,0.00000012,"BTC,LTC",263163.090679189,0.00033635,0.02199787,173
1,[],5,[],2019-03-05 01:59:40,0.0,0,0,6845846,2019-03-05 01:59:40,btc,0.0,0.00384852,0,btc,0.0,0.0,0.0,175
1,[],22,[],2019-03-08 05:39:54,36500.0,0.00000021,0.000000000008171058000000001,6874288,2019-03-08 05:39:54,BTC,0.54826403,0.0,0.00000021,BTC,138776.41384013777,0.0,0.00227,176
1,[],7,[],2019-03-08 05:39:56,0.0,0,0,6874289,2019-03-08 05:39:56,btc,410914.4951967229,0.0,0,btc,117143049.56236699,0.0,0.0,178
0,[],22,[],2019-03-08 05:39:58,0.0,0,0,6874290,2019-03-08 05:39:58,,1.00242438,0.0,0,,57522.0,0.0,0.0,178
0,[],2,[],2019-01-20 23:28:34,0.0,0,0,6477001,2019-01-20 23:28:34,,0.0,0.0,0,,0.0,0.0,0.0,178
0,[],23,[],2019-01-20 23:25:08,0.0,0,0,6476952,2019-01-20 23:25:08,,0.0,0.0,0,,0.0,0.0,0.0,179
1,[],5,[],2019-03-08 05:40:00,0.0,0,0,6874291,2019-03-08 05:40:00,btc,0.0,0.11810218,0,btc,0.0,0.0,0.0,179
1,[],22,[],2019-03-08 05:40:08,6945951.5,0.00000002,0.0000000000007781960000000001,6874292,2019-03-08 05:40:08,BTC,5.67356573,0.0,0.00000002,"BTC,LTC",18498890.756535422,2.671e-05,0.37385975,179
1,[],17,[],2019-03-08 04:40:31,10504.725,0.0000001,0.0000000000038845799999999996,6873907,2019-03-08 04:40:31,btc,5.201069583844547,0.0,0.0000001,btc,5033.45945,0.0,0.0010504725,180
1,[],22,[],2019-03-08 05:40:23,658508.9301435407,0.00000095,0.00000000003696431,6874293,2019-03-08 05:40:23,BTC,0.25743861,0.0,0.00000095,"BTC,LTC",92279.95397841684,0.0026965502475063676,0.56282059,180
1,[],26,[],2019-03-08 05:40:24,0.0,0.00000125,0.00000000004863725,6874294,2019-03-08 05:40:24,btc,0.0,390.0,0.00000125,btc,0.0,0.0,0.0,180
,[],7,[],2018-11-20 22:58:01,562227.975654,0.00000085,0.000000000036176765,4862015,2018-11-20 22:58:01,btc,21836.6059674,2491.87645172,,btc,749999.041456,0.00211021,0.127565380455,183
,[],5,[],2019-01-10 08:11:41,0.0,0,0,6347036,2019-01-10 08:11:41,btc,82.15055501,0.00261,,btc,1.19002445,0.0,0.0,187
,[],17,[],2018-11-16 20:58:10,4062536.27273,0.00000001,0.000000000000550501,4708775,2018-11-16 20:58:10,btc,3.36492563466,0.195460381006,,"btc,eth",110697919.549,0.0,0.0157628953496,187
1,[],24,[],2019-03-08 05:40:24,0.0,0.000000000001,3.89098e-17,6874295,2019-03-08 05:40:24,btc,0.0,0.0,0.000000000001,btc,0.0,0.0,0.0,187
0,[],22,[],2019-03-08 05:40:27,0.0,0,0,6874296,2019-03-08 05:40:27,,7.54802454,0.0,0,,79361.7243344055,0.0,0.0,191
0,[],22,[],2019-03-08 05:40:32,0.0,0,0,6874297,2019-03-08 05:40:32,,0.0,0.0,0,,0.0,0.0,0.0,197
0,[],23,[],2019-01-20 23:31:41,0.0,0,0,6477079,2019-01-20 23:31:41,,0.0,0.0,0,,0.0,0.0,0.0,199
0,[],22,[],2019-03-08 05:40:37,0.0,0,0,6874298,2019-03-08 05:40:37,,5.19077022,0.0,0,,21057953.0,0.0,0.0,199
1,[],26,[],2019-03-08 05:40:37,0.0,0.00000000,0,6874299,2019-03-08 05:40:37,btc,0.0,128905.0,0.00000000,btc,0.0,0.0,0.0,199
0,[],17,[],2019-01-30 16:32:01,0.0,0,0,6540827,2019-01-30 16:32:01,btc,6.802544163788159,0.0,0,btc,105897.55575295,0.0,0.0,200
0,[],2,[],2019-01-20 23:30:49,0.0,0,0,6477059,2019-01-20 23:30:49,,0.0,0.0,0,,0.0,0.0,0.0,201
1,[],4,[],2019-01-25 15:51:35,2084389.58565343,0.00000936,0.000000000333526752,6499557,2019-01-25 15:51:35,btc,2.0092503037378524,0.0,0.00000936,btc,160195.80207885,0.19272417,1.242687955921835,211
1,[],7,[],2019-03-08 05:40:56,1834912.85317351,0.0000011599999999999999051561623553130431218960438854992389678955078125,0.000000000045135368,6874300,2019-03-08 05:40:56,btc,15476653.799891014,56558.2984531,0.0000011599999999999999051561623553130431218960438854992389678955078125,btc,13236257.84901762,0.0,1.6559030612043535,212
1,[],12,[],2019-01-25 02:44:32,207462.42853209,0.000001080000000000000035831255497387193287295303889550268650054931640625,0.000000000038610756000000006,6493050,2019-01-25 02:44:32,btc,85023.03793723314,0.0,0.000001080000000000000035831255497387193287295303889550268650054931640625,btc,43675.73520027,0.000146250909087,0.0348620860622024,213
1,[],5,[],2019-03-08 05:40:57,0.0,0,0,6874301,2019-03-08 05:40:57,btc,0.0,0.08031776,0,btc,0.0,0.0,0.0,213
1,[],24,[],2019-03-08 05:40:57,0.0,0.000000120000,0.000000000004669176,6874302,2019-03-08 05:40:57,btc,0.0,0.0,0.000000120000,btc,0.0,0.0,0.0,213
1,[],26,[],2019-03-08 05:40:57,0.0,0.00000010,0.00000000000389098,6874303,2019-03-08 05:40:57,btc,0.0,0.0,0.00000010,btc,0.0,0.0,0.0,213
1,[],22,[],2019-03-08 05:41:04,73967.0,0.00000003,0.000000000001167294,6874304,2019-03-08 05:41:04,BTC,2.23599134,0.0,0.00000003,BTC,701743.3963726171,0.00025208,0.00163731,216
1,[],27,[],2019-03-08 05:41:07,1298602.0,0.00000003,0.000000000001167294,6874305,2019-03-08 05:41:07,btc,317.9846054547724,0.0,0.00000003,"btc,ltc",240763.990324,0.0,0.0337720400002622,216
1,[],22,[],2019-03-08 05:41:11,160586.32300942903,0.00000184,0.000000000071594032,6874306,2019-03-08 05:41:11,BTC,12673.39765495,0.0,0.00000184,BTC,389275.88676244975,0.06858853,0.17571671,217
1,[],7,[],2019-03-08 05:41:30,0.0,0,0,6874307,2019-03-08 05:41:30,btc,77969.39215740134,0.0,0,btc,136268679.67428493,0.0,0.0,219
0,[],27,[],2019-03-08 05:41:32,0.0,0,0,6874308,2019-03-08 05:41:32,,0.04027288,0.0,0,btc,2037233.0,0.0,0.0,219
0.0000000000000051,[],28,[],2019-03-08 05:41:44,168883579.283,5.661e-18,2.202683778e-22,6874309,2019-03-08 05:41:44,doge,84451.8501148375,20975.033,0.00111000,"btc,doge",3563815.34751,0.0,1.5962013613894267e-11,219
1,[],22,[],2019-03-08 05:41:48,534638.5,0.00000005,0.00000000000194549,6874310,2019-03-08 05:41:48,BTC,2.76226415,0.0,0.00000005,BTC,86245.27041875875,0.00097015,0.02315155,221
1,[],24,[],2019-03-08 05:41:48,0.0,0.000000200000,0.00000000000778196,6874311,2019-03-08 05:41:48,btc,0.0,0.0,0.000000200000,btc,0.0,0.0,0.0,221
1,[],20,[],2019-03-08 05:41:50,39105329.5253,0.000000001,0.0000000000000389098,6874312,2019-03-08 05:41:50,btc,48.4427536687255,172770.0,0.000000001,btc,16154115.0042,0.00034554,0.0391053295253,224
0,[],22,[],2019-03-08 05:41:53,0.0,0,0,6874313,2019-03-08 05:41:53,,0.0,0.0,0,,0.0,0.0,0.0,224
1,[],26,[],2019-03-08 05:41:53,0.0,0.00000035,0.00000000001361843,6874314,2019-03-08 05:41:53,btc,0.0,0.0,0.00000035,btc,0.0,0.0,0.0,231
1,[],26,[],2019-03-08 05:41:53,0.0,0.00000005,0.00000000000194549,6874315,2019-03-08 05:41:53,btc,0.0,100.0,0.00000005,btc,0.0,0.0,0.0,234
0.00000000035150000000000003,[],27,[],2019-03-08 05:41:56,2000.0,3.515e-18,1.3676794700000002e-22,6874316,2019-03-08 05:41:56,eth,0.01134836604,0.0,0.00000001,"btc,eth",11462.996,0.0,7.03e-15,234
1,[],4,[],2019-03-08 05:41:57,829291.24136986,0.00000076,0.000000000029571448000000003,6874317,2019-03-08 05:41:57,btc,4.707255269526563,0.0,0.00000076,btc,1252287.41765668,0.08866663,0.2361135175626048,236
1,[],24,[],2019-03-08 05:41:57,0.0,0.000000300000,0.000000000011672940000000001,6874318,2019-03-08 05:41:57,btc,0.0,0.0,0.000000300000,btc,0.0,0.0,0.0,236
1,[],20,[],2019-03-08 05:42:00,25594671.5902,0.000000055,0.000000000002140039,6874319,2019-03-08 05:42:00,btc,13.7622532385123,7086325.8679,0.000000055,btc,38737998.1344,0.4033751568628,0.3606265080669,237
0.0000000001456691,[],22,[],2019-03-08 05:42:04,751594.9,2.4763747e-17,9.635524430206e-22,6874320,2019-03-08 05:42:04,LTC,0.0405823,0.0,0.00000017,LTC,3164.0,0.0,0.12541949,237
1,[],4,[],2019-03-08 05:42:05,8953406.68607314,0.00000038,0.000000000014785724000000002,6874321,2019-03-08 05:42:05,btc,9.112116337694987,0.0,0.00000038,btc,10336438.46471574,0.37140736,2.2740017647562376,238
1,[],5,[],2019-03-08 05:42:07,0.0,0,0,6874322,2019-03-08 05:42:07,btc,0.0,0.00421998,0,btc,0.0,0.0,0.0,238
0,[],22,[],2019-03-08 05:42:10,0.0,0,0,6874323,2019-03-08 05:42:10,,0.41504177,0.0,0,,481585.5639027493,0.0,0.0,249
0.0000000001456691,[],22,[],2019-03-08 05:42:14,49087204.666666664,5.826764e-18,2.2671822188720004e-22,6874324,2019-03-08 05:42:14,LTC,0.46597212,0.0,0.00000004,LTC,12463851.453636363,2.2136928603909302e-10,1.18162429,252
1,[],28,[],2019-03-08 05:42:21,3494880.767,0.00000038,0.000000000014785724000000002,6874325,2019-03-08 05:42:21,btc,164734.26766710688,120072.761,0.00000038,btc,2944197.4607,0.0,0.6710312518,256
1,[],22,[],2019-03-08 05:42:25,1290561.0,0.00000003,0.000000000001167294,6874326,2019-03-08 05:42:25,BTC,31.45809304,0.0,0.00000003,BTC,721245.3791200279,1e-07,0.01764975,258
1,[],22,[],2019-03-08 05:42:28,48751.0,0.00000001,0.00000000000038909800000000003,6874327,2019-03-08 05:42:28,BTC,2.4175745,0.0,0.00000001,BTC,1762.0,0.0,0.00048751,259
1,[],5,[],2019-03-08 05:42:31,0.0,0,0,6874328,2019-03-08 05:42:31,btc,0.0,0.09788357,0,btc,0.0,0.0,0.0,264
1,[],20,[],2019-03-08 05:42:32,1252621.4675,0.00000191,0.000000000074317718,6874329,2019-03-08 05:42:32,btc,7.4738929906678,145603.2297,0.00000191,btc,108532.3467,0.3046846729425,0.0182640523117,264
0,[],22,[],2019-03-08 05:42:36,0.0,0,0,6874330,2019-03-08 05:42:36,,8.45833143,0.0,0,,464287.34411321935,0.0,0.0,271
0,[],22,[],2019-03-08 05:42:39,0.0,0,0,6874331,2019-03-08 05:42:39,,266.25196304,0.0,0,,13937792667.692,0.0,0.0,272
0.0000000000000051,[],28,[],2019-03-08 05:42:45,243197203537.905,4.794e-21,1.865335812e-25,6874332,2019-03-08 05:42:45,doge,37031451.82232769,16939136410.0,0.00000094,doge,235956118116.0003,0.0,7.102311485511465e-10,272
1,[],22,[],2019-03-08 05:42:51,214721.74,0.00000097,0.000000000037742506,6874333,2019-03-08 05:42:51,BTC,74.45437649,0.0,0.00000097,"BTC,LTC",33883.48778575859,0.011383,0.08391512,281
1,[],22,[],2019-03-08 05:42:55,21098.824175824175,0.00000014,0.000000000005447372,6874334,2019-03-08 05:42:55,BTC,0.51836995,0.0,0.00000014,BTC,115155.39486258465,0.09337988,0.00118304,286
0,[],22,[],2019-03-08 05:42:58,0.0,0,0,6874335,2019-03-08 05:42:58,,43638.74003002,0.0,0,,691637845.0,0.0,0.0,294
