pairValue,buyBook,exchangeId,sellBook,updated,buyTotal,satoshiPrice,usdPrice,exchangeLogId,created,bestPair,sellTotalBtc,volume,pairPrice,activePairs,sellTotal,volumeBtc,buyTotalBtc,coinId
0,[],2,[],2019-01-20 23:28:45,0.0,0,0,6477011,2019-01-20 23:28:45,,0.0,0.0,0,,0.0,0.0,0.0,1
1,[],3,[],2019-02-07 02:04:25,113.131582921721,0.0126097899999999991937915666539993253536522388458251953125,0.000000429626894111,6608882,2019-02-07 02:04:25,btc,106.98695912343402,1.4596432,0.0126097899999999991937915666539993253536522388458251953125,btc,15.616802540772001,0.0,0.303239127701053,1
1,[],4,[],2019-02-07 02:04:26,120138.5951523,0.01259162,0.000000429007825858,6608883,2019-02-07 02:04:26,btc,0.939333696755562,0.0,0.01259162,btc,71.12422508,0.41772719,1.4123764377968084,1
1,[],5,[],2019-02-07 02:04:28,0.21772679,0.01225000,0.00000041736852500000003,6608884,2019-02-07 02:04:28,btc,14578.03095681,0.01228786,0.01225000,btc,35555556.11338991,0.0,1.43877993,1
1,[],10,[],2019-02-07 02:04:31,414827.40598165,0.01140853,0.000000388698884777,6608885,2019-02-07 02:04:31,btc,6533.570518305252,1224.52408343,0.01140853,btc,1071.81141345,0.0,4.394634371730871,1
1,[],12,[],2019-02-07 02:04:33,10439.65528104,0.01264000000000000019373391779708981630392372608184814453125,0.000000430656176,6608886,2019-02-07 02:04:33,btc,0.3297070490029,0.0,0.01264000000000000019373391779708981630392372608184814453125,btc,20.34759402,0.5391629576831,0.3945757622497,1
1,[],20,[],2019-02-07 02:04:34,1149.1772,0.01200001,0.00000040885114070900005,6608887,2019-02-07 02:04:34,btc,0.0580330504203,0.0,0.01200001,btc,2.5989,0.0,0.0843085388377,1
1,[],21,[],2019-02-07 02:04:35,2583.33783813,0.01263305999999999977567721743,0.00000043041972395400004,6608888,2019-02-07 02:04:35,btc,15.791800079891567,2737.9923249000003,0.01263305999999999977567721742843787069432437419891357421875,"btc,eth",1858.7784986,32.771308804872945,25.810113765732936,1
1,[],22,[],2019-02-07 02:04:40,0.0263776,0.01350000,0.00000045995715000000004,6608889,2019-02-07 02:04:40,BTC,0.31397231,0.0,0.01350000,BTC,0.10124366666666666,0.0,0.00034472,1
1,[],24,[],2019-02-07 02:04:40,0.0,0.000000000000,0,6608890,2019-02-07 02:04:40,btc,0.0,0.0,0.000000000000,btc,0.0,0.0,0.0,1
0.0,[],25,[],2019-02-07 02:04:41,0.0,0,0,6608891,2019-02-07 02:04:41,btc,13.856199997933581,2080.13394442,0.0,btc,1048.41103235,26.5865,0.0,1
1,[],26,[],2019-02-07 02:04:51,0.0,0,0,6608892,2019-02-07 02:04:51,,0.0,0.0,0,,0.0,0.0,0.0,1
1,[],28,[],2019-02-07 02:04:55,987.9,0.01131000,0.000000385341879,6608893,2019-02-07 02:04:55,btc,0.162839806,18173.85,0.01131000,btc,8.9,0.0,0.024551096,1
1,[],5,[],2019-02-07 02:04:57,2.212e-05,0.00000075,0.000000000025553175000000002,6608894,2019-02-07 02:04:57,btc,0.14796278,0.02999986,0.00000075,btc,7.133e-05,0.0,0.45603679,2
0.00000000012585259999999999,[],22,[],2019-02-07 02:05:00,1148.0,1.3843786e-16,4.716702484274e-21,6608895,2019-02-07 02:05:00,XMR,4.22135011,0.0,0.00000110,XMR,14604.712016896552,0.0,0.00087635,2
1,[],5,[],2019-02-07 01:53:38,1.25e-06,0.00000016,0.00000000000545216,6608692,2019-02-07 01:53:38,btc,3.47090702,0.01132439,0.00000016,btc,2.204e-05,0.0,2.92884367,3
1,[],12,[],2019-02-07 01:53:39,12370904.1458652,0.000000168,0.000000000005724768,6608693,2019-02-07 01:53:39,btc,921361.5263611563,0.0,0.000000168,btc,8102252.24770557,0.07242368415201995,0.5278024177801908,3
0,[],28,[],2019-02-07 01:53:41,0.0,0,0,6608694,2019-02-07 01:53:41,,0.0,0.0,0,,0.0,0.0,0.0,3
1,[],4,[],2019-02-07 02:05:01,560751.31010758,0.00000032,0.000000000010902688,6608896,2019-02-07 02:05:01,btc,0.3595534581972783,0.0,0.00000032,btc,344082.23008056,0.0,0.0987442231999018,4
0,[],2,[],2019-01-20 23:31:32,0.0,0,0,6477077,2019-01-20 23:31:32,,0.0,0.0,0,,0.0,0.0,0.0,4
1,[],12,[],2019-02-06 17:43:51,1519183.5219999999,0.00000004,0.000000000001361944,6605019,2019-02-06 17:43:51,btc,11013878.268140282,0.0,0.00000004,btc,964899.39031991,0.0009933149650351,0.02495011044,5
0,[],2,[],2019-01-20 23:31:51,0.0,0,0,6477087,2019-01-20 23:31:51,,0.0,0.0,0,,0.0,0.0,0.0,6
1,[],11,[],2019-02-07 01:53:44,10346309.4999525,0.00000002,0.00000000000068152,6608696,2019-02-07 01:53:44,btc,9433.358465814097,26800.0,0.00000002,btc,41595182.18502707,0.0,0.17059767499905001,6
1,[],3,[],2019-02-07 02:05:01,1066.558051320279,0.000150559999999999995050348200464895853656344115734100341796875,0.000000005129714704,6608897,2019-02-07 02:05:01,btc,27.600142753279105,0.0,0.000150559999999999995050348200464895853656344115734100341796875,btc,234.145665820227,0.0,0.03053197781660925,7
1,[],4,[],2019-02-07 02:05:02,21812.68907615,0.00019230,0.00000000655183407,6608898,2019-02-07 02:05:02,btc,1.865454501462648,0.0,0.00019230,btc,8920.63139357,2.05454797,3.5534302329084424,7
1,[],5,[],2019-02-07 02:05:03,0.00619965,0.00019311,0.000000006579431499000001,6608899,2019-02-07 02:05:03,btc,1.53713836,0.29357287,0.00019311,btc,0.0118794,0.0,1.50799866,7
1,[],20,[],2019-02-07 02:05:05,66461509.91,0.000000001,0.0000000000000340709,6608900,2019-02-07 02:05:05,btc,116.1315013062774,0.0,0.000000001,btc,28812144.5195,0.0,0.06646150991,8
1,[],1,[],2019-02-07 02:05:06,1021188.61,0.000001889999999999999903886019510246274677456312929280102252960205078125,0.000000000064394001,6608901,2019-02-07 02:05:06,btc,0.5626467585999999,9349258.75,0.000001889999999999999903886019510246274677456312929280102252960205078125,btc,291961.88,17.52766009,1.8944837178,9
1,[],4,[],2019-02-07 02:05:07,317836.92086152,0.00000186,0.000000000063371874,6608902,2019-02-07 02:05:07,btc,0.9464787336131552,0.0,0.00000186,btc,482117.9545023,1.07113653,0.547627438381913,9
1,[],28,[],2019-02-07 01:53:53,34500.0,0.00000165,0.000000000056225399999999997,6608703,2019-02-07 01:53:53,btc,2708.7727397804,3507289.0,0.00000165,btc,15437.14,0.0,0.02854,9
0,[],2,[],2019-01-20 23:22:42,0.0,0,0,6476876,2019-01-20 23:22:42,,0.0,0.0,0,,0.0,0.0,0.0,9
0,[],23,[],2019-01-20 23:22:48,0.0,0,0,6476878,2019-01-20 23:22:48,,0.0,0.0,0,,0.0,0.0,0.0,9
1,[],4,[],2019-02-04 22:10:59,7341799.37826053,0.00000002,0.000000000000693444,6584299,2019-02-04 22:10:59,btc,0.1999615409270056,0.0,0.00000002,btc,4135980.29534268,0.00062922,0.0786653918652106,10
1,[],4,[],2019-02-07 02:05:19,2245112.19268847,0.00000151,0.000000000051447059,6608904,2019-02-07 02:05:19,btc,1.3238250241592935,0.0,0.00000151,btc,836764.96652003,1.23675428,3.1722841535224804,12
1,[],5,[],2019-02-07 02:05:21,2.694e-05,0.00000147,0.000000000050084223000000005,6608905,2019-02-07 02:05:21,btc,0.65786688,0.5155235,0.00000147,btc,0.00011604,0.0,0.22659708,12
0.0,[],25,[],2019-02-07 01:53:56,0.0,0,0,6608706,2019-02-07 01:53:56,,0.0,0.0,0.0,btc,0.0,0.0,0.0,12
0,[],2,[],2019-01-20 23:23:08,0.0,0,0,6476890,2019-01-20 23:23:08,,0.0,0.0,0,,0.0,0.0,0.0,12
1,[],4,[],2019-02-07 01:53:58,1268330.16150581,0.00000582,0.00000000019832232,6608707,2019-02-07 01:53:58,btc,0.4675603506807865,0.0,0.00000582,btc,74092.20470563,0.38946993,1.03404058929745,13
1,[],21,[],2019-02-07 01:54:01,1457225.3603637,0.000005869999999999999702607680896,0.00000000020002612,6608708,2019-02-07 01:54:01,btc,2.926748824142386,377145.38564516,0.00000586999999999999970260768089591607576949172653257846832275390625,btc,443545.35173096,2.25409674,7.397140883377409,13
1,[],10,[],2019-02-06 20:47:12,675538.60752415,0.00000579,0.000000000197215506,6606701,2019-02-06 20:47:12,btc,666810.5856334516,11757.0012494,0.00000579,btc,755074.18150022,0.0,0.8285766981120432,13
1,[],4,[],2019-02-07 01:54:02,1206829.98997883,0.00000164,0.00000000005588464,6608709,2019-02-07 01:54:02,btc,0.1106947020617774,0.0,0.00000164,btc,51033.8617635,0.00969274,0.521485948900576,14
1,[],12,[],2019-02-07 01:54:04,109640.67863754,0.000001489999999999999921986774779891771203210737439803779125213623046875,0.00000000005077324,6608710,2019-02-07 01:54:04,btc,1.763586523173739,0.0,0.000001489999999999999921986774779891771203210737439803779125213623046875,btc,28150.00592497,0.0,0.037819329999997604,14
0,[],17,[],2019-02-07 01:54:05,0.0,0,0,6608711,2019-02-07 01:54:05,btc,0.0,0.0,0,btc,0.0,0.0,0.0,14
1,[],26,[],2019-02-07 01:54:05,0.0,0.00000049,0.00000000001669724,6608712,2019-02-07 01:54:05,btc,0.0,0.0,0.00000049,btc,0.0,0.0,0.0,14
0,[],4,[],2019-02-07 01:54:07,0.0,0,0,6608713,2019-02-07 01:54:07,,0.0,0.0,0,,0.0,0.0,0.0,15
,[],12,[],2018-12-01 15:15:48,204241.84496,0.00000489,0.000000000202473384,5260204,2018-12-01 15:15:48,btc,49.5475654835,0.0,,btc,35763.2193806,0.0163153972027625,0.0203389899998,15
1,[],4,[],2019-02-07 01:54:09,23708.55433703,0.00001822,0.00000000062086472,6608714,2019-02-07 01:54:09,btc,2.3032417725631404,0.0,0.00001822,btc,11888.79577207,0.03804517,0.0583315637409364,18
1,[],12,[],2019-02-07 01:56:10,200974.82276552,0.0000171300000000000003153900751673432978350319899618625640869140625,0.00000000058372188,6608715,2019-02-07 01:56:10,btc,0.1856885512466319,0.0,0.0000171300000000000003153900751673432978350319899618625640869140625,btc,1708.32700711,0.000155701,0.019787919742702602,18
0,[],17,[],2019-02-07 01:56:11,0.0,0,0,6608716,2019-02-07 01:56:11,btc,0.0,0.0,0,btc,0.0,0.0,0.0,18
0,[],2,[],2019-01-20 23:23:38,0.0,0,0,6476906,2019-01-20 23:23:38,,0.0,0.0,0,,0.0,0.0,0.0,18
1,[],10,[],2019-02-07 01:02:08,789611.02616564,0.0000176,0.00000000059896672,6608565,2019-02-07 01:02:08,btc,15.590562085635508,4066.44279143,0.0000176,btc,12648.47806709,0.0,0.2930842659411866,18
1,[],3,[],2019-02-07 01:56:12,124741.54020746685,0.00002112999999999999928734957521658799350916524417698383331298828125,0.00000000072002588,6608717,2019-02-07 01:56:12,btc,0.4510756535126151,315.423765393,0.00002112999999999999928734957521658799350916524417698383331298828125,btc,5277.930805902641,0.0,0.10079482683175034,19
1,[],4,[],2019-02-07 01:56:13,240001.54963489,0.00002301,0.00000000078408876,6608718,2019-02-07 01:56:13,btc,0.3084315710187447,0.0,0.00002301,btc,10973.70614799,0.7065368,2.511209102153903,19
1,[],5,[],2019-02-07 01:56:15,0.00013112,0.00002500,0.0000000008519,6608719,2019-02-07 01:56:15,btc,0.26566478,0.02086066,0.00002500,btc,0.00301318,0.0,0.15732775,19
1,[],12,[],2019-02-07 01:56:16,134788.30081771,0.0000230300000000000014248324742283102750661782920360565185546875,0.0000000007847702800000001,6608720,2019-02-07 01:56:16,btc,0.029742938716947002,0.0,0.0000230300000000000014248324742283102750661782920360565185546875,btc,304.41205384,0.00018165,0.0321567126494113,19
0,[],27,[],2019-02-07 01:56:18,0.0,0,0,6608721,2019-02-07 01:56:18,,0.0,0.0,0,btc,0.0,0.0,0.0,19
0,[],2,[],2019-01-20 23:24:19,0.0,0,0,6476924,2019-01-20 23:24:19,,0.0,0.0,0,,0.0,0.0,0.0,19
1,[],4,[],2019-02-07 01:56:19,8042346.97209016,0.00000013,0.00000000000442988,6608722,2019-02-07 01:56:19,btc,0.8115322781103699,0.0,0.00000013,btc,1594753.31171721,0.0,0.255683087491571,20
1,[],4,[],2019-02-07 01:56:20,122264894.60142225,0.00000002,0.00000000000068152,6608723,2019-02-07 01:56:20,btc,0.6224738416939943,0.0,0.00000002,btc,16092520.56995158,0.003052,1.4550774762382854,21
1,[],12,[],2019-02-07 01:56:21,19032664.0,0.00000002,0.00000000000068152,6608724,2019-02-07 01:56:21,btc,669.7788089732579,0.0,0.00000002,btc,8561851.65434831,1.674e-05,0.25358563,21
0,[],17,[],2019-02-07 01:56:22,0.0,0,0,6608725,2019-02-07 01:56:22,btc,0.0,0.0,0,btc,0.0,0.0,0.0,21
1,[],12,[],2019-02-07 01:56:24,2156428158.531895,0.0000000001,0.0000000000000034076,6608726,2019-02-07 01:56:24,btc,1729404717701.6162,0.0,0.0000000001,btc,4276289560.139072,0.007024051757443261,0.21564281585318953,23
0,[],27,[],2019-02-07 01:56:26,0.0,0,0,6608727,2019-02-07 01:56:26,,0.426429,0.0,0,eth,426429.0,0.0,0.0,23
1,[],4,[],2019-02-07 01:56:27,385514.38165084,0.00000078,0.00000000002657928,6608728,2019-02-07 01:56:27,btc,0.0769776945555198,0.0,0.00000078,btc,69479.84797619,0.02584874,0.1985851210881931,24
1,[],22,[],2019-02-07 01:56:30,11.76,0.00000100,0.000000000034076,6608729,2019-02-07 01:56:30,BTC,7.415e-05,0.0,0.00000100,BTC,23.919354838709676,0.0,1.176e-05,24
0.0,[],25,[],2019-02-07 01:56:31,0.0,0,0,6608730,2019-02-07 01:56:31,,0.0,0.0,0.0,btc,0.0,0.0,0.0,24
1,[],4,[],2019-02-07 01:56:32,27833737.78952752,0.00000631,0.00000000021501956,6608731,2019-02-07 01:56:32,btc,0.4303637353048483,0.0,0.00000631,btc,36547.46825772,0.17477035,0.4155925437597149,26
1,[],10,[],2019-02-07 01:56:34,731402.69972007,0.00000617,0.00000000021024892,6608732,2019-02-07 01:56:34,btc,25.973984712559563,0.0,0.00000617,btc,12932.8646482,0.0,0.2105269502068188,26
0,[],2,[],2019-01-20 23:25:56,0.0,0,0,6476976,2019-01-20 23:25:56,,0.0,0.0,0,,0.0,0.0,0.0,26
1,[],3,[],2019-02-07 01:56:35,5786888.53135917,0.00000002,0.00000000000068152,6608733,2019-02-07 01:56:35,btc,2.512979286177026,166288.638777,0.00000002,btc,16145309.5169197,0.0,0.0602779902386691,27
1,[],5,[],2019-02-07 01:56:36,3e-08,0.00000002,0.00000000000068152,6608734,2019-02-07 01:56:36,btc,1.51475804,9.135e-05,0.00000002,btc,4.69e-05,0.0,0.11664222,27
1,[],11,[],2019-02-07 01:56:38,10064996.7912115,0.00000005,0.0000000000017037999999999999,6608735,2019-02-07 01:56:38,btc,370.63310344475406,219.9,0.00000005,btc,8170877.7193934005,0.0,0.4661206184459823,27
1,[],4,[],2019-02-07 01:56:39,604141864.1979665,0.00000002,0.00000000000068152,6608736,2019-02-07 01:56:39,btc,0.21633535564774548,0.0,0.00000002,"btc,ltc",30371838.50146613,0.2260567,7.397055035692563,29
1,[],7,[],2019-02-07 01:56:40,32955324.01330905,0.00000003,0.00000000000102228,6608737,2019-02-07 01:56:40,btc,44465205.881898694,6605388.07048,0.00000003,btc,44173417.59813879,0.19907701,0.523103522041282,29
1,[],4,[],2019-02-07 01:56:41,1662847.33904558,0.00000032,0.00000000001090432,6608738,2019-02-07 01:56:41,btc,0.2769416853292767,0.0,0.00000032,btc,558380.02004131,0.0060978,0.1599181478929437,30
0,[],17,[],2019-02-07 01:56:43,0.0,0,0,6608739,2019-02-07 01:56:43,btc,0.0,0.0,0,btc,0.0,0.0,0.0,30
1,[],4,[],2019-02-07 01:56:44,1150553.50075015,0.00006604,0.00000000225037904,6608740,2019-02-07 01:56:44,btc,0.9552654171417864,0.0,0.00006604,btc,12301.21261006,0.97311879,2.979123372926218,31
1,[],21,[],2019-02-07 01:02:43,92146.45412723,0.00006600000000000000506018837942,0.0000000022461252,6608590,2019-02-07 01:02:43,btc,3.8572433554804686,295670.69373602,0.00006600000000000000506018837942434629439958371222019195556640625,btc,52950.77934726,20.05614317,5.664482452895412,31
0,[],2,[],2019-01-20 23:28:43,0.0,0,0,6477009,2019-01-20 23:28:43,,0.0,0.0,0,,0.0,0.0,0.0,32
1,[],4,[],2019-02-07 01:58:45,151027785.5262905,0.00000005,0.0000000000017038,6608741,2019-02-07 01:58:45,btc,2.1305551271826624,0.0,0.00000005,"btc,ltc",42731049.71813312,0.58544483,2.7742387801022517,33
1,[],12,[],2019-02-07 01:58:46,16397179.0,0.00000005,0.0000000000017037999999999999,6608742,2019-02-07 01:58:46,btc,17261791.771510053,0.0,0.00000005,btc,89355446.65534444,0.0391140002497526,0.57170492,33
1,[],4,[],2019-02-07 01:58:47,126591376.50715794,0.00000001,0.00000000000034076,6608743,2019-02-07 01:58:47,btc,0.7716265075124847,0.0,0.00000001,btc,25720883.58374949,1.30625027,1.2659137650715793,34
1,[],5,[],2019-02-07 01:58:49,3e-08,0.00000002,0.00000000000068152,6608744,2019-02-07 01:58:49,btc,3.47253658,1.34159052,0.00000002,btc,1.394e-05,0.0,0.95944921,34
0.0000000000971099,[],4,[],2019-02-07 01:58:50,1298223217.304,2.9132969999999997e-18,9.9273508572e-23,6608745,2019-02-07 01:58:50,ltc,7.878080144607516e-09,0.0,0.00000003,ltc,1628265790.7773836,0.0,2.4539739479770516e-09,36
1,[],5,[],2019-02-07 01:58:51,0.0,0,0,6608746,2019-02-07 01:58:51,btc,193.19395139,0.0,0,btc,1.295e-05,0.0,0.0,36
0,[],17,[],2019-02-07 01:58:52,0.0,0,0,6608747,2019-02-07 01:58:52,btc,0.14185270832674907,0.0,0,btc,10826074.27743647,0.0,0.0,36
0.0000000000971099,[],27,[],2019-02-07 01:58:54,1000000.0,1.9421979999999998e-18,6.6182339048e-23,6608748,2019-02-07 01:58:54,ltc,252.8263276744,0.0,0.00000002,"ltc,eth",3711879.06,0.0,1.942198e-12,36
1,[],4,[],2019-02-07 01:58:55,280863.44344148,0.00000135,0.0000000000460026,6608749,2019-02-07 01:58:55,btc,0.4362150626128933,0.0,0.00000135,btc,241006.99350002,0.05052029,0.1841112661240652,37
1,[],12,[],2019-02-07 01:58:57,453078.17353834,0.000001359999999999999896105784720490294859018831630237400531768798828125,0.00000000004634336,6608750,2019-02-07 01:58:57,btc,1337.8973384490628,0.0,0.000001359999999999999896105784720490294859018831630237400531768798828125,btc,850162.62199578,0.0580304360147575,0.3285755919000119,37
1,[],17,[],2019-02-07 01:58:58,1752.74075282,0.00000025,0.000000000008519,6608751,2019-02-07 01:58:58,btc,0.05548492396445112,0.0,0.00000025,btc,1387.19918473,0.0,0.00043818518820499993,37
1,[],27,[],2019-02-07 01:59:00,16833.0,0.00000052,0.00000000001771952,6608752,2019-02-07 01:59:00,btc,32.34621317030353,0.0,0.00000052,btc,19579.81438508,0.0,0.00570484,37
1,[],5,[],2019-02-07 01:59:01,1.526e-05,0.00000091,0.00000000003100916,6608753,2019-02-07 01:59:01,btc,0.10294647,0.06305216,0.00000091,btc,0.0001062,0.0,0.0480537,42
1,[],12,[],2019-02-07 01:59:03,145876.48234811,0.0000010600000000000000155604695795119596368749625980854034423828125,0.00000000003612056,6608754,2019-02-07 01:59:03,btc,88.07061064552394,0.0,0.0000010600000000000000155604695795119596368749625980854034423828125,btc,100098.07597628,0.0136545747613665,0.049559639999998,42
0,[],27,[],2019-02-07 01:59:05,0.0,0,0,6608755,2019-02-07 01:59:05,,0.00315028,0.0,0,"btc,eth",11.007,0.0,0.0,42
1,[],5,[],2019-02-07 01:59:07,6e-08,0.00000003,0.00000000000102228,6608756,2019-02-07 01:59:07,btc,6.02533621,0.01668796,0.00000003,btc,1.425e-05,0.0,0.52794241,43
1,[],12,[],2019-02-07 01:59:07,6725799.0,0.00000002,0.00000000000068152,6608757,2019-02-07 01:59:07,btc,20007456.46467842,0.0,0.00000002,btc,38832960.74865134,0.00031132997003,0.06729673,43
0,[],17,[],2019-02-07 01:59:09,0.0,0,0,6608758,2019-02-07 01:59:09,btc,0.0,0.0,0,btc,0.0,0.0,0.0,43
1,[],12,[],2019-02-07 01:59:10,853786.0,0.00000006,0.00000000000204456,6608759,2019-02-07 01:59:10,btc,11115166.927750511,0.0,0.00000006,btc,1018626.00399599,0.0038443942857137,0.02486302,44
1,[],4,[],2019-02-07 01:59:11,224630893.3761053,0.00000002,0.00000000000068152,6608760,2019-02-07 01:59:11,btc,0.18524492345587612,0.0,0.00000002,"btc,ltc",4405931.04547867,0.00033021,0.43459436234931426,49
0.0000000000971099,[],4,[],2019-02-07 01:59:13,4577737182.117896,1.9421979999999998e-18,6.6182339048e-23,6608761,2019-02-07 01:59:13,ltc,4.645173504097975,0.0,0.00000002,ltc,1785603133.4963932,0.0,4.69841549169873e-09,52
0,[],22,[],2019-02-07 01:59:25,0.0,0,0,6608762,2019-02-07 01:59:25,,3693.16111,0.0,0,,247825727.90882352,0.0,0.0,57
0,[],27,[],2019-02-07 01:59:27,0.0,0,0,6608763,2019-02-07 01:59:27,,0.0,0.0,0,"btc,eth",0.0,0.0,0.0,57
0.0000000000971099,[],4,[],2019-02-07 01:59:28,1780742230.6089075,4.8554949999999994e-18,1.6545584762e-22,6608764,2019-02-07 01:59:28,ltc,3.281629827043534,0.0,0.00000005,ltc,1139514133.9972956,0.0,6.146854626684018e-09,58
1,[],12,[],2019-02-07 01:59:30,2111649031.175957,0.0000000006,0.0000000000000204456,6608765,2019-02-07 01:59:30,btc,625181485554.1708,0.0,0.0000000006,btc,3390103099.372727,0.02093785963356644,0.7746819284003392,58
0,[],17,[],2019-02-07 01:59:31,0.0,0,0,6608766,2019-02-07 01:59:31,btc,1e+24,0.0,0,btc,41616695.95832568,0.0,0.0,58
0.0000000001259081,[],22,[],2019-02-07 01:59:34,137438.0,1.259081e-18,4.2904444156e-23,6608767,2019-02-07 01:59:34,XMR,69.8835922,0.0,0.00000001,XMR,9887963.0,0.0,0.00137438,58
1,[],5,[],2019-02-07 01:59:35,6.42e-06,0.00000061,0.00000000002078636,6608768,2019-02-07 01:59:35,btc,0.29224992,0.0010353,0.00000061,btc,0.00014342,0.0,0.04455424,61
1,[],22,[],2019-02-07 01:59:38,5111.5,0.00000011,0.00000000000374836,6608769,2019-02-07 01:59:38,BTC,1002.29606732,0.0,0.00000011,BTC,15028.700278135757,0.0,0.00051178,61
1,[],26,[],2019-02-07 01:59:38,0.0,0.00000800,0.000000000272608,6608770,2019-02-07 01:59:38,btc,0.0,0.0,0.00000800,btc,0.0,0.0,0.0,61
1,[],27,[],2019-02-07 01:59:41,100.0,0.00000032,0.00000000001090432,6608771,2019-02-07 01:59:41,btc,0.077778,0.0,0.00000032,"btc,eth",154.84,0.0,3.1e-05,61
1,[],28,[],2019-02-07 01:59:45,6884.304,0.0000006,0.0000000000204456,6608772,2019-02-07 01:59:45,btc,2.059333633700105,700.0,0.0000006,btc,10745.10450005,0.0,0.00216611304,61
1,[],4,[],2019-02-07 01:59:46,376652.78930272,0.00000185,0.0000000000630406,6608773,2019-02-07 01:59:46,btc,0.7534203699719934,0.0,0.00000185,btc,228926.63803571,0.11612268,0.5023669129903331,67
0.0,[],25,[],2019-02-07 01:59:47,0.0,0,0,6608774,2019-02-07 01:59:47,,0.0,0.0,0.0,btc,0.0,0.0,0.0,67
1,[],12,[],2019-02-07 01:59:48,2892823.66344444,0.00000041,0.00000000001397116,6608775,2019-02-07 01:59:48,btc,11115995.427359413,0.0,0.00000041,btc,1981473.26733265,0.0912212605394709,0.0851178564411108,71
,[],5,[],2018-11-20 23:02:39,1.5e-07,0.00000005,0.000000000002128045,4862160,2018-11-20 23:02:39,btc,2.84511358,0.0,,btc,0.00036572,0.0,0.07381892,74
1,[],5,[],2019-01-25 15:53:51,3.303e-05,0.00000156,0.000000000055588884,6499610,2019-01-25 15:53:51,btc,1.42844212,0.0,0.00000156,btc,0.00015937,0.0,0.49487621,75
1,[],4,[],2019-02-07 01:59:49,61335380.82492337,0.00000001,0.00000000000034076,6608776,2019-02-07 01:59:49,btc,0.7643178127338421,0.0,0.00000001,btc,14463797.09306941,0.00040318,0.6133538082492337,81
0,[],20,[],2019-01-25 09:30:31,0.0,0,0,6495923,2019-01-25 09:30:31,btc,0.0,0.0,0,btc,0.0,0.0,0.0,81
1,[],4,[],2019-02-07 01:59:51,23958.5182698,0.00007350,0.000000002504586,6608777,2019-02-07 01:59:51,btc,0.7935502200947167,0.0,0.00007350,btc,7280.92092544,0.00382959,0.0990610814848119,82
1,[],21,[],2019-02-07 01:59:52,78005.4279161,0.00007514999999999999707577663655,0.0000000025608114,6608778,2019-02-07 01:59:52,btc,3.4256058665423508,4059.30868368,0.000075149999999999997075776636545896280949818901717662811279296875,btc,39124.91797892,0.30697247,3.8083427381855492,82
0,[],17,[],2019-02-07 01:59:53,0.0,0,0,6608779,2019-02-07 01:59:53,btc,0.0447233088476774,0.0,0,btc,999127.19588126,0.0,0.0,84
0.0000000000971099,[],4,[],2019-02-07 01:59:55,335561488.49713564,1.1653187999999999e-17,3.97094034288e-22,6608780,2019-02-07 01:59:55,ltc,0.19569063222295024,0.0,0.00000012,ltc,68478993.7923614,0.0,1.3122876481872795e-09,85
,[],22,[],2018-11-20 23:09:34,3408.1,0.0000001,0.0000000000041895,4862324,2018-11-20 23:09:34,BTC,0.04624735,0.0,,BTC,4990.0,0.0,0.00033081,86
1,[],22,[],2019-02-07 01:59:58,740.0,0.00000005,0.0000000000017038,6608781,2019-02-07 01:59:58,BTC,2.07746772,0.0,0.00000005,BTC,141362.94736842104,0.0,3.7e-05,87
0,[],27,[],2019-02-07 02:00:01,0.0,0,0,6608782,2019-02-07 02:00:01,,0.0,0.0,0,btc,0.0,0.0,0.0,87
,[],2,[],2018-11-20 23:10:47,0.0,0,0,4862359,2018-11-20 23:10:47,,0.0,0.0,,,0.0,0.0,0.0,88
1,[],11,[],2019-02-07 02:00:02,96690.33205556,0.00017717000000000001302090379962095312293968163430690765380859375,0.0000000060372449200000005,6608783,2019-02-07 02:00:02,btc,246.6422514395197,6.4655555,0.00017717000000000001302090379962095312293968163430690765380859375,btc,188017.31670503,0.0,6.65539313358054,89
0,[],2,[],2019-01-20 23:31:45,0.0,0,0,6477083,2019-01-20 23:31:45,,0.0,0.0,0,,0.0,0.0,0.0,91
1,[],12,[],2019-02-07 02:00:04,446311.79889492,0.0000038099999999999999440573363040929422140834503807127475738525390625,0.00000000012982956,6608784,2019-02-07 02:00:04,btc,1115.2283185293534,0.0,0.0000038099999999999999440573363040929422140834503807127475738525390625,btc,36031.96182398,0.0079385581387235,0.08798606230000271,91
0,[],17,[],2019-02-07 02:00:05,0.0,0,0,6608785,2019-02-07 02:00:05,btc,0.0,0.0,0,btc,0.0,0.0,0.0,91
0.0000000000971099,[],22,[],2019-02-07 02:00:10,28845304.0,5.826593999999999e-18,1.98547017144e-22,6608786,2019-02-07 02:00:10,LTC,8.80758359,0.0,0.00000006,LTC,76429729.6,0.0,1.18962528,95
1,[],4,[],2019-02-07 02:00:12,139164835.95055494,0.00000001,0.00000000000034076,6608787,2019-02-07 02:00:12,btc,0.8509309911869248,0.0,0.00000001,"btc,ltc",43510586.39789618,0.02435594,0.05453948218559067,96
0,[],12,[],2019-02-07 02:00:13,0.0,0,0,6608788,2019-02-07 02:00:13,btc,255063.47433494555,0.0,0,btc,8863842.32498475,9.99200799201e-05,0.0,96
0,[],17,[],2019-02-07 02:00:15,0.0,0,0,6608789,2019-02-07 02:00:15,btc,0.0,0.0,0,btc,0.0,0.0,0.0,96
1,[],4,[],2019-02-07 02:00:16,1489273.53579514,0.00000033,0.00000000001124508,6608790,2019-02-07 02:00:16,btc,0.2350022617899274,0.0,0.00000033,btc,411568.91347361,0.09818774,0.134065816944894,99
0,[],2,[],2019-01-20 23:23:55,0.0,0,0,6476914,2019-01-20 23:23:55,,0.0,0.0,0,,0.0,0.0,0.0,100
1,[],4,[],2019-02-07 02:00:17,81822.66561173,0.00004346,0.00000000148094296,6608791,2019-02-07 02:00:17,btc,1.1199216128541716,0.0,0.00004346,btc,22802.69841395,2.11136215,2.9420619166592075,100
1,[],22,[],2019-02-07 02:00:20,50000.0,0.00000001,0.00000000000034076,6608792,2019-02-07 02:00:20,BTC,23.50383609,0.0,0.00000001,BTC,11277.22,0.0,0.0005,101
1,[],4,[],2019-02-07 02:00:22,144720.85204633,0.00000101,0.00000000003441676,6608793,2019-02-07 02:00:22,btc,0.3975580846804972,0.0,0.00000101,btc,146440.40210151,0.03048648,0.0954023773350563,103
1,[],12,[],2019-02-07 02:00:23,84477829.590789,0.000000017,0.000000000000579292,6608794,2019-02-07 02:00:23,btc,138278920.83056632,0.0,0.000000017,btc,129025718.28320964,0.06436699896378192,0.6604157165130243,105
1,[],27,[],2019-02-07 02:00:24,10161405.89,0.00000001,0.00000000000034076,6608795,2019-02-07 02:00:24,btc,0.620832568896094,0.0,0.00000001,btc,708411.74181977,0.0,0.1016140589,105
0,[],22,[],2019-02-07 02:00:27,0.0,0,0,6608796,2019-02-07 02:00:27,,1.07253299,0.0,0,,94300.0,0.0,0.0,107
1,[],26,[],2019-02-07 02:00:27,0.0,0.00000000,0,6608797,2019-02-07 02:00:27,btc,0.0,0.0,0.00000000,btc,0.0,0.0,0.0,107
1,[],5,[],2019-02-07 02:00:29,3e-08,0.00000002,0.00000000000068152,6608798,2019-02-07 02:00:29,btc,2.80788514,0.0534189,0.00000002,btc,1.649e-05,0.0,0.11642571,112
1,[],22,[],2019-02-07 02:00:40,16966.0,0.00000001,0.00000000000034076,6608799,2019-02-07 02:00:40,BTC,2.85883288,0.0,0.00000001,BTC,1508529.0833333333,0.0,0.00016966,112
0.0000000003088118,[],27,[],2019-02-07 02:00:42,500000.0,3.0881180000000002e-18,1.0523070896800001e-22,6608800,2019-02-07 02:00:42,eth,1.25132491849924,0.0,0.00000001,"btc,eth",1327.641654,0.0,1.544059e-12,112
1,[],4,[],2019-02-07 02:00:43,477655.84533818,0.00000435,0.0000000001482306,6608801,2019-02-07 02:00:43,btc,0.4201130888723205,0.0,0.00000435,btc,68851.38165339,0.20727083,0.3295638068876435,113
1,[],5,[],2019-02-07 02:00:45,2.384e-05,0.00000390,0.0000000001328964,6608802,2019-02-07 02:00:45,btc,1.0216216,0.00458907,0.00000390,btc,0.00231697,0.0,0.2077259,113
1,[],17,[],2019-02-07 02:00:47,174538.724,0.00000004,0.00000000000136304,6608803,2019-02-07 02:00:47,btc,1.3368030274050104,0.0,0.00000004,btc,51896.221,0.0,0.00308154896,116
0,[],27,[],2019-02-07 02:00:49,0.0,0,0,6608804,2019-02-07 02:00:49,,0.0,0.0,0,btc,0.0,0.0,0.0,116
1,[],4,[],2019-02-07 02:00:50,41900.29234167,0.00002600,0.000000000885976,6608805,2019-02-07 02:00:50,btc,0.3472663264221622,0.0,0.00002600,btc,11054.93937833,1.09539796,0.7892960112371822,120
1,[],7,[],2019-02-07 02:00:51,14720.15235964,0.00001796000000000000083899033553880286717685521580278873443603515625,0.00000000061200496,6608806,2019-02-07 02:00:51,btc,88979.7175318327,0.28810141,0.00001796000000000000083899033553880286717685521580278873443603515625,btc,29745.47234707,1e-05,0.1265432153469912,120
1,[],20,[],2019-02-07 02:00:53,1565914.1136,0.000000015,0.00000000000051114,6608807,2019-02-07 02:00:53,btc,33.7484903655786,43261.8958,0.000000015,btc,1062852.4953,0.000668928437,0.0083486985797,125
1,[],22,[],2019-02-07 02:00:57,3053.0,0.00000001,0.00000000000034076,6608808,2019-02-07 02:00:57,BTC,0.01444889,0.0,0.00000001,BTC,296264.5111111111,0.0,3.053e-05,126
0,[],2,[],2019-01-20 23:25:46,0.0,0,0,6476969,2019-01-20 23:25:46,,0.0,0.0,0,,0.0,0.0,0.0,131
1,[],4,[],2019-02-07 02:00:57,145913.68122982,0.00001700,0.000000000579292,6608809,2019-02-07 02:00:57,btc,0.6536589185753344,0.0,0.00001700,btc,31483.41287168,0.25348128,0.7422075556232247,131
0,[],17,[],2019-02-07 02:00:59,0.0,0,0,6608810,2019-02-07 02:00:59,btc,0.0009561751951600001,0.0,0,btc,35.42829368,0.0,0.0,131
1,[],4,[],2019-02-07 02:01:01,4687.14068365,0.00016025,0.000000005460679,6608811,2019-02-07 02:01:01,btc,1.6396225964392817,0.0,0.00016025,btc,296.13066201,0.00107493,0.02007981178356,135
1,[],3,[],2019-02-07 02:01:02,1829013.72562326,0.00000005,0.0000000000017037999999999999,6608812,2019-02-07 02:01:02,btc,0.14020865780407019,53609.8975476,0.00000005,btc,451629.46684884,0.0,0.0673182211089435,136
1,[],4,[],2019-02-07 02:01:03,82152.32010856,0.00000173,0.00000000005895148,6608813,2019-02-07 02:01:03,btc,0.071213694108552,0.0,0.00000173,btc,33284.66592107,0.02088399,0.1091881378656496,137
1,[],12,[],2019-02-07 02:01:04,314836.69349969,0.00000172000000000000004922169442866941579950434970669448375701904296875,0.00000000005861072000000001,6608814,2019-02-07 02:01:04,btc,11982.945938074912,0.0,0.00000172000000000000004922169442866941579950434970669448375701904296875,btc,157804.09369316,4.52065434622e-05,0.0573574543350869,137
1,[],5,[],2019-02-07 02:01:05,0.00167871,0.00004723,0.00000000160940948,6608815,2019-02-07 02:01:05,btc,9.91862388,3.9371,0.00004723,btc,0.00535233,0.0,1.46821674,142
1,[],17,[],2019-02-07 02:01:07,12500.0,0.0000001,0.0000000000034075999999999997,6608816,2019-02-07 02:01:07,btc,20.261021578985726,0.0,0.0000001,btc,5931.99821453,0.0,0.00125,142
1,[],20,[],2019-02-07 02:01:09,149884.9393,0.000040555,0.00000000138195218,6608817,2019-02-07 02:01:09,btc,3.117606365767,0.0,0.000040555,btc,6014.3882,0.0,0.2560331045843,142
1,[],22,[],2019-02-07 02:01:12,1010.0,0.00001005,0.0000000003424638,6608818,2019-02-07 02:01:12,BTC,3.00445079,0.0,0.00001005,BTC,898.098,0.0,0.0006307,142
0.0,[],25,[],2019-02-07 02:01:13,0.0,0,0,6608819,2019-02-07 02:01:13,,0.0,0.0,0.0,btc,0.0,0.0,0.0,142
1,[],28,[],2019-02-07 02:01:18,79065.0,0.00004400,0.000000001499344,6608820,2019-02-07 02:01:18,btc,0.04594154168,1177.5957,0.00004400,btc,931.772,0.0,0.0535837,142
0,[],22,[],2019-02-07 02:01:21,0.0,0,0,6608821,2019-02-07 02:01:21,,60.29967435,0.0,0,,812206579.8,0.0,0.0,143
1,[],21,[],2019-02-07 02:01:21,34020061.02819698,0.00000026,0.00000000000885976,6608822,2019-02-07 02:01:21,btc,54.74876285706429,2463080.47196619,0.00000026,btc,94856330.27082726,0.65997403,5.0835251823375645,145
0,[],22,[],2019-02-06 20:50:35,0.0,0,0,6606817,2019-02-06 20:50:35,,3.33248929,0.0,0,,1970827.5,0.0,0.0,146
,[],22,[],2018-11-20 23:01:11,0.0,0,0,4862114,2018-11-20 23:01:11,,2.56807021,0.0,,,61828.4988236,0.0,0.0,147
1,[],12,[],2019-02-07 02:01:23,8687242.82977512,0.00000353999999999999998803908163313991508402978070080280303955078125,0.00000000012062904,6608823,2019-02-07 02:01:23,btc,16.52961997924702,0.0,0.00000353999999999999998803908163313991508402978070080280303955078125,btc,115886.52191469,0.0019105766932716,0.1222067899996664,148
1,[],4,[],2019-02-07 02:01:24,308508.84203134,0.00000028,0.00000000000954128,6608824,2019-02-07 02:01:24,btc,0.9213008154834266,0.0,0.00000028,btc,819391.51473202,0.0,0.0682596103656023,152
0,[],22,[],2019-02-07 02:01:26,0.0,0,0,6608825,2019-02-07 02:01:26,,0.0,0.0,0,,0.0,0.0,0.0,152
1,[],5,[],2019-02-07 02:01:28,0.0,0,0,6608826,2019-02-07 02:01:28,btc,4.42293222,0.0,0,btc,0.00161275,0.0,0.0,153
,[],16,[],2019-01-11 15:38:59,0.0,0,0,6366141,2019-01-11 15:38:59,btc,0.0,0.0,,btc,0.0,0.0,0.0,155
0,[],23,[],2019-01-20 23:24:29,0.0,0,0,6476932,2019-01-20 23:24:29,,0.0,0.0,0,,0.0,0.0,0.0,156
0,[],22,[],2019-02-07 02:01:33,0.0,0,0,6608827,2019-02-07 02:01:33,,6.74512347,0.0,0,,4576272.742592593,0.0,0.0,156
1,[],22,[],2019-02-07 02:01:40,7906.0,0.00000801,0.00000000027294876,6608828,2019-02-07 02:01:40,BTC,43.78801181,0.0,0.00000801,BTC,1067.5805334758436,0.0,0.00743836,157
0,[],22,[],2019-02-07 02:01:43,0.0,0,0,6608829,2019-02-07 02:01:43,,50175.6753658,0.0,0,,54007107.04179466,0.0,0.0,158
,[],17,[],2018-11-20 22:56:10,0.0,0,0,4861976,2018-11-20 22:56:10,btc,1.1265625,0.0,,btc,1000.0,0.0,0.0,159
,[],20,[],2018-11-20 22:56:12,0.0,0,0,4861977,2018-11-20 22:56:12,btc,11912.7940471,0.0,,btc,34413894.3617,0.0,0.0,159
1,[],12,[],2019-02-07 02:01:44,194539.2209144,0.00000948000000000000071450657890270719008185551501810550689697265625,0.00000000032304048,6608830,2019-02-07 02:01:44,btc,6.687443074433091,0.0,0.00000948000000000000071450657890270719008185551501810550689697265625,btc,14849.55717607,0.005221463520635,0.0940220899324573,168
1,[],17,[],2019-02-07 02:01:46,29784.95,0.000001,0.000000000034076,6608831,2019-02-07 02:01:46,btc,0.03026736251542,0.0,0.000001,btc,144.46171372,0.0,0.00716147,168
0,[],22,[],2019-02-06 12:36:32,0.0,0,0,6600935,2019-02-06 12:36:32,,1.14688224,0.0,0,,677302.5900917595,0.0,0.0,169
1,[],22,[],2019-02-07 02:01:49,228500.0,0.00000024,0.00000000000817824,6608832,2019-02-07 02:01:49,BTC,10.3293684,0.0,0.00000024,BTC,126343.5712817009,0.00591933,0.02364,171
1,[],22,[],2019-02-07 02:01:53,255092.31547619047,0.00000024,0.00000000000817824,6608833,2019-02-07 02:01:53,BTC,2.63516889,0.0,0.00000024,BTC,232816.17545635236,0.0,0.02462075,173
1,[],5,[],2019-02-07 02:01:55,2.04e-05,0.00000314,0.00000000010699864,6608834,2019-02-07 02:01:55,btc,0.38320058,0.04009372,0.00000314,btc,0.0002871,0.0,0.70370843,175
1,[],22,[],2019-02-07 02:01:59,52749.25714285715,0.0000006,0.0000000000204456,6608835,2019-02-07 02:01:59,BTC,0.63358303,0.0,0.0000006,BTC,155090.40184992214,0.0,0.01833557,176
1,[],7,[],2019-02-07 02:02:00,0.0,0,0,6608836,2019-02-07 02:02:00,btc,233187.7209713411,0.0,0,btc,115003345.8074238,0.0,0.0,178
0,[],22,[],2019-02-07 02:02:04,0.0,0,0,6608837,2019-02-07 02:02:04,,1.00242428,0.0,0,,57512.0,0.0,0.0,178
0,[],2,[],2019-01-20 23:28:34,0.0,0,0,6477001,2019-01-20 23:28:34,,0.0,0.0,0,,0.0,0.0,0.0,178
0,[],23,[],2019-01-20 23:25:08,0.0,0,0,6476952,2019-01-20 23:25:08,,0.0,0.0,0,,0.0,0.0,0.0,179
1,[],5,[],2019-02-07 02:02:05,3e-08,0.00000002,0.00000000000068152,6608838,2019-02-07 02:02:05,btc,16.90487593,0.05064095,0.00000002,btc,2.088e-05,0.0,1.00503982,179
1,[],22,[],2019-02-07 02:02:10,8340773.0,0.00000002,0.00000000000068152,6608839,2019-02-07 02:02:10,BTC,5.51804142,0.0,0.00000002,"BTC,LTC",18726503.068656635,4.65e-05,0.3940753,179
1,[],17,[],2019-02-07 02:02:12,10504.725,0.0000001,0.0000000000034075999999999997,6608840,2019-02-07 02:02:12,btc,5.206166879877192,0.0,0.0000001,btc,6755.0074587,0.0,0.0010504725,180
1,[],22,[],2019-02-07 02:02:17,30971.945454545454,0.00000011,0.00000000000374836,6608841,2019-02-07 02:02:17,BTC,0.09643603,0.0,0.00000011,"BTC,LTC",17090.39315481,0.0,0.00327637,180
1,[],26,[],2019-02-07 02:02:17,0.0,0.00000010,0.0000000000034076,6608842,2019-02-07 02:02:17,btc,0.0,50.0,0.00000010,btc,0.0,0.0,0.0,180
,[],7,[],2018-11-20 22:58:01,562227.975654,0.00000085,0.000000000036176765,4862015,2018-11-20 22:58:01,btc,21836.6059674,2491.87645172,,btc,749999.041456,0.00211021,0.127565380455,183
,[],5,[],2019-01-10 08:11:41,0.0,0,0,6347036,2019-01-10 08:11:41,btc,82.15055501,0.00261,,btc,1.19002445,0.0,0.0,187
,[],17,[],2018-11-16 20:58:10,4062536.27273,0.00000001,0.000000000000550501,4708775,2018-11-16 20:58:10,btc,3.36492563466,0.195460381006,,"btc,eth",110697919.549,0.0,0.0157628953496,187
1,[],24,[],2019-02-07 02:02:17,0.0,0.000000000001,3.4076e-17,6608843,2019-02-07 02:02:17,btc,0.0,0.0,0.000000000001,btc,0.0,0.0,0.0,187
0,[],22,[],2019-02-07 02:02:20,0.0,0,0,6608844,2019-02-07 02:02:20,,1.19383767,0.0,0,,14406.036201072173,0.0,0.0,191
0,[],22,[],2019-02-07 02:02:26,0.0,0,0,6608845,2019-02-07 02:02:26,,0.0,0.0,0,,0.0,0.0,0.0,197
0,[],23,[],2019-01-20 23:31:41,0.0,0,0,6477079,2019-01-20 23:31:41,,0.0,0.0,0,,0.0,0.0,0.0,199
1,[],26,[],2019-02-07 02:02:27,0.0,0.00000000,0,6608846,2019-02-07 02:02:27,btc,0.0,759497.0,0.00000000,btc,0.0,0.0,0.0,199
0,[],17,[],2019-01-30 16:32:01,0.0,0,0,6540827,2019-01-30 16:32:01,btc,6.802544163788159,0.0,0,btc,105897.55575295,0.0,0.0,200
0,[],2,[],2019-01-20 23:30:49,0.0,0,0,6477059,2019-01-20 23:30:49,,0.0,0.0,0,,0.0,0.0,0.0,201
1,[],4,[],2019-01-25 15:51:35,2084389.58565343,0.00000936,0.000000000333526752,6499557,2019-01-25 15:51:35,btc,2.0092503037378524,0.0,0.00000936,btc,160195.80207885,0.19272417,1.242687955921835,211
1,[],7,[],2019-02-07 02:02:31,4253855.54414792,0.0000015000000000000000380012861456169304119612206704914569854736328125,0.000000000051114,6608847,2019-02-07 02:02:31,btc,16567788.779104836,1581249.33865,0.0000015000000000000000380012861456169304119612206704914569854736328125,btc,10445487.07389737,0.0,3.9692872405244586,212
1,[],12,[],2019-01-25 02:44:32,207462.42853209,0.000001080000000000000035831255497387193287295303889550268650054931640625,0.000000000038610756000000006,6493050,2019-01-25 02:44:32,btc,85023.03793723314,0.0,0.000001080000000000000035831255497387193287295303889550268650054931640625,btc,43675.73520027,0.000146250909087,0.0348620860622024,213
1,[],5,[],2019-02-07 02:02:33,5.01e-06,0.00000035,0.0000000000119266,6608848,2019-02-07 02:02:33,btc,1.20675283,0.14780388,0.00000035,btc,3.175e-05,0.0,0.55519473,213
1,[],24,[],2019-02-07 02:02:33,0.0,0.000000050000,0.0000000000017038,6608849,2019-02-07 02:02:33,btc,0.0,0.0,0.000000050000,btc,0.0,0.0,0.0,213
1,[],26,[],2019-02-07 02:02:33,0.0,0.00000009,0.00000000000306684,6608850,2019-02-07 02:02:33,btc,0.0,0.0,0.00000009,btc,0.0,0.0,0.0,213
1,[],22,[],2019-02-07 02:02:37,276400.0,0.00000002,0.00000000000068152,6608851,2019-02-07 02:02:37,BTC,70.20368422,0.0,0.00000002,BTC,291693.63137942314,0.00015,0.004714,216
1,[],27,[],2019-02-07 02:02:40,5049502.0,0.00000002,0.00000000000068152,6608852,2019-02-07 02:02:40,btc,313.98494254952,22327.0,0.00000002,"btc,ltc",288778.48811,0.00759118,0.05099104,216
1,[],22,[],2019-02-07 02:02:44,334925.0695775665,0.00000290,0.0000000000988204,6608853,2019-02-07 02:02:44,BTC,12677.26822897,0.0,0.00000290,BTC,415738.1888135356,0.36129073,0.53018328,217
1,[],7,[],2019-02-07 02:02:45,0.0,0,0,6608854,2019-02-07 02:02:45,btc,77970.02600413912,0.0,0,btc,134531561.1214003,0.0,0.0,219
0,[],27,[],2019-02-07 02:02:48,0.0,0,0,6608855,2019-02-07 02:02:48,,5.3418937883169715,0.0,0,btc,1605140.99226592,0.0,0.0,219
0.0000000000000054,[],28,[],2019-02-07 02:02:53,203942515.944,6.0210000000000005e-18,2.05171596e-22,6608856,2019-02-07 02:02:53,doge,88584.0309717675,19227.9,0.00111500,"btc,doge",4974437.69751,0.0,2.1502717201779642e-11,219
1,[],22,[],2019-02-07 02:02:56,216386.0,0.00000086,0.00000000002930536,6608857,2019-02-07 02:02:56,BTC,2.81701609,0.0,0.00000086,BTC,43914.58953748975,0.02759548,0.02828888,221
1,[],24,[],2019-02-07 02:02:56,0.0,0.000000610000,0.00000000002078636,6608858,2019-02-07 02:02:56,btc,0.0,27703.36235,0.000000610000,btc,0.0,0.10480794,0.0,221
1,[],20,[],2019-02-07 02:02:59,6308636.1943,0.000000007,0.000000000000238532,6608859,2019-02-07 02:02:59,btc,5.9928636975851,26622.4949,0.000000007,btc,7567448.6845,0.0002221580026,0.0150812378152,224
0,[],22,[],2019-02-07 02:03:01,0.0,0,0,6608860,2019-02-07 02:03:01,,0.0,0.0,0,,0.0,0.0,0.0,224
1,[],26,[],2019-02-07 02:03:02,0.0,0.00000022,0.00000000000749672,6608861,2019-02-07 02:03:02,btc,0.0,0.0,0.00000022,btc,0.0,0.0,0.0,231
1,[],26,[],2019-02-07 02:03:03,0.0,0.00000005,0.0000000000017038,6608862,2019-02-07 02:03:03,btc,0.0,100.0,0.00000005,btc,0.0,0.0,0.0,234
0,[],27,[],2019-02-07 02:03:05,0.0,0,0,6608863,2019-02-07 02:03:05,,0.0113483662182,0.0,0,"btc,eth",11462.99618,0.0,0.0,234
0,[],22,[],2019-02-07 02:03:17,0.0,0,0,6608864,2019-02-07 02:03:17,,3.02469477,0.0,0,,99242433.81349206,0.0,0.0,235
1,[],4,[],2019-02-07 02:03:18,867830.04096286,0.00000058,0.00000000001976408,6608865,2019-02-07 02:03:18,btc,0.14075707284249,0.0,0.00000058,btc,131148.30360706,0.05320475,0.1893782273835593,236
1,[],24,[],2019-02-07 02:03:18,0.0,0.000000010000,0.00000000000034076,6608866,2019-02-07 02:03:18,btc,0.0,0.0,0.000000010000,btc,0.0,0.0,0.0,236
1,[],20,[],2019-02-07 02:03:20,20897914.4871,0.00000006,0.00000000000204456,6608867,2019-02-07 02:03:20,btc,16.280228684668,25592681.1491,0.00000006,btc,26411393.4419,1.5292007059915,0.4021563094223,237
0,[],22,[],2019-02-07 02:03:24,0.0,0,0,6608868,2019-02-07 02:03:24,,0.04083605,0.0,0,,4179.0,0.0,0.0,237
1,[],4,[],2019-02-07 02:03:24,4760792.2330641,0.00000034,0.00000000001158584,6608869,2019-02-07 02:03:24,btc,0.5189968221876454,0.0,0.00000034,btc,1310512.07983845,0.10348478,1.4926026362779925,238
1,[],5,[],2019-02-07 02:03:25,3.93e-06,0.00000033,0.00000000001124508,6608870,2019-02-07 02:03:25,btc,0.77689134,0.06762465,0.00000033,btc,2.957e-05,0.0,0.24303694,238
1,[],22,[],2019-02-07 02:03:29,118965.33333333333,0.00000003,0.00000000000102228,6608871,2019-02-07 02:03:29,BTC,15.41456983,0.0,0.00000003,BTC,316933.8139027493,0.00073072,0.00356896,249
0.0000000000971099,[],22,[],2019-02-07 02:03:34,1258373.0,2.9132969999999997e-18,9.9273508572e-23,6608872,2019-02-07 02:03:34,LTC,4.03395063,0.0,0.00000003,LTC,14505871.09,0.0,0.03675421,252
1,[],28,[],2019-02-07 02:03:39,2351208.286,0.00000009,0.00000000000306684,6608873,2019-02-07 02:03:39,btc,164692.2993508189,11976.3,0.00000009,btc,675372.1485,0.0,0.0814213363,256
1,[],22,[],2019-02-07 02:03:43,114807.0,0.00000001,0.00000000000034076,6608874,2019-02-07 02:03:43,BTC,30.2063862,0.0,0.00000001,BTC,455846.02135702135,4.365e-05,0.00114807,258
1,[],22,[],2019-01-26 20:58:41,368451.0,0.00000001,0.000000000000356135,6510120,2019-01-26 20:58:41,BTC,2.642917,0.0,0.00000001,"BTC,LTC",1862.0,0.0,0.02488451,259
1,[],22,[],2019-02-07 02:03:47,5366.601333333333,0.00000750,0.00000000025557,6608875,2019-02-07 02:03:47,BTC,111115.78354377,0.0,0.00000750,BTC,5791.542661517651,0.0,0.03432441,262
1,[],5,[],2019-02-07 02:03:48,6.104e-05,0.00000263,0.00000000008961988,6608876,2019-02-07 02:03:48,btc,1.04574388,0.39865862,0.00000263,btc,0.00070335,0.0,0.24386086,264
1,[],20,[],2019-02-07 02:03:50,1172103.4012,0.00000257,0.00000000008757532,6608877,2019-02-07 02:03:50,btc,5.0363127120103,14042.1036,0.00000257,btc,94140.5732,0.0555092593942,0.0273595339936,264
1,[],22,[],2019-02-07 02:03:54,121796.0,0.00000002,0.00000000000068152,6608878,2019-02-07 02:03:54,BTC,8.46981963,0.0,0.00000002,BTC,344316.64326478855,5.2e-05,0.00193829,271
0,[],22,[],2019-02-07 02:03:56,0.0,0,0,6608879,2019-02-07 02:03:56,,369.95049049,0.0,0,,14650343738.9,0.0,0.0,272
0.0000000000000054,[],28,[],2019-02-07 02:04:02,226437833975.892,5.9400000000000005e-21,2.0241144e-25,6608880,2019-02-07 02:04:02,doge,298870026.9115414,28535933243.07,0.00000110,doge,218064144141.07068,0.0,7.247514856271389e-10,272
1,[],22,[],2019-02-07 02:04:06,15281.0,0.00003000,0.00000000102228,6608881,2019-02-07 02:04:06,BTC,272.15544426,0.0,0.00003000,BTC,1408.389,0.01087341,0.0031548,281
