pairValue,buyBook,exchangeId,sellBook,updated,buyTotal,satoshiPrice,usdPrice,exchangeLogId,created,bestPair,sellTotalBtc,volume,pairPrice,activePairs,sellTotal,volumeBtc,buyTotalBtc,coinId
1,[],3,[],2019-07-16 09:13:56,32918.62980920504,0.007904319999999999402096051426269696094095706939697265625,0.0000008566164522239999,7824425,2019-07-16 09:13:56,btc,9.243416948055593,65.4248920884,0.007904319999999999402096051426269696094095706939697265625,btc,33.74825593381,0.0,0.1918244286713213,1
1,[],4,[],2019-07-16 09:13:57,208255.92633458,0.00783000,0.000000848562156,7824426,2019-07-16 09:13:57,btc,11.374854039786042,0.0,0.00783000,btc,505.06100261,0.96734155,0.5663929457780781,1
1,[],12,[],2019-07-16 09:14:01,87.50413105,0.007810000000000000101862962509358112583868205547332763671875,0.000000846394692,7824427,2019-07-16 09:14:01,btc,0.6375702153303999,0.0,0.007810000000000000101862962509358112583868205547332763671875,btc,27.86823685,1.258393703265,0.171444412577,1
1,[],20,[],2019-07-16 09:14:03,925.0142,0.007811115,0.000000846515528118,7824428,2019-07-16 09:14:03,btc,0.2246928838552,1.2532,0.007811115,btc,18.3255,0.0106832304841,0.120118354446,1
1,[],21,[],2019-07-16 09:14:05,3060.52723505,0.007834950000000000247535325570,0.00000084909860334,7824429,2019-07-16 09:14:05,btc,7.578583580022646,5228.33483583,0.007834950000000000247535325570424902252852916717529296875,"btc,eth",1026.57543549,40.1394725829948,20.37903072571521,1
1,[],22,[],2019-07-16 09:14:08,1.1399,0.00800000,0.0000008669856,7824430,2019-07-16 09:14:08,BTC,0.01739824,0.0,0.00800000,BTC,0.3195712944891207,0.0,0.00213189,1
1,[],24,[],2019-07-16 09:14:09,0.0,0.000000000000,0,7824431,2019-07-16 09:14:09,btc,0.0,0.0,0.000000000000,btc,0.0,0.0,0.0,1
0.0,[],25,[],2019-07-16 09:14:10,0.0,0,0,7824432,2019-07-16 09:14:10,btc,22.699999999444632,10176.5676633,0.0,btc,2803.87906095,82.3084,0.0,1
1,[],26,[],2019-07-16 09:14:18,0.0,0,0,7824433,2019-07-16 09:14:18,,0.0,0.0,0,,0.0,0.0,0.0,1
1,[],28,[],2019-07-16 09:14:55,1040.4,0.007836670000,0.000000849285005244,7824434,2019-07-16 09:14:55,btc,0.380588146,124318.21,0.007836670000,btc,25.2792,0.0,0.272022766,1
1,[],10,[],2019-07-13 08:58:05,251434.9725798,0.00271069,0.00000031407274150500003,7812232,2019-07-13 08:58:05,btc,6515.317158446701,1686.04548878,0.00271069,btc,2002.66956917,0.0,1.2639712180673435,1
1,[],5,[],2019-07-06 00:27:44,0.0,0,0,7800775,2019-07-06 00:27:44,btc,0.0,0.00190933,0,btc,0.0,0.0,0.0,1
0,[],2,[],2019-01-20 23:28:45,0.0,0,0,6477011,2019-01-20 23:28:45,,0.0,0.0,0,,0.0,0.0,0.0,1
1,[],22,[],2019-07-16 09:14:59,11550.3,0.0000002,0.00000000002167464,7824435,2019-07-16 09:14:59,BTC,21.00878619,0.0,0.0000002,"BTC,XMR",19931.59287795317,0.0,0.00143681,2
1,[],5,[],2019-07-06 00:28:14,0.0,0,0,7800785,2019-07-06 00:28:14,btc,0.0,0.00208797,0,btc,0.0,0.0,0.0,2
1,[],12,[],2019-07-16 09:15:01,3390393.191,0.000000071,0.0000000000076944972,7824436,2019-07-16 09:15:01,btc,6945.333531636047,0.0,0.000000071,btc,6791962.09646605,0.045735715841,0.160808114044,3
0,[],28,[],2019-07-16 09:15:02,0.0,0,0,7824437,2019-07-16 09:15:02,,0.0,0.0,0,,0.0,0.0,0.0,3
1,[],5,[],2019-06-03 14:48:58,0.0,0,0,7731126,2019-06-03 14:48:58,btc,0.0,0.05905545,0,btc,0.0,0.0,0.0,3
0,[],2,[],2019-01-20 23:31:32,0.0,0,0,6477077,2019-01-20 23:31:32,,0.0,0.0,0,,0.0,0.0,0.0,4
1,[],4,[],2019-07-16 09:15:03,4524663.6443914,0.00000001,0.000000000001083732,7824438,2019-07-16 09:15:03,btc,51.97007593325121,0.0,0.00000001,btc,1306572.57573822,0.0,0.045246636443914,4
0,[],12,[],2019-07-10 21:32:46,0.0,0,0,7800866,2019-07-10 21:32:46,btc,641.7517620215584,0.0,0,btc,1208658.0779220702,0.0,0.0,5
0,[],2,[],2019-01-20 23:31:51,0.0,0,0,6477087,2019-01-20 23:31:51,,0.0,0.0,0,,0.0,0.0,0.0,6
1,[],11,[],2019-07-16 09:15:05,1172076.67673599,0.00000001,0.000000000001083732,7824439,2019-07-16 09:15:05,btc,9583.559593810252,420000.0,0.00000001,btc,78408032.80704153,0.0,0.0117207667673599,6
1,[],3,[],2019-07-16 09:15:06,11769.435393577165,0.0001089800000000000035176028756467303537647239863872528076171875,0.000000011810511336,7824440,2019-07-16 09:15:06,btc,1026.319074858295,804.920324277,0.0001089800000000000035176028756467303537647239863872528076171875,btc,420.021039941607,0.0,0.043155883756224554,7
1,[],4,[],2019-07-16 09:15:07,332408.65614638,0.00011543,0.000000012509518476,7824441,2019-07-16 09:15:07,btc,12.254700051296442,0.0,0.00011543,btc,63232.24012561,1.32768313,4.321023703098164,7
1,[],5,[],2019-07-06 00:28:21,0.0,0,0,7800789,2019-07-06 00:28:21,btc,0.0,0.38662001,0,btc,0.0,0.0,0.0,7
1,[],20,[],2019-04-07 22:06:50,3201475.0482,0.000000001,0.000000000000051590000000000004,7213932,2019-04-07 22:06:50,btc,30.8005781811902,0.0,0.000000001,btc,23077405.3926,0.0,0.0032014750482,8
1,[],4,[],2019-07-16 09:15:09,2424143.41830537,0.00000057,0.000000000061772724,7824442,2019-07-16 09:15:09,btc,3.193669566857726,0.0,0.00000057,btc,2444776.81463274,0.25872291,0.5680056777161443,9
1,[],28,[],2019-07-16 09:15:21,130043.809,0.00000042,0.000000000045516744,7824443,2019-07-16 09:15:21,btc,2708.7852197151,397747.0,0.00000042,btc,37061.367,0.0,0.03020157978,9
0,[],2,[],2019-01-20 23:22:42,0.0,0,0,6476876,2019-01-20 23:22:42,,0.0,0.0,0,,0.0,0.0,0.0,9
0,[],23,[],2019-01-20 23:22:48,0.0,0,0,6476878,2019-01-20 23:22:48,,0.0,0.0,0,,0.0,0.0,0.0,9
1,[],1,[],2019-02-17 23:31:42,1822507.21,0.00000181000000000000003456111265232042484285557293333113193511962890625,0.000000000066086901,6701244,2019-02-17 23:31:42,btc,3.6990969245,17153386.5,0.00000181000000000000003456111265232042484285557293333113193511962890625,btc,1997391.71,31.11772986,3.2610482446,9
1,[],4,[],2019-02-17 11:22:43,4341674.27126056,0.00000002,0.0000000000007272960000000001,6696112,2019-02-17 11:22:43,btc,0.1997230937751353,0.0,0.00000002,btc,4109766.79808031,0.00215132,0.0479381022052112,10
1,[],5,[],2019-07-05 17:50:59,0.0,0,0,7799863,2019-07-05 17:50:59,btc,0.0,0.04857279,0,btc,0.0,0.0,0.0,12
1,[],4,[],2019-07-16 09:15:22,28205111.2131014,0.00000034,0.000000000036846888,7824444,2019-07-16 09:15:22,btc,5.123001069551768,0.0,0.00000034,btc,5788910.00611834,0.38160419,2.945524935798848,12
0.0,[],25,[],2019-07-16 09:15:24,0.0,0,0,7824445,2019-07-16 09:15:24,,0.0,0.0,0.0,btc,0.0,0.0,0.0,12
0,[],2,[],2019-01-20 23:23:08,0.0,0,0,6476890,2019-01-20 23:23:08,,0.0,0.0,0,,0.0,0.0,0.0,12
1,[],4,[],2019-07-16 09:15:26,603109.84930934,0.00000207,0.000000000224332524,7824446,2019-07-16 09:15:26,btc,1.7744074016496432,0.0,0.00000207,btc,370198.41375393,0.52031758,0.3399311058412387,13
1,[],10,[],2019-07-16 09:15:28,663772.97148112,0.00000205,0.00000000022216505999999999,7824447,2019-07-16 09:15:28,btc,666797.9479958515,19827.9017071,0.00000205,btc,1043835.87755728,0.0,0.1120312456801153,13
1,[],21,[],2019-07-16 09:15:29,10081058.0099355,0.000002089999999999999894835641875,0.00000000022649998799999999,7824448,2019-07-16 09:15:29,btc,3.6806500002994005,1627673.22209373,0.00000208999999999999989483564187542352641457910067401826381683349609375,btc,1364498.92593495,3.49466538,5.5182841230226805,13
1,[],4,[],2019-07-16 09:15:30,1103546.61209155,0.00000069,0.000000000074777508,7824449,2019-07-16 09:15:30,btc,8.341526745129917,0.0,0.00000069,btc,1003952.98613222,0.08837815,0.144665286608837,14
1,[],12,[],2019-07-16 09:15:31,266704.09944877,0.00000065,0.00000000007044258000000001,7824450,2019-07-16 09:15:31,btc,189.67986122728843,0.0,0.00000065,btc,24528.57321381,0.005646347266,0.0266832799999695,14
1,[],26,[],2019-07-16 09:17:31,0.0,0.00000050,0.0000000000541866,7824451,2019-07-16 09:17:31,btc,0.0,0.0,0.00000050,btc,0.0,0.0,0.0,14
0,[],17,[],2019-05-03 00:53:32,0.0,0,0,7558876,2019-05-03 00:53:32,btc,0.0,0.0,0,btc,0.0,0.0,0.0,14
0,[],4,[],2019-07-16 09:17:31,0.0,0,0,7824452,2019-07-16 09:17:31,,0.0,0.0,0,,0.0,0.0,0.0,15
,[],12,[],2018-12-01 15:15:48,204241.84496,0.00000489,0.000000000202473384,5260204,2018-12-01 15:15:48,btc,49.5475654835,0.0,,btc,35763.2193806,0.0163153972027625,0.0203389899998,15
1,[],4,[],2019-07-16 09:17:33,33018.81964787,0.00000775,0.0000000008398923,7824453,2019-07-16 09:17:33,btc,2.3884934610175725,0.0,0.00000775,btc,18439.52040909,0.0409726,0.047904218478517,18
1,[],10,[],2019-07-16 09:17:34,366110.50808149,0.00000803,0.0000000008702367959999999,7824454,2019-07-16 09:17:34,btc,15.23717976690947,2471.5984626,0.00000803,btc,25166.79632792,0.0,0.1079350364029109,18
1,[],12,[],2019-07-16 09:17:35,4200.49007973,0.0000073400000000000000278401433850827828564433730207383632659912109375,0.000000000795459288,7824455,2019-07-16 09:17:35,btc,0.5288908572040488,0.0,0.0000073400000000000000278401433850827828564433730207383632659912109375,btc,2017.46730919,6.7302862e-05,0.0113156323315812,18
0,[],2,[],2019-01-20 23:23:38,0.0,0,0,6476906,2019-01-20 23:23:38,,0.0,0.0,0,,0.0,0.0,0.0,18
0,[],17,[],2019-05-03 00:53:39,0.0,0,0,7558882,2019-05-03 00:53:39,btc,0.0,0.0,0,btc,0.0,0.0,0.0,18
0,[],2,[],2019-01-20 23:24:19,0.0,0,0,6476924,2019-01-20 23:24:19,,0.0,0.0,0,,0.0,0.0,0.0,19
1,[],3,[],2019-07-16 08:47:33,159717.4003715871,0.000007920000000000000403934698189889473951552645303308963775634765625,0.0000000008497589760000001,7824326,2019-07-16 08:47:33,btc,190.59700693734968,16672.454221,0.000007920000000000000403934698189889473951552645303308963775634765625,btc,18555.210868440634,0.0,0.0923735924516135,19
1,[],4,[],2019-07-16 08:47:34,306836.73181599,0.00000611,0.000000000655559008,7824327,2019-07-16 08:47:34,btc,2.5489269184746557,0.0,0.00000611,btc,189083.43352552,0.54728363,0.553198720094773,19
1,[],12,[],2019-07-16 08:47:35,109989.89018159,0.00000408999999999999980433186552719604378580697812139987945556640625,0.000000000438827552,7824328,2019-07-16 08:47:35,btc,0.3642355155865981,0.0,0.00000408999999999999980433186552719604378580697812139987945556640625,btc,3017.42994847,0.0,0.0088308179998041,19
0,[],27,[],2019-07-16 08:47:39,0.0,0,0,7824329,2019-07-16 08:47:39,,0.0,0.0,0,btc,0.0,0.0,0.0,19
1,[],5,[],2019-07-06 02:01:19,0.0,0,0,7800799,2019-07-06 02:01:19,btc,0.0,0.0,0,btc,0.0,0.0,0.0,19
1,[],4,[],2019-07-16 08:47:40,10109815.20478478,0.00000005,0.0000000000053646400000000005,7824330,2019-07-16 08:47:40,btc,5.154892367544921,0.0,0.00000005,btc,2212540.08702876,0.0,0.1126456577405056,20
0,[],4,[],2019-07-16 08:47:41,0.0,0,0,7824331,2019-07-16 08:47:41,,54201.38031540194,0.0,0,,164876653.61072472,0.0,0.0,21
0,[],12,[],2019-07-16 08:47:42,0.0,0,0,7824332,2019-07-16 08:47:42,btc,2616.9279748123076,0.0,0,btc,11275399.02897099,9.120879e-06,0.0,21
0,[],17,[],2019-05-03 00:53:51,0.0,0,0,7558891,2019-05-03 00:53:51,btc,0.0,0.0,0,btc,0.0,0.0,0.0,21
1,[],12,[],2019-07-16 08:49:43,6941796432.026567,0.0000000018,0.00000000000019312704,7824333,2019-07-16 08:49:43,btc,1615660809042.3364,0.0,0.0000000018,btc,2518436658.392612,2.167520099235,3.7470552705312836,23
0.00000000020926440000000002,[],27,[],2019-07-16 08:49:47,78150398.33966026,4.3945524e-17,4.715038317427201e-21,7824334,2019-07-16 08:49:47,eth,1056.1234013896158,0.0,0.00000021,eth,1316175.8012028,0.0,1.868118910873348e-09,23
1,[],4,[],2019-07-16 08:49:48,5845643.37561222,0.00000020,0.000000000021458560000000002,7824335,2019-07-16 08:49:48,btc,11.137998589704907,0.0,0.00000020,btc,1624957.73062975,0.00105662,0.0974541301109683,24
0,[],22,[],2019-07-16 08:49:50,0.0,0,0,7824336,2019-07-16 08:49:50,,0.0,0.0,0,,0.0,0.0,0.0,24
0.0,[],25,[],2019-07-16 08:49:52,0.0,0,0,7824337,2019-07-16 08:49:52,,0.0,0.0,0.0,btc,0.0,0.0,0.0,24
0,[],2,[],2019-01-20 23:25:56,0.0,0,0,6476976,2019-01-20 23:25:56,,0.0,0.0,0,,0.0,0.0,0.0,26
1,[],4,[],2019-07-16 08:49:52,26941491.92781546,0.00000294,0.000000000315440832,7824338,2019-07-16 08:49:52,btc,7.693521248129566,0.0,0.00000294,btc,199056.22542464,0.07144835,0.3760533503619758,26
1,[],10,[],2019-07-16 08:49:54,231461.39468903,0.00000251,0.00000000026930492800000004,7824339,2019-07-16 08:49:54,btc,26.266468488863982,12340.2415879,0.00000251,btc,21821.22693209,0.0,0.0469186633405719,26
1,[],5,[],2019-04-26 09:47:06,0.0,0,0,7465326,2019-04-26 09:47:06,btc,0.0,0.0,0,btc,0.0,0.0,0.0,27
1,[],3,[],2019-06-17 14:30:26,13571825.64059417,0.00000001,0.00000000000092914,7740112,2019-06-17 14:30:26,btc,3.485049956644059,4264730.43754,0.00000001,btc,23500048.28518193,0.0,0.1357182564059417,27
1,[],11,[],2019-07-15 06:07:59,993045.80216525,0.00000001,0.000000000001021634,7819506,2019-07-15 06:07:59,btc,67502.92060589766,178.77941309,0.00000001,btc,6487362.95640949,0.0,0.0099304580216525,27
0.000000000083456,[],4,[],2019-07-16 08:49:55,583499556.1611391,9.18016e-17,9.84965070848e-21,7824340,2019-07-16 08:49:55,ltc,11.252158696561498,0.0,0.00000110,ltc,662903999.8395183,0.08594338,1.2995091958698966e-08,29
1,[],7,[],2019-07-16 08:49:56,0.0,0,0,7824341,2019-07-16 08:49:56,btc,1236880.8400173618,0.0,0,btc,37058682.383180276,0.0,0.0,29
0,[],17,[],2019-05-03 01:11:25,0.0,0,0,7559066,2019-05-03 01:11:25,btc,0.0,0.0,0,btc,0.0,0.0,0.0,30
1,[],4,[],2019-07-16 08:49:58,15137508.39424046,0.00000006,0.000000000006437568000000001,7824342,2019-07-16 08:49:58,btc,2.569245823573956,0.0,0.00000006,btc,2169510.9831277,0.00133028,0.1646777272776773,30
1,[],4,[],2019-07-16 08:51:58,226600.6029526,0.00002595,0.0000000027842481600000003,7824343,2019-07-16 08:51:58,btc,2.921836776951705,0.0,0.00002595,btc,54844.06747164,0.1427178,0.291768941634657,31
1,[],21,[],2019-07-16 08:52:00,717514.43166517,0.00002635999999999999834129210674,0.000000002828238208,7824344,2019-07-16 08:52:00,btc,4.702507273751491,34323.13610071,0.000026359999999999998341292106740496592465206049382686614990234375,btc,132052.80079223,0.93395535,2.4986904408866173,31
0,[],2,[],2019-01-20 23:28:43,0.0,0,0,6477009,2019-01-20 23:28:43,,0.0,0.0,0,,0.0,0.0,0.0,32
1,[],12,[],2019-03-30 07:55:10,40641173.964,0.00000003,0.000000000001228359,7108785,2019-03-30 07:55:10,btc,4233210.82356125,0.0,0.00000003,btc,28378394.68333462,0.0126927883965248,0.90752895892,33
0,[],4,[],2019-07-16 08:52:01,0.0,0,0,7824345,2019-07-16 08:52:01,,0.0,0.0,0,,0.0,0.0,0.0,33
0.000000000083456,[],4,[],2019-07-16 08:52:03,67707197.64211094,2.92096e-17,3.13397977088e-21,7824346,2019-07-16 08:52:03,ltc,4.148870735416199,0.0,0.00000035,ltc,169982889.11197177,0.0,6.989167010989513e-10,34
1,[],5,[],2019-07-06 02:03:46,0.0,0,0,7800811,2019-07-06 02:03:46,btc,0.0,0.0,0,btc,0.0,0.0,0.0,34
0,[],4,[],2019-07-11 00:07:02,0.0,0,0,7801420,2019-07-11 00:07:02,,3.68295914902898e-08,0.0,0,,6667385825.224262,0.0,0.0,36
0.0000000002385992,[],27,[],2019-07-11 00:09:09,11642390.307056,6.9193768e-17,8.4302504017872e-21,7801421,2019-07-11 00:09:09,eth,1120.18186,0.0,0.00000029,"ltc,eth",2270631.0,0.0,1.3601704595377105e-10,36
0.0000000002926451,[],17,[],2019-05-02 18:17:47,200000.0,2.9264510000000002e-18,1.596703856561e-22,7556430,2019-05-02 18:17:47,eth,0.20942468735267253,0.0,0.00000001,"btc,eth",1018272.20243647,0.0,5.852902e-13,36
1,[],5,[],2019-05-31 13:28:21,0.0,0,0,7717484,2019-05-31 13:28:21,btc,0.0,0.0,0,btc,0.0,0.0,0.0,36
1,[],17,[],2019-05-03 01:11:36,211752.74075282,0.00000025,0.000000000013700074999999998,7559074,2019-05-03 01:11:36,btc,0.055484923955058496,0.0,0.00000025,"btc,eth",1387.19918473,0.0,0.0005381851887916605,37
1,[],4,[],2019-07-16 08:52:04,11188954.3710496,0.00000005,0.0000000000053646400000000005,7824347,2019-07-16 08:52:04,btc,19772.145310710763,0.0,0.00000005,btc,792401.17992679,0.005817,0.1324372224165303,37
1,[],12,[],2019-07-16 08:52:05,9335835.18957402,0.00000006,0.000000000006437568,7824348,2019-07-16 08:52:05,btc,135.92839827188504,0.0,0.00000006,btc,2960588.38812047,0.013509665134,0.198798519478701,37
1,[],27,[],2019-07-16 08:54:10,10792.0,0.00000019,0.000000000020385632000000002,7824349,2019-07-16 08:54:10,btc,22.62000024371233,0.0,0.00000019,btc,4248.824835,0.0,0.00164037,37
1,[],12,[],2019-07-16 08:54:12,191010.4576469,0.00000097,0.00000000010407401600000001,7824350,2019-07-16 08:54:12,btc,650.0968506224403,0.0,0.00000097,btc,146227.08282566,0.017026287775,0.0414485592704211,42
1,[],27,[],2019-07-16 08:54:17,11.0,0.00000003,0.0000000000032187840000000004,7824351,2019-07-16 08:54:17,btc,0.07600425,0.0,0.00000003,"btc,eth",18.0,0.0,3.3e-07,42
1,[],5,[],2019-07-06 02:03:47,0.0,0,0,7800812,2019-07-06 02:03:47,btc,0.0,0.14382058,0,btc,0.0,0.0,0.0,42
1,[],12,[],2019-03-13 09:13:29,1112112.0,0.00000001,0.000000000000386531,6919902,2019-03-13 09:13:29,btc,29058.00478931866,0.0,0.00000001,btc,5967681.93306694,9.99000999e-07,0.01112112,43
1,[],5,[],2019-04-26 22:38:52,0.0,0,0,7474154,2019-04-26 22:38:52,btc,0.0,0.02638891,0,btc,0.0,0.0,0.0,43
0,[],17,[],2019-04-26 22:38:53,0.0,0,0,7474155,2019-04-26 22:38:53,btc,0.0,0.0,0,btc,0.0,0.0,0.0,43
1,[],12,[],2019-03-05 01:54:08,639326.02,0.00000004,0.000000000001486676,6845775,2019-03-05 01:54:08,btc,11116042.728239931,0.0,0.00000004,btc,1103841.4595604,0.0003330765234764,0.014975410599999999,44
0.000000000083456,[],4,[],2019-07-16 08:56:19,118106956.7794243,2.002944e-17,2.1490147000320003e-21,7824352,2019-07-16 08:56:19,ltc,4098.499235650652,0.0,0.00000024,ltc,27513649.7673703,0.0,4.3518413470224404e-10,49
0.000000000083456,[],4,[],2019-07-16 08:56:20,311244548.6139862,2.002944e-17,2.1490147000320003e-21,7824353,2019-07-16 08:56:20,ltc,28621.05921680362,0.0,0.00000024,ltc,238418852.40582493,0.0,1.5090589232161964e-09,52
0,[],22,[],2019-07-16 08:56:23,0.0,0,0,7824354,2019-07-16 08:56:23,,10289.83185391,0.0,0,,287184669.4566013,0.0,0.0,57
0,[],27,[],2019-07-16 08:56:32,0.0,0,0,7824355,2019-07-16 08:56:32,,0.0,0.0,0,"btc,eth",0.0,0.0,0.0,57
1,[],17,[],2019-05-03 01:12:09,1200000.0,0.0000000001,0.00000000000000548003,7559085,2019-05-03 01:12:09,btc,1e+24,0.0,0.0000000001,"btc,eth",39516342.31952568,0.0,0.00010000000058666061,58
0,[],4,[],2019-07-16 08:56:33,0.0,0,0,7824356,2019-07-16 08:56:33,,19.72230665632375,0.0,0,,5974677562.44014,0.00088001,0.0,58
0,[],12,[],2019-07-16 08:56:34,0.0,0,0,7824357,2019-07-16 08:56:34,btc,671217818.2941588,0.0,0,btc,3584151761.079917,0.042836974324,0.0,58
0.00000000007909050000000001,[],22,[],2019-07-16 08:58:37,126877.0,7.909050000000001e-19,8.485841198400002e-23,7824358,2019-07-16 08:58:37,XMR,68.17454206,0.0,0.00000001,XMR,9626402.6,0.0,0.00126877,58
1,[],5,[],2019-06-17 14:31:27,0.0,0,0,7740135,2019-06-17 14:31:27,btc,0.0,0.00079154,0,btc,0.0,0.0,0.0,61
0,[],22,[],2019-07-16 08:58:41,0.0,0,0,7824359,2019-07-16 08:58:41,,1000.95215461,0.0,0,,8934.866843792322,0.0,0.0,61
1,[],26,[],2019-07-16 08:58:41,0.0,0.00000013,0.000000000013948064000000001,7824360,2019-07-16 08:58:41,btc,0.0,0.0,0.00000013,btc,0.0,0.0,0.0,61
1,[],27,[],2019-07-16 08:58:46,8400.0,0.00000018,0.000000000019312704000000003,7824361,2019-07-16 08:58:46,btc,1.97314195,0.0,0.00000018,"btc,eth",10936.9,0.0,0.001512,61
1,[],28,[],2019-07-16 08:58:47,40101.0,0.00000004,0.000000000004291712,7824362,2019-07-16 08:58:47,btc,0.242436445415105,458.0,0.00000004,btc,9316.46650005,0.0,0.00100202,61
1,[],4,[],2019-07-16 08:58:48,3631270.14920613,0.00000041,0.000000000043990048000000003,7824363,2019-07-16 08:58:48,btc,3.5833529257215857,0.0,0.00000041,btc,1408059.93351325,0.02272994,1.2360546028516626,67
0.0,[],25,[],2019-07-16 08:58:50,0.0,0,0,7824364,2019-07-16 08:58:50,,0.0,0.0,0.0,btc,0.0,0.0,0.0,67
1,[],12,[],2019-06-02 06:23:14,910048.355,0.00000006,0.000000000005154929999999999,7725270,2019-06-02 06:23:14,btc,5.167005424215783,0.0,0.00000006,btc,738530.60239759,0.003159757462,0.0187188113,71
,[],5,[],2018-11-20 23:02:39,1.5e-07,0.00000005,0.000000000002128045,4862160,2018-11-20 23:02:39,btc,2.84511358,0.0,,btc,0.00036572,0.0,0.07381892,74
1,[],5,[],2019-07-06 00:15:01,0.0,0,0,7800749,2019-07-06 00:15:01,btc,0.0,0.01883861,0,btc,0.0,0.0,0.0,75
0,[],4,[],2019-07-10 21:51:38,0.0,0,0,7800925,2019-07-10 21:51:38,,581890.2410093442,0.0,0,,38279594.33970312,0.0,0.0,81
0,[],20,[],2019-01-25 09:30:31,0.0,0,0,6495923,2019-01-25 09:30:31,btc,0.0,0.0,0,btc,0.0,0.0,0.0,81
1,[],4,[],2019-07-16 08:58:52,166590.13097205,0.00006102,0.000000006547006656,7824365,2019-07-16 08:58:52,btc,58.21351412859386,0.0,0.00006102,btc,121793.92806198,0.35268134,0.3820841750386668,82
1,[],21,[],2019-07-16 08:58:53,301959.75294744,0.00005992000000000000228600124941,0.000000006428984576000001,7824366,2019-07-16 08:58:53,btc,5.231381850514484,1548.52817003,0.0000599200000000000022860012494074766209450899623334407806396484375,btc,57182.12940744,0.09476557,1.7549577232922284,82
0,[],17,[],2019-03-25 22:42:34,0.0,0,0,7038780,2019-03-25 22:42:34,btc,0.0445064681804024,0.0,0,btc,995513.18476001,0.0,0.0,84
0,[],4,[],2019-07-16 08:58:53,0.0,0,0,7824367,2019-07-16 08:58:53,,1.6446420175104473,0.0,0,,603734784.643068,0.0,0.0,85
,[],22,[],2018-11-20 23:09:34,3408.1,0.0000001,0.0000000000041895,4862324,2018-11-20 23:09:34,BTC,0.04624735,0.0,,BTC,4990.0,0.0,0.00033081,86
0,[],22,[],2019-07-16 08:58:56,0.0,0,0,7824368,2019-07-16 08:58:56,,1.87802138,0.0,0,,616186.447368421,0.0,0.0,87
1,[],27,[],2019-07-16 08:58:59,17591.0,0.00000005,0.0000000000053646400000000005,7824369,2019-07-16 08:58:59,btc,6.250621422774,0.0,0.00000005,btc,300278.29336,0.0,0.00047955,87
,[],2,[],2018-11-20 23:10:47,0.0,0,0,4862359,2018-11-20 23:10:47,,0.0,0.0,,,0.0,0.0,0.0,88
1,[],11,[],2019-07-13 06:40:01,299353.97557583,0.0000369999999999999981139219007442164866006351076066493988037109375,0.0000000043049315,7811813,2019-07-13 06:40:01,btc,156.70253706438987,1923.2,0.0000369999999999999981139219007442164866006351076066493988037109375,btc,146186.36192325,0.0,0.8075395878505254,89
0,[],2,[],2019-01-20 23:31:45,0.0,0,0,6477083,2019-01-20 23:31:45,,0.0,0.0,0,,0.0,0.0,0.0,91
0,[],17,[],2019-05-03 01:12:26,0.0,0,0,7559096,2019-05-03 01:12:26,btc,0.0,0.0,0,btc,0.0,0.0,0.0,91
1,[],12,[],2019-07-16 08:59:01,429517.29666889,0.00000043,0.000000000046135904,7824370,2019-07-16 08:59:01,btc,414.9965868011966,0.0,0.00000043,btc,236650.85584967,2.0858e-05,0.0389823874954717,91
1,[],22,[],2019-07-16 09:01:05,75900.0,0.00000001,0.000000000001072928,7824371,2019-07-16 09:01:05,BTC,0.495,0.0,0.00000001,"BTC,LTC",4.95,0.0,0.001659,91
1,[],22,[],2019-07-10 21:56:00,91614.0,0.00000002,0.000000000002352202,7800934,2019-07-10 21:56:00,BTC,11.8980079,0.0,0.00000002,"BTC,LTC",347503.789747713,0.0,0.06622228,95
0,[],17,[],2019-05-03 01:12:32,0.0,0,0,7559100,2019-05-03 01:12:32,btc,0.0,0.0,0,btc,0.0,0.0,0.0,96
0.000000000083456,[],4,[],2019-07-16 09:01:05,562313209.5804303,1.752576e-17,1.880387862528e-21,7824372,2019-07-16 09:01:05,ltc,11.650800251251018,0.0,0.00000021,ltc,174607821.10646632,0.0,6.005207648464192e-10,96
0,[],12,[],2019-07-16 09:01:06,0.0,0,0,7824373,2019-07-16 09:01:06,btc,38.026333377512486,0.0,0,btc,10917482.75124874,0.0,0.0,96
1,[],4,[],2019-04-14 03:32:46,1039404.33283278,0.00000038,0.000000000019245518,7293458,2019-04-14 03:32:46,btc,4.170086055365747,0.0,0.00000038,btc,3097704.34561074,0.06260606,0.1859928211030784,99
0,[],2,[],2019-01-20 23:23:55,0.0,0,0,6476914,2019-01-20 23:23:55,,0.0,0.0,0,,0.0,0.0,0.0,100
1,[],4,[],2019-07-16 09:03:08,206643.6719437,0.00001489,0.000000001597589792,7824374,2019-07-16 09:03:08,btc,8.458123292738849,0.0,0.00001489,btc,169846.82722009,0.20608188,0.707683579620789,100
1,[],22,[],2019-07-16 09:03:11,146000.0,0.00000002,0.000000000002145856,7824375,2019-07-16 09:03:11,BTC,26.50623849,0.0,0.00000002,BTC,10383.92,0.0,0.00162,101
1,[],4,[],2019-07-16 09:03:12,540459.15591586,0.00000124,0.000000000133043072,7824376,2019-07-16 09:03:12,btc,634.8526038703839,0.0,0.00000124,btc,811930.81589119,0.00464116,0.0705983579377442,103
1,[],12,[],2019-07-16 09:03:13,62213510.05301303,0.000000004,0.00000000000042917120000000006,7824377,2019-07-16 09:03:13,btc,349463.08554833004,0.0,0.000000004,btc,112093369.36404595,0.003594939465,0.11734869721205213,105
1,[],27,[],2019-07-16 09:03:18,128591.90050008,0.00000003,0.0000000000032187840000000004,7824378,2019-07-16 09:03:18,btc,208.9479291019637,2500.0,0.00000003,btc,646360.44359946,7.5e-05,0.0020156345150027,105
1,[],22,[],2019-07-10 21:58:18,21333.0,0.00000001,0.000000000001176101,7800942,2019-07-10 21:58:18,BTC,51.38182867,0.0,0.00000001,BTC,470435.0,0.0,0.00021333,107
1,[],26,[],2019-07-10 21:58:18,0.0,0.00000000,0,7800943,2019-07-10 21:58:18,btc,0.0,0.0,0.00000000,btc,0.0,0.0,0.0,107
1,[],5,[],2019-07-06 00:19:31,0.0,0,0,7800761,2019-07-06 00:19:31,btc,0.0,0.0,0,btc,0.0,0.0,0.0,112
0,[],22,[],2019-07-16 09:03:21,0.0,0,0,7824379,2019-07-16 09:03:21,,6.79500102,0.0,0,,3375892.0833333335,0.0,0.0,112
1,[],27,[],2019-07-16 09:03:26,1.0,0.00000001,0.000000000001072928,7824380,2019-07-16 09:03:26,btc,0.0,0.0,0.00000001,"btc,eth",0.0,0.0,1e-08,112
1,[],5,[],2019-07-06 00:19:43,0.0,0,0,7800765,2019-07-06 00:19:43,btc,0.0,0.0,0,btc,0.0,0.0,0.0,113
1,[],4,[],2019-07-16 09:03:29,1043664.61206054,0.00000037,0.000000000039698336000000005,7824381,2019-07-16 09:03:29,btc,6.698180472009856,0.0,0.00000037,btc,1037005.71048357,0.00687524,0.092387603525186,113
1,[],17,[],2019-04-26 02:17:47,162738.278,0.00000004,0.0000000000021069000000000002,7461287,2019-04-26 02:17:47,btc,1.3331140273775473,0.0,0.00000004,btc,51796.221,0.0,0.00230953112,116
1,[],27,[],2019-07-16 09:05:34,95525.16595526,0.00000001,0.000000000001072928,7824382,2019-07-16 09:05:34,btc,3918.96611409,100.0,0.00000001,btc,99457.69,4e-06,0.0009552516595526,116
1,[],7,[],2019-07-16 09:05:37,3772.44830146,0.0000075100000000000000942627052802347265014759614132344722747802734375,0.0000000008057689280000001,7824384,2019-07-16 09:05:37,btc,231231.5502983856,0.0,0.0000075100000000000000942627052802347265014759614132344722747802734375,btc,4244.01829468,0.0,0.0092436468934171,120
1,[],4,[],2019-07-16 09:05:35,1216729.44348472,0.00000236,0.000000000253211008,7824383,2019-07-16 09:05:35,btc,96.74919301390908,0.0,0.00000236,btc,457474.35379791,0.30884034,0.2289596567709742,120
1,[],20,[],2019-04-07 18:42:29,1914137.0852,0.000000035,0.0000000000017871910000000002,7211992,2019-04-07 18:42:29,btc,32.2497668025648,25528.85,0.000000035,btc,1001975.4986,0.00089350975,0.0152723574729,125
1,[],22,[],2019-06-17 14:32:38,10000.0,0.00000001,0.00000000000092914,7740161,2019-06-17 14:32:38,BTC,0.032061,0.0,0.00000001,BTC,299316.7611111111,0.0,0.0001,126
1,[],4,[],2019-07-16 09:05:39,340052.44846795,0.00000280,0.00000000030041984000000004,7824385,2019-07-16 09:05:39,btc,2.506490529349237,0.0,0.00000280,btc,239821.33290077,0.18776397,0.2073718631478757,131
0,[],2,[],2019-01-20 23:25:46,0.0,0,0,6476969,2019-01-20 23:25:46,,0.0,0.0,0,,0.0,0.0,0.0,131
1,[],17,[],2019-05-03 01:13:10,10000.0,0.00000001,0.000000000000548003,7559115,2019-05-03 01:13:10,btc,0.0953976503951408,0.0,0.00000001,btc,5037.62507334,0.0,0.0001,131
1,[],4,[],2019-07-16 09:07:40,4306.99457041,0.00007009,0.000000007520152352,7824386,2019-07-16 09:07:40,btc,0.5131870304005741,0.0,0.00007009,btc,259.27955961,0.0,0.0050623046070868,135
1,[],3,[],2019-07-13 16:51:20,187.26592867,0.00000001,0.000000000001140965,7813490,2019-07-13 16:51:20,btc,419.77407087449336,1935513.62324,0.00000001,btc,3179086.72005867,0.0,1.8726592866999999e-06,136
1,[],4,[],2019-07-16 09:07:41,732251.76495425,0.00000101,0.00000000010836572800000001,7824387,2019-07-16 09:07:41,btc,16.658962650337113,0.0,0.00000101,btc,598689.53725398,0.0080541,0.0721661846691397,137
1,[],12,[],2019-07-16 09:07:43,31566.35710041,0.000001,0.0000000001072928,7824388,2019-07-16 09:07:43,btc,25.49595029952596,0.0,0.000001,btc,76587.01351402,5.194805e-06,0.0050166999999963,137
1,[],4,[],2019-07-16 09:07:44,297708.41542306,0.00000634,0.0000000006802363520000001,7824389,2019-07-16 09:07:44,btc,2.2500069437036148,0.0,0.00000634,btc,130865.84471446,0.40480794,0.2420921291729846,142
1,[],22,[],2019-07-16 09:09:49,10619.88,0.00000200,0.00000000021458560000000002,7824390,2019-07-16 09:09:49,BTC,2.99759384,0.0,0.00000200,BTC,835.7198755539798,0.0,0.00416696,142
0.0,[],25,[],2019-07-16 09:09:51,0.0,0,0,7824391,2019-07-16 09:09:51,,0.0,0.0,0.0,btc,0.0,0.0,0.0,142
1,[],28,[],2019-07-16 09:09:53,76710.0,0.000011100000,0.00000000119095008,7824392,2019-07-16 09:09:53,btc,0.438587390411,4598.0,0.000011100000,btc,1381.1951,0.0,0.0043322,142
1,[],20,[],2019-07-16 08:37:52,114447.8394,0.000005961,0.0000000006421809144000001,7824259,2019-07-16 08:37:52,btc,1.5858218355917,219.3397,0.000005961,btc,9885.6594,0.0013108094341,0.002346155371,142
1,[],17,[],2019-05-03 01:13:16,32967.38636364,0.00000088,0.000000000048224264,7559122,2019-05-03 01:13:16,btc,20.06976206696776,0.0,0.00000088,btc,2746.079105,0.0,0.0105613000000032,142
1,[],5,[],2019-07-06 02:06:10,0.0,0,0,7800822,2019-07-06 02:06:10,btc,0.0,0.00140707,0,btc,0.0,0.0,0.0,142
0,[],22,[],2019-07-16 09:09:55,0.0,0,0,7824393,2019-07-16 09:09:55,,68.37063373,0.0,0,,760031684.3744589,0.0,0.0,143
0,[],22,[],2019-02-25 15:42:22,0.0,0,0,6783783,2019-02-25 15:42:22,,4.2131946,0.0,0,,2322156.0,0.0,0.0,146
,[],22,[],2018-11-20 23:01:11,0.0,0,0,4862114,2018-11-20 23:01:11,,2.56807021,0.0,,,61828.4988236,0.0,0.0,147
1,[],12,[],2019-04-21 06:38:04,193091.5971266,0.00000071,0.000000000037635183,7388679,2019-04-21 06:38:04,btc,2.301232411611175,0.0,0.00000071,btc,9957.48302385,0.00023528,0.0313308199999888,148
1,[],4,[],2019-03-19 21:31:25,255810.0415942,0.00000029,0.000000000011615747,6982695,2019-03-19 21:31:25,btc,218.94922712414143,0.0,0.00000029,btc,793529.37642722,0.00117,0.0608347789473395,152
0,[],22,[],2019-03-19 21:31:27,0.0,0,0,6982696,2019-03-19 21:31:27,,0.0,0.0,0,,0.0,0.0,0.0,152
1,[],5,[],2019-04-26 09:36:59,0.0,0,0,7465040,2019-04-26 09:36:59,btc,0.0,0.0,0,btc,0.0,0.0,0.0,153
,[],16,[],2019-01-11 15:38:59,0.0,0,0,6366141,2019-01-11 15:38:59,btc,0.0,0.0,,btc,0.0,0.0,0.0,155
0,[],22,[],2019-07-16 09:10:00,0.0,0,0,7824394,2019-07-16 09:10:00,,7.42843365,0.0,0,,5840816.592592592,0.0,0.0,156
0,[],23,[],2019-01-20 23:24:29,0.0,0,0,6476932,2019-01-20 23:24:29,,0.0,0.0,0,,0.0,0.0,0.0,156
1,[],22,[],2019-07-16 09:10:08,6996.0,0.00000001,0.000000000001072928,7824395,2019-07-16 09:10:08,BTC,1.7543039,0.0,0.00000001,BTC,57.0,0.0,6.996e-05,157
0,[],22,[],2019-07-16 09:10:11,0.0,0,0,7824396,2019-07-16 09:10:11,,50234.60468402,0.0,0,,54786159.03179465,0.0,0.0,158
,[],17,[],2018-11-20 22:56:10,0.0,0,0,4861976,2018-11-20 22:56:10,btc,1.1265625,0.0,,btc,1000.0,0.0,0.0,159
,[],20,[],2018-11-20 22:56:12,0.0,0,0,4861977,2018-11-20 22:56:12,btc,11912.7940471,0.0,,btc,34413894.3617,0.0,0.0,159
1,[],12,[],2019-07-10 22:05:17,232905.70345548,0.0000063199999999999996293047720141711209862478426657617092132568359375,0.000000000743295832,7800964,2019-07-10 22:05:17,btc,9.923963040252861,0.0,0.0000063199999999999996293047720141711209862478426657617092132568359375,btc,15215.45465465,0.0062861,0.033379940599723996,168
1,[],17,[],2019-05-03 01:13:36,42852.0,0.00000002,0.000000000001096006,7559132,2019-05-03 01:13:36,btc,0.04279856251542,0.0,0.00000002,btc,274.46171372,0.0,0.00052852,168
1,[],22,[],2019-05-17 03:01:52,10.0,0.00000001,0.000000000000778341,7642059,2019-05-17 03:01:52,BTC,41.95893009,0.0,0.00000001,BTC,1753972.7737547632,0.0,1e-07,169
1,[],22,[],2019-07-16 09:10:15,71209.0,0.00000001,0.000000000001072928,7824397,2019-07-16 09:10:15,BTC,27.84060176,0.0,0.00000001,"BTC,LTC",260026.94947371836,2.882e-05,0.00090209,171
1,[],22,[],2019-07-16 09:10:18,439152.0,0.00000001,0.000000000001072928,7824398,2019-07-16 09:10:18,BTC,21.25995863,0.0,0.00000001,"BTC,LTC",1441168.2469384319,8.74e-05,0.00735354,173
1,[],5,[],2019-07-06 02:08:45,0.0,0,0,7800830,2019-07-06 02:08:45,btc,0.0,0.00700197,0,btc,0.0,0.0,0.0,175
1,[],22,[],2019-07-16 09:10:22,10000.0,0.00000001,0.000000000001072928,7824399,2019-07-16 09:10:22,BTC,393.97654772,0.0,0.00000001,BTC,136275.61833431243,0.0,0.0001,176
1,[],22,[],2019-07-16 09:10:26,30.0,0.00000001,0.000000000001072928,7824400,2019-07-16 09:10:26,BTC,1.00242428,0.0,0.00000001,BTC,57512.0,0.0,3e-07,178
1,[],7,[],2019-07-01 10:15:32,0.0,0,0,7783526,2019-07-01 10:15:32,btc,521516.2326888725,0.0,0,btc,26809253.73522063,0.0,0.0,178
0,[],2,[],2019-01-20 23:28:34,0.0,0,0,6477001,2019-01-20 23:28:34,,0.0,0.0,0,,0.0,0.0,0.0,178
1,[],5,[],2019-07-06 02:08:50,0.0,0,0,7800832,2019-07-06 02:08:50,btc,0.0,6.904e-05,0,btc,0.0,0.0,0.0,179
0,[],22,[],2019-07-16 09:10:29,0.0,0,0,7824401,2019-07-16 09:10:29,,9.36843169,0.0,0,,14852735.311946675,0.0,0.0,179
0,[],23,[],2019-01-20 23:25:08,0.0,0,0,6476952,2019-01-20 23:25:08,,0.0,0.0,0,,0.0,0.0,0.0,179
1,[],22,[],2019-07-16 09:12:33,739863.5988636364,0.00000039,0.000000000041844192000000004,7824402,2019-07-16 09:12:33,BTC,40.60130188,0.0,0.00000039,"BTC,LTC",159049.4107012939,0.00456543,0.58435943,180
1,[],26,[],2019-07-16 09:12:34,0.0,0.00000010,0.000000000010729280000000001,7824403,2019-07-16 09:12:34,btc,0.0,0.0,0.00000010,btc,0.0,0.0,0.0,180
1,[],17,[],2019-05-03 01:13:56,20504.725000000002,0.0000001,0.00000000000548003,7559141,2019-05-03 01:13:56,btc,5.2010695838400265,0.0,0.0000001,btc,5033.45945,0.0,0.0011504725,180
,[],7,[],2018-11-20 22:58:01,562227.975654,0.00000085,0.000000000036176765,4862015,2018-11-20 22:58:01,btc,21836.6059674,2491.87645172,,btc,749999.041456,0.00211021,0.127565380455,183
,[],5,[],2019-01-10 08:11:41,0.0,0,0,6347036,2019-01-10 08:11:41,btc,82.15055501,0.00261,,btc,1.19002445,0.0,0.0,187
,[],17,[],2018-11-16 20:58:10,4062536.27273,0.00000001,0.000000000000550501,4708775,2018-11-16 20:58:10,btc,3.36492563466,0.195460381006,,"btc,eth",110697919.549,0.0,0.0157628953496,187
1,[],24,[],2019-05-22 21:04:52,0.0,0.000000000014,0.0000000000000010960978,7670219,2019-05-22 21:04:52,btc,0.0,0.0,0.000000000014,btc,0.0,0.0,0.0,187
0,[],22,[],2019-07-13 22:02:15,0.0,0,0,7814314,2019-07-13 22:02:15,,7.54794454,0.0,0,,76361.7243344055,0.0,0.0,191
0,[],22,[],2019-06-17 14:33:34,0.0,0,0,7740182,2019-06-17 14:33:34,,0.0,0.0,0,,0.0,0.0,0.0,197
0,[],22,[],2019-07-16 09:12:37,0.0,0,0,7824404,2019-07-16 09:12:37,,10.5844317,0.0,0,,84460965.0,0.0,0.0,199
1,[],26,[],2019-07-16 09:12:38,0.0,0.00000000,0,7824405,2019-07-16 09:12:38,btc,0.0,0.0,0.00000000,btc,0.0,0.0,0.0,199
0,[],23,[],2019-01-20 23:31:41,0.0,0,0,6477079,2019-01-20 23:31:41,,0.0,0.0,0,,0.0,0.0,0.0,199
0,[],2,[],2019-01-20 23:30:49,0.0,0,0,6477059,2019-01-20 23:30:49,,0.0,0.0,0,,0.0,0.0,0.0,201
1,[],4,[],2019-01-25 15:51:35,2084389.58565343,0.00000936,0.000000000333526752,6499557,2019-01-25 15:51:35,btc,2.0092503037378524,0.0,0.00000936,btc,160195.80207885,0.19272417,1.242687955921835,211
1,[],7,[],2019-07-01 02:21:28,1170054124.6898527,0.00000018,0.000000000019815389999999997,7782694,2019-07-01 02:21:28,btc,1346735.6331920293,0.0,0.00000018,btc,5516233.71348162,0.0,11.954344045954047,212
1,[],12,[],2019-01-25 02:44:32,207462.42853209,0.000001080000000000000035831255497387193287295303889550268650054931640625,0.000000000038610756000000006,6493050,2019-01-25 02:44:32,btc,85023.03793723314,0.0,0.000001080000000000000035831255497387193287295303889550268650054931640625,btc,43675.73520027,0.000146250909087,0.0348620860622024,213
1,[],24,[],2019-07-14 17:01:36,0.0,0.000000200000,0.00000000002082346,7817375,2019-07-14 17:01:36,btc,0.0,0.0,0.000000200000,btc,0.0,0.0,0.0,213
1,[],26,[],2019-07-14 17:01:36,0.0,0.00000040,0.00000000004164692,7817376,2019-07-14 17:01:36,btc,0.0,0.0,0.00000040,btc,0.0,0.0,0.0,213
1,[],5,[],2019-05-30 00:07:46,0.0,0,0,7709357,2019-05-30 00:07:46,btc,0.0,0.06425239,0,btc,0.0,0.0,0.0,213
0,[],22,[],2019-07-16 09:12:43,0.0,0,0,7824406,2019-07-16 09:12:43,,9.54552254,0.0,0,,3658585.214064925,0.0,0.0,216
0,[],27,[],2019-07-16 09:12:48,0.0,0,0,7824407,2019-07-16 09:12:48,,174.1455070140976,0.0,0,"btc,ltc",469967.12534794,0.0,0.0,216
1,[],22,[],2019-07-16 09:12:52,1062857.0,0.00000005,0.0000000000053646400000000005,7824408,2019-07-16 09:12:52,BTC,12055.84531545,0.0,0.00000005,BTC,624128.9750633198,4.85e-06,0.02542626,217
1,[],7,[],2019-06-27 19:02:35,0.0,0,0,7772298,2019-06-27 19:02:35,btc,2123800.2774640615,0.0,0,btc,82333746.4752352,0.0,0.0,219
0,[],27,[],2019-07-15 22:32:56,0.0,0,0,7822580,2019-07-15 22:32:56,,250.20642758069673,0.0,0,btc,46772.535837,0.0,0.0,219
0,[],28,[],2019-07-15 22:33:04,0.0,0,0,7822581,2019-07-15 22:33:04,,0.0,0.0,0,,0.0,0.0,0.0,219
0,[],22,[],2019-07-16 09:12:55,0.0,0,0,7824409,2019-07-16 09:12:55,,57.73116496,0.0,0,,182427.70709740353,0.0,0.0,221
1,[],24,[],2019-07-16 09:12:56,0.0,0.000000010000,0.000000000001072928,7824410,2019-07-16 09:12:56,btc,0.0,0.0,0.000000010000,btc,0.0,0.0,0.0,221
1,[],20,[],2019-06-17 14:34:11,26882155.8301,0.000000003,0.000000000000278742,7740192,2019-06-17 14:34:11,btc,100050.81956632523,233521.3529,0.000000003,btc,38769742.8604,0.0007925640587,0.0306863532672,224
0,[],22,[],2019-06-17 14:34:13,0.0,0,0,7740193,2019-06-17 14:34:13,,0.0,0.0,0,,0.0,0.0,0.0,224
1,[],26,[],2019-07-16 09:12:56,0.0,0.00000022,0.000000000023604416,7824411,2019-07-16 09:12:56,btc,0.0,0.0,0.00000022,btc,0.0,0.0,0.0,231
1,[],26,[],2019-07-16 09:12:57,0.0,0.00000005,0.0000000000053646400000000005,7824412,2019-07-16 09:12:57,btc,0.0,0.0,0.00000005,btc,0.0,0.0,0.0,234
0.00000000020926440000000002,[],27,[],2019-07-16 09:13:01,100.0,2.092644e-18,2.2452563416320004e-22,7824413,2019-07-16 09:13:01,eth,0.0,0.0,0.00000001,"btc,eth",0.0,0.0,2.0926440000000002e-16,234
1,[],4,[],2019-05-22 17:06:12,91780.56053785,0.00000078,0.000000000061977552,7669277,2019-05-22 17:06:12,btc,5.573372450018177,0.0,0.00000078,btc,729173.93529783,0.0,0.0307060663355679,236
1,[],24,[],2019-05-22 17:06:12,0.0,0.000000010000,0.000000000000794584,7669278,2019-05-22 17:06:12,btc,0.0,0.0,0.000000010000,btc,0.0,0.0,0.0,236
1,[],5,[],2019-07-06 02:11:21,0.0,0,0,7800842,2019-07-06 02:11:21,btc,0.0,0.10652887,0,btc,0.0,0.0,0.0,237
1,[],20,[],2019-07-16 09:13:03,141331177.5402,0.000000047,0.000000000005042761600000001,7824414,2019-07-16 09:13:03,btc,539.8811227767767,9047650.4793,0.000000047,btc,34313095.1547,0.4442738465428,0.7179783524042,237
1,[],22,[],2019-07-16 09:13:07,2131868.0,0.00000004,0.000000000004291712,7824415,2019-07-16 09:13:07,BTC,1.20109922,0.0,0.00000004,"BTC,LTC",14430.948717948719,0.0,0.0281597,237
1,[],5,[],2019-07-06 02:11:32,0.0,0,0,7800846,2019-07-06 02:11:32,btc,0.0,0.05525444,0,btc,0.0,0.0,0.0,238
1,[],4,[],2019-07-16 09:13:09,24577108.90763684,0.00000004,0.000000000004291712,7824416,2019-07-16 09:13:09,btc,2.69796762073797,0.0,0.00000004,btc,13355826.21274597,0.03571862,0.3825949438788066,238
0.000000000083456,[],22,[],2019-07-16 09:13:14,419253.0,8.3456000000000005e-19,8.954227916800001e-23,7824417,2019-07-16 09:13:14,LTC,0.40428224,0.0,0.00000001,LTC,497363.0639027493,0.0,0.00419253,249
0,[],22,[],2019-07-16 09:13:17,0.0,0,0,7824418,2019-07-16 09:13:17,,13.44711564,0.0,0,,43776457.3426455,0.0,0.0,252
1,[],28,[],2019-07-16 09:13:18,3234233.716,0.00000005,0.0000000000053646400000000005,7824419,2019-07-16 09:13:18,btc,205.857864453993,1418770.4334,0.00000005,btc,4306354.932,0.0,0.06571152998,256
0.000000000083456,[],22,[],2019-07-16 09:13:22,1517.0,8.3456000000000005e-19,8.954227916800001e-23,7824420,2019-07-16 09:13:22,LTC,31472.74811374,0.0,0.00000001,LTC,783636.028948892,0.0,1.517e-05,258
1,[],22,[],2019-05-19 18:12:02,400.0,0.00000001,0.0000000000007957800000000001,7653905,2019-05-19 18:12:02,BTC,2.415167,0.0,0.00000001,BTC,157.0,0.0,4e-06,259
1,[],20,[],2019-07-16 09:13:24,1000184.0784,0.000000161,0.0000000000172741408,7824421,2019-07-16 09:13:24,btc,0.527130355896,35313.8334,0.000000161,btc,46308.724,0.0126170118419,0.0075383773013,264
1,[],5,[],2019-07-02 14:44:15,0.0,0,0,7788374,2019-07-02 14:44:15,btc,0.0,0.02775788,0,btc,0.0,0.0,0.0,264
0,[],22,[],2019-04-12 17:57:27,0.0,0,0,7278186,2019-04-12 17:57:27,,66.37522201,0.0,0,,677842.4169881374,0.0,0.0,271
0,[],22,[],2019-07-16 09:13:27,0.0,0,0,7824422,2019-07-16 09:13:27,,33050469.74148113,0.0,0,,14261527780.7,0.0,0.0,272
0.000000000000002839,[],28,[],2019-07-16 09:13:29,335745409884.0,2.5551e-22,2.7414383328000005e-26,7824423,2019-07-16 09:13:29,doge,57532733.791789,27014336431.0,0.00000009,doge,104880800428.75565,0.0,2.974268068351414e-11,272
1,[],22,[],2019-05-23 07:12:29,219930.0,0.00000004,0.000000000003048688,7671985,2019-05-23 07:12:29,BTC,426.77835217,0.0,0.00000004,BTC,248664.3325962929,0.0,0.00739728,281
1,[],22,[],2019-07-16 09:13:34,864242.4,0.00000002,0.000000000002145856,7824424,2019-07-16 09:13:34,BTC,6.83879134,0.0,0.00000002,"BTC,LTC",1148577.7620311212,0.00187267,0.02292401,286
0,[],22,[],2019-07-12 21:46:03,0.0,0,0,7810176,2019-07-12 21:46:03,,7337942.20855518,0.0,0,,2077158967.6797826,0.0,0.0,294
