pairValue,buyBook,exchangeId,sellBook,updated,buyTotal,satoshiPrice,usdPrice,exchangeLogId,created,bestPair,sellTotalBtc,volume,pairPrice,activePairs,sellTotal,volumeBtc,buyTotalBtc,coinId
1,[],3,[],2019-01-23 10:33:03,100.353695577355,0.01259774999999999957334129163655234151519834995269775390625,0.000003538167070632742400349294678,6512859,2019-01-23 10:33:03,btc,106.95911506183091,0.179795713077,0.01259774999999999957334129163655234151519834995269775390625,btc,13.329133959131001,0.0,0.12719671322529535,1
1,[],4,[],2019-01-23 10:33:03,25079.18056533,0.01253903,0.000003521675143869030377869475470,6512860,2019-01-23 10:33:03,btc,1.618944765057064,0.0,0.01253903,btc,123.48892898,1.07667076,1.2485192507204903,1
,[],26,[],2018-11-28 08:36:25,0.0,0.02269021,0.000000905623006625,5137884,2018-11-28 08:36:25,btc,0.0,2559.40051283,,btc,0.0,0.0,0.0,1
1,[],5,[],2019-01-23 10:33:06,0.22285315,0.01240003,0.000003482636012054384809390585390,6512861,2019-01-23 10:33:06,btc,14578.54783843,0.05067374,0.01240003,btc,35555556.31761095,0.0,1.31577999,1
1,[],10,[],2019-01-23 10:33:08,269139.90065311,0.0124499,0.000003496642353806876671707824862,6512862,2019-01-23 10:33:08,btc,6368.901208652083,1042.520214,0.0124499,btc,962.7834371,0.0,2.181063318227364,1
1,[],12,[],2019-01-23 10:33:10,10383.70686437,0.01252999999999999947153384027842548675835132598876953125,0.000003519139004586395341076493842,6512863,2019-01-23 10:33:10,btc,0.4727521884772,0.0,0.01252999999999999947153384027842548675835132598876953125,btc,31.32053959,0.1485828640306,0.2582681201614,1
1,[],20,[],2019-01-23 10:33:12,1344.4193,0.010510001,0.000002951808017345731937832397328,6512864,2019-01-23 10:33:12,btc,0.0746164438962,0.0,0.010510001,btc,3.5114,0.0,0.0893555481251,1
1,[],21,[],2019-01-23 10:33:13,2120.71049487,0.0126261099999999994170085670930347987450659275054931640625,0.000003546132176951183711277118292,6512865,2019-01-23 10:33:13,eth,217931528.464816,2574.76597568,0.0126261099999999994170085670930347987450659275054931640625,"btc,eth",2413.44554978,80515142.03056426,172219157.40090623,1
1,[],22,[],2019-01-23 10:33:16,0.0363776,0.01400000,0.000003931998887806028479888209581,6512866,2019-01-23 10:33:16,BTC,0.312,0.0,0.01400000,BTC,0.031,0.0,0.00048472,1
1,[],24,[],2019-01-23 10:33:16,0.0,0.000000000000,0,6512867,2019-01-23 10:33:16,btc,0.0,0.0,0.000000000000,btc,0.0,0.0,0.0,1
1,[],25,[],2019-01-23 10:33:17,312.4814977,0.01250200,0.000003511275006810783432540171156,6512868,2019-01-23 10:33:17,btc,18.27139999877939,943.66412061,0.01250200,btc,1411.64671201,12.213,3.8049999994172716,1
1,[],28,[],2019-01-23 10:33:22,987.9,0.01131000,0.000003176493387220441579109689312,6512869,2019-01-23 10:33:22,btc,0.162839806,35527.5,0.01131000,btc,8.9,0.0,0.024551096,1
0,[],2,[],2019-01-21 03:09:18,0.0,0,0,6478827,2019-01-21 03:09:18,,0.0,0.0,0,,0.0,0.0,0.0,1
1,[],5,[],2019-01-23 10:25:47,1.53e-05,0.00000061,0.00000000017132280868297695,6512687,2019-01-23 10:25:47,btc,0.17966273,0.01181946,0.00000061,btc,6.684e-05,0.0,0.42761161,2
1,[],22,[],2019-01-23 10:25:51,1254.625335862178,0.00000039,0.00000000010953425473173936,6512688,2019-01-23 10:25:51,BTC,0.0231611,0.0,0.00000039,BTC,14562.72385,0.0,0.00091682,2
1,[],5,[],2019-01-23 10:26:09,1.42e-06,0.00000017,0.00000000004774570078050177,6512696,2019-01-23 10:26:09,btc,3.25277879,0.03157083,0.00000017,btc,2.267e-05,0.0,2.94736433,3
1,[],12,[],2019-01-23 10:26:10,11368669.7369943,0.00000017,0.00000000004774570078050177,6512697,2019-01-23 10:26:10,btc,921314.8990599074,0.0,0.00000017,btc,8115747.46117477,0.03453763679626193,0.517714631457945,3
0,[],28,[],2019-01-23 10:26:12,0.0,0,0,6512698,2019-01-23 10:26:12,,0.0,0.0,0,,0.0,0.0,0.0,3
0,[],2,[],2019-01-21 03:02:05,0.0,0,0,6478666,2019-01-21 03:02:05,,0.0,0.0,0,,0.0,0.0,0.0,4
1,[],4,[],2019-01-23 10:26:59,1128567.04491503,0.00000045,0.00000000012638567853662235,6512717,2019-01-23 10:26:59,btc,0.4772057357581599,0.0,0.00000045,btc,321185.16906228,0.00294314,0.0648128948163536,4
1,[],12,[],2019-01-23 10:27:01,1062226.5219999999,0.00000002,0.000000000005617141268294326,6512719,2019-01-23 10:27:01,btc,11013867.818600481,0.0,0.00000002,btc,978378.15654341,5.001e-05,0.01387707044,5
1,[],11,[],2019-01-23 10:27:11,3493708.0,0.00000002,0.000000000005617141268294326,6512724,2019-01-23 10:27:11,btc,9429.939934409964,333125.0,0.00000002,btc,41199530.70959839,0.0,0.03592585,6
0,[],2,[],2019-01-21 03:02:32,0.0,0,0,6478676,2019-01-21 03:02:32,,0.0,0.0,0,,0.0,0.0,0.0,6
1,[],3,[],2019-01-23 10:27:16,1049.631568128516,0.00015050999999999999383500093319554480331134982407093048095703125,0.00000004227179661454895,6512727,2019-01-23 10:27:16,btc,30.108593419388622,0.0,0.00015050999999999999383500093319554480331134982407093048095703125,btc,231.077492617847,0.0,0.027978323718350753,7
1,[],4,[],2019-01-23 10:27:17,23932.97311561,0.00017071,0.000000047945109295526224,6512728,2019-01-23 10:27:17,btc,2.235509445988283,0.0,0.00017071,btc,11781.96371976,1.55528873,3.653095259944779,7
1,[],5,[],2019-01-23 10:27:19,0.00531403,0.00017010,0.000000047773786486843244,6512729,2019-01-23 10:27:19,btc,1.29666658,0.10810405,0.00017010,btc,0.0114336,0.0,1.62047394,7
1,[],20,[],2019-01-23 10:20:41,4247995.078,0.000000001,0.00000000000028086652941655595,6512523,2019-01-23 10:20:41,btc,121.2015808167304,398.922,0.000000001,btc,30152403.9934,3.98922e-07,0.004247995078,8
1,[],1,[],2019-01-23 10:27:34,4454841.88,0.0000018500000000000000751026844880708921436962555162608623504638671875,0.0000000005195855673172253,6512736,2019-01-23 10:27:34,btc,2.0919237432999997,22793767.42,0.0000018500000000000000751026844880708921436962555162608623504638671875,btc,1104569.51,43.69087489,8.078630327800001,9
1,[],4,[],2019-01-23 10:27:35,429720.08951069,0.00000187,0.0000000005252027085855195,6512737,2019-01-23 10:27:35,btc,0.9333792324054468,0.0,0.00000187,btc,463027.72128781,1.23753295,0.6292055375098522,9
1,[],28,[],2019-01-23 10:27:36,34500.0,0.00000165,0.00000000046341415463428195,6512738,2019-01-23 10:27:36,btc,2708.7525973402,7090467.44,0.00000165,btc,8331.02,0.0,0.02854,9
0,[],2,[],2019-01-21 03:03:13,0.0,0,0,6478691,2019-01-21 03:03:13,,0.0,0.0,0,,0.0,0.0,0.0,9
0,[],23,[],2019-01-21 03:03:25,0.0,0,0,6478693,2019-01-21 03:03:25,,0.0,0.0,0,,0.0,0.0,0.0,9
1,[],4,[],2019-01-23 10:27:42,4061609.88,0.00000002,0.000000000005617141268294326,6512742,2019-01-23 10:27:42,btc,0.2168777675052417,0.0,0.00000002,btc,3898093.71774756,0.00139144,0.0430616019,10
1,[],4,[],2019-01-23 10:27:55,1773031.47849011,0.00000152,0.0000000004269027363903688,6512748,2019-01-23 10:27:55,btc,1.2468056283731972,0.0,0.00000152,btc,785968.38188806,2.23174181,2.5537826038034184,12
1,[],5,[],2019-01-23 10:27:56,1.635e-05,0.00000146,0.0000000004100513125854858,6512749,2019-01-23 10:27:56,btc,0.2374313,0.49984746,0.00000146,btc,0.00011255,0.0,0.11950104,12
0,[],2,[],2019-01-21 03:05:49,0.0,0,0,6478705,2019-01-21 03:05:49,,0.0,0.0,0,,0.0,0.0,0.0,12
,[],25,[],2019-01-11 15:39:35,0.0,0,0,6366164,2019-01-11 15:39:35,,0.0,0.0,,btc,0.0,0.0,0.0,12
1,[],10,[],2019-01-23 07:23:53,622352.74517276,0.00000704,0.0000000019716242935479718,6510966,2019-01-23 07:23:53,btc,666784.4525453083,2804.58381785,0.00000704,btc,830778.5253153,0.0,0.8874851371252447,13
1,[],4,[],2019-01-23 10:32:27,423314.39227817,0.00000705,0.00000000198004229707375,6512833,2019-01-23 10:32:27,btc,0.1902061136642659,0.0,0.00000705,btc,25372.91613929,0.63331202,1.810107130028753,13
1,[],21,[],2019-01-23 10:32:30,1041515.31882568,0.00000726999999999999985101327426573192269643186591565608978271484375,0.0000000020418308510249877,6512834,2019-01-23 10:32:30,btc,6.113271376976849,399797.72777987,0.00000726999999999999985101327426573192269643186591565608978271484375,btc,765552.89161027,2.85304837,6.374932562476499,13
1,[],4,[],2019-01-23 10:28:09,23043252.74950991,0.00000207,0.0000000005813741212684627,6512757,2019-01-23 10:28:09,btc,0.2206975630744224,0.0,0.00000207,btc,84050.53607993,0.02264397,0.6273720566428757,14
1,[],12,[],2019-01-23 10:28:10,88921.17862033,0.000001799999999999999918546601286595265634105089702643454074859619140625,0.0000000005055427141464894,6512758,2019-01-23 10:28:10,btc,1.7857422752304408,0.0,0.000001799999999999999918546601286595265634105089702643454074859619140625,btc,35486.9101839,0.0013983102957277,0.0221433729335821,14
0,[],17,[],2019-01-23 10:28:11,0.0,0,0,6512759,2019-01-23 10:28:11,btc,0.0,0.0,0,btc,0.0,0.0,0.0,14
1,[],26,[],2019-01-23 10:28:12,0.0,0.00000020,0.00000000005617141268294327,6512760,2019-01-23 10:28:12,btc,0.0,0.0,0.00000020,btc,0.0,0.0,0.0,14
,[],12,[],2018-12-01 15:15:48,204241.84496,0.00000489,0.000000000202473384,5260204,2018-12-01 15:15:48,btc,49.5475654835,0.0,,btc,35763.2193806,0.0163153972027625,0.0203389899998,15
0,[],4,[],2019-01-23 10:33:34,0.0,0,0,6512878,2019-01-23 10:33:34,,0.0,0.0,0,,0.0,0.0,0.0,15
1,[],4,[],2019-01-23 10:28:18,31363.35822596,0.00001735,0.0000000048728700502453285,6512763,2019-01-23 10:28:18,btc,0.4688651079331198,0.0,0.00001735,btc,12196.35245275,0.01082736,0.167157393718864,18
1,[],10,[],2019-01-23 10:28:20,390750.41110864,0.0000176,0.000000004943084316099007,6512764,2019-01-23 10:28:20,btc,15.557694088225533,20872.0596864,0.0000176,btc,10694.30482013,0.0,0.1943800399961887,18
1,[],12,[],2019-01-23 10:28:20,195806.1417053,0.0000170500000000000010813398787501427023016731254756450653076171875,0.000000004788612931220914,6512765,2019-01-23 10:28:20,btc,0.4603157296417566,0.0,0.0000170500000000000010813398787501427023016731254756450653076171875,btc,2155.94326039,0.00048609636,0.0187230983586152,18
0,[],17,[],2019-01-23 10:28:22,0.0,0,0,6512766,2019-01-23 10:28:22,btc,0.0,0.0,0,btc,0.0,0.0,0.0,18
0,[],2,[],2019-01-21 03:06:22,0.0,0,0,6478721,2019-01-21 03:06:22,,0.0,0.0,0,,0.0,0.0,0.0,18
1,[],3,[],2019-01-23 10:28:45,107970.75836497615,0.0000380999999999999977465074685323287440041895024478435516357421875,0.000000010700654116100692,6512779,2019-01-23 10:28:45,btc,1.299657137919907,35.5634975798,0.0000380999999999999977465074685323287440041895024478435516357421875,btc,8491.786476929725,0.0,0.08700426793169823,19
1,[],4,[],2019-01-23 10:28:45,74006.37965422,0.00004101,0.000000011517948170637516,6512780,2019-01-23 10:28:45,btc,2.280640795179593,0.0,0.00004101,btc,46891.7567215,0.20221139,1.7096152078990463,19
1,[],5,[],2019-01-23 10:28:47,0.00032688,0.00003251,0.000000009130663131612427,6512781,2019-01-23 10:28:47,btc,0.30997019,0.00115115,0.00003251,btc,0.00348072,0.0,0.19130093,19
1,[],12,[],2019-01-23 10:28:48,116744.65475591,0.0000397400000000000023733272291881490900777862407267093658447265625,0.000000011161259700100827,6512782,2019-01-23 10:28:48,btc,1.993737756642586,0.0,0.0000397400000000000023733272291881490900777862407267093658447265625,btc,400.27457877,0.0019926751306722,0.0377733499998634,19
0,[],27,[],2019-01-23 10:28:50,0.0,0,0,6512783,2019-01-23 10:28:50,,0.0,0.0,0,btc,0.0,0.0,0.0,19
0,[],2,[],2019-01-21 03:06:55,0.0,0,0,6478739,2019-01-21 03:06:55,,0.0,0.0,0,,0.0,0.0,0.0,19
1,[],4,[],2019-01-23 10:31:19,8502722.60080255,0.00000016,0.00000000004493713014635461,6512798,2019-01-23 10:31:19,btc,0.7556520095149347,0.0,0.00000016,btc,1439792.70773057,0.00113596,0.4221555911857907,20
1,[],4,[],2019-01-23 10:31:36,131469990.06217471,0.00000002,0.000000000005617141268294326,6512804,2019-01-23 10:31:36,btc,0.5589020513294243,0.0,0.00000002,btc,15804013.31518349,0.0074428,1.6824425550933346,21
1,[],12,[],2019-01-23 10:31:37,21316366.102000073,0.00000002,0.000000000005617141268294326,6512805,2019-01-23 10:31:37,btc,668.0563749717095,0.0,0.00000002,btc,8958355.01199062,0.0,0.30108258204000143,21
0,[],17,[],2019-01-23 10:31:39,0.0,0,0,6512806,2019-01-23 10:31:39,btc,0.0,0.0,0,btc,0.0,0.0,0.0,21
1,[],12,[],2019-01-23 10:31:53,4558443949.531896,0.0000000001,0.000000000000028085706341471633,6512814,2019-01-23 10:31:53,btc,621663601795.94,0.0,0.0000000001,btc,6318318671.474757,0.0595920949996004,0.45584439495318957,23
0,[],27,[],2019-01-23 10:31:55,0.0,0,0,6512815,2019-01-23 10:31:55,,0.424699,0.0,0,eth,424699.0,0.0,0.0,23
,[],25,[],2019-01-11 15:42:09,0.0,0,0,6366241,2019-01-11 15:42:09,,0.0,0.0,,btc,0.0,0.0,0.0,24
1,[],4,[],2019-01-23 10:32:03,2232797.49411172,0.00000095,0.0000000002668142102439805,6512818,2019-01-23 10:32:03,btc,0.1775473954905705,0.0,0.00000095,btc,116627.93450367,0.01288212,0.4482278526997691,24
1,[],22,[],2019-01-23 10:32:06,11.76,0.00000100,0.0000000002808570634147163,6512819,2019-01-23 10:32:06,BTC,7.415e-05,0.0,0.00000100,BTC,23.919354838709676,0.0,1.176e-05,24
1,[],4,[],2019-01-23 10:32:18,29623979.3335182,0.00000765,0.0000000021485565351225797,6512826,2019-01-23 10:32:18,btc,0.4071206002529291,0.0,0.00000765,btc,29787.98736884,0.1617468,0.5220465508413917,26
1,[],10,[],2019-01-23 10:32:20,734194.75493527,0.00000769,0.000000002159790817659168,6512827,2019-01-23 10:32:20,btc,27.97515536517683,0.0,0.00000769,btc,12555.42087038,0.0,0.2226222173992068,26
0,[],2,[],2019-01-21 03:08:30,0.0,0,0,6478791,2019-01-21 03:08:30,,0.0,0.0,0,,0.0,0.0,0.0,26
1,[],3,[],2019-01-23 10:32:21,7696089.32908122,0.00000001,0.000000000002808570634147163,6512828,2019-01-23 10:32:21,btc,3.0724846308812364,20313.0,0.00000001,btc,17457903.85383237,0.0,0.0769608932908122,27
1,[],5,[],2019-01-23 10:32:23,1e-08,0.00000001,0.000000000002808570634147163,6512829,2019-01-23 10:32:23,btc,2.62189326,0.0,0.00000001,btc,4.332e-05,0.0,0.0108322,27
1,[],11,[],2019-01-23 10:32:25,10597882.41182718,0.00000005,0.000000000014042853170735815,6512830,2019-01-23 10:32:25,btc,370.5327807235078,1000.0,0.00000005,btc,8221470.80991447,0.0,0.4932896594767663,27
1,[],4,[],2019-01-23 10:32:25,107813914.56261319,0.00000004,0.000000000011234282536588652,6512831,2019-01-23 10:32:25,btc,2.925142305384576,0.0,0.00000004,btc,58502846.10769152,1.5499394,3.2375413786581855,29
1,[],7,[],2019-01-23 10:32:26,36031346.5150836,0.00000003,0.000000000008425711902441488,6512832,2019-01-23 10:32:26,btc,44465218.10878407,147773.646502,0.00000003,btc,38772902.83492718,0.00586861,0.6976629848297833,29
1,[],4,[],2019-01-23 10:32:52,1322280.60657259,0.00000038,0.0000000001067256840975922,6512849,2019-01-23 10:32:52,btc,0.302777491737559,0.0,0.00000038,btc,463169.0079153,0.03604208,0.0890780458593932,30
0,[],17,[],2019-01-23 10:32:54,0.0,0,0,6512850,2019-01-23 10:32:54,btc,0.0,0.0,0,btc,0.0,0.0,0.0,30
1,[],4,[],2019-01-23 10:33:00,41717.78904449,0.00010372,0.000000029130494617374375,6512856,2019-01-23 10:33:00,btc,1.0003882287669272,0.0,0.00010372,btc,8476.24669775,4.57113809,3.189262509285458,31
1,[],21,[],2019-01-23 10:33:01,91728.97950899,0.00010599000000000000673398836692484792365576140582561492919921875,0.000000029768040151325786,6512857,2019-01-23 10:33:01,btc,12.301228921969052,1522837.78358189,0.00010599000000000000673398836692484792365576140582561492919921875,btc,105496.52681382,169.81605157,9.047510427437473,31
0,[],2,[],2019-01-21 03:09:16,0.0,0,0,6478825,2019-01-21 03:09:16,,0.0,0.0,0,,0.0,0.0,0.0,32
1,[],4,[],2019-01-23 10:33:35,42858561.66211836,0.00000006,0.00000000001685142380488298,6512879,2019-01-23 10:33:35,btc,0.4252673088121073,0.0,0.00000006,btc,6075247.26874439,1.12077745,2.2270274669233605,33
1,[],12,[],2019-01-23 10:33:36,21478846.0,0.00000006,0.000000000016851423804882976,6512880,2019-01-23 10:33:36,btc,17261785.143875405,0.0,0.00000006,btc,87416494.13186802,0.0069011917482519,0.83318326,33
1,[],4,[],2019-01-23 10:33:37,99471944.65636285,0.00000002,0.000000000005617141268294326,6512881,2019-01-23 10:33:37,btc,0.8168026673830011,0.0,0.00000002,btc,26930790.30828351,0.00267021,1.0089561151136108,34
1,[],5,[],2019-01-23 10:33:39,3e-08,0.00000002,0.000000000005617141268294326,6512882,2019-01-23 10:33:39,btc,3.12616948,0.00326641,0.00000002,btc,1.394e-05,0.0,1.23636555,34
0,[],4,[],2019-01-23 10:31:11,0.0,0,0,6512794,2019-01-23 10:31:11,,0.0,0.0,0,,0.0,0.0,0.0,36
1,[],5,[],2019-01-23 10:31:14,0.0,0,0,6512795,2019-01-23 10:31:14,btc,202.4221941,0.0,0,btc,1.295e-05,0.0,0.0,36
0,[],17,[],2019-01-23 10:31:16,0.0,0,0,6512796,2019-01-23 10:31:16,btc,0.0821090404305017,0.0,0,btc,4840895.41583647,0.0,0.0,36
0,[],27,[],2019-01-23 10:31:18,0.0,0,0,6512797,2019-01-23 10:31:18,,448.55669329,0.0,0,eth,3581972.58,0.0,0.0,36
1,[],4,[],2019-01-23 10:29:06,482574.17581305,0.00000150,0.00000000042128559512207446,6512790,2019-01-23 10:29:06,btc,0.4360213219779103,0.0,0.00000150,btc,225040.0263707,0.05531713,0.4539496524792859,37
1,[],17,[],2019-01-23 10:31:07,1752.74075282,0.00000025,0.00000000007021426585367908,6512791,2019-01-23 10:31:07,btc,0.05548731377709,0.0,0.00000025,btc,1320.79251806,0.0,0.00043818518820499993,37
0,[],27,[],2019-01-23 10:31:09,0.0,0,0,6512792,2019-01-23 10:31:09,,0.0,0.0,0,btc,0.0,0.0,0.0,37
1,[],12,[],2019-01-23 10:22:27,494985.72511167,0.0000015000000000000000380012861456169304119612206704914569854736328125,0.00000000042129979412483397,6512584,2019-01-23 10:22:27,btc,1330.8934275294223,0.0,0.0000015000000000000000380012861456169304119612206704914569854736328125,btc,732966.03700407,0.2313288592148116,0.3408625370119154,37
1,[],5,[],2019-01-23 11:20:37,1.214e-05,0.00000099,0.00000000027704319355244936,6512909,2019-01-23 11:20:37,btc,0.10171218,0.15358139,0.00000099,btc,0.00010811,0.0,0.03864184,42
1,[],12,[],2019-01-23 11:20:37,87414.80171827,0.0000013200000000000000673224496983149123252587742172181606292724609375,0.0000000003693909247365991,6512910,2019-01-23 11:20:37,btc,108.7903107874877,0.0,0.0000013200000000000000673224496983149123252587742172181606292724609375,btc,36576.78786,0.0292101949631224,0.032800575704017496,42
0,[],27,[],2019-01-23 11:20:39,0.0,0,0,6512911,2019-01-23 11:20:39,,0.00315028,0.0,0,"btc,eth",11.007,0.0,0.0,42
1,[],5,[],2019-01-23 10:27:31,3e-08,0.00000002,0.000000000005617141268294326,6512733,2019-01-23 10:27:31,btc,5.83445513,0.19254091,0.00000002,btc,1.425e-05,0.0,0.4722758,43
1,[],12,[],2019-01-23 10:27:32,8721810.0,0.00000001,0.000000000002808570634147163,6512734,2019-01-23 10:27:32,btc,20007433.12866367,0.0,0.00000001,btc,38551720.38101898,0.0001689198001998,0.0872181,43
0,[],17,[],2019-01-23 10:27:33,0.0,0,0,6512735,2019-01-23 10:27:33,btc,0.0,0.0,0,btc,0.0,0.0,0.0,43
1,[],12,[],2019-01-23 10:26:39,871494.0,0.00000007,0.000000000019659994439030142,6512710,2019-01-23 10:26:39,btc,11114760.533996586,0.0,0.00000007,btc,956229.37320198,0.00026614,0.02622748,44
1,[],4,[],2019-01-23 11:20:26,54638181.12919502,0.00000003,0.000000000008395248289468162,6512906,2019-01-23 11:20:26,btc,0.2423604937213359,0.0,0.00000003,btc,3458005.51425235,0.00992939,0.6070437687400184,49
0,[],4,[],2019-01-23 10:32:50,0.0,0,0,6512847,2019-01-23 10:32:50,,5.04411668474572,0.0,0,,504411668.47457206,0.0,0.0,52
0,[],22,[],2019-01-23 10:32:32,0.0,0,0,6512835,2019-01-23 10:32:32,,3707.82025492,0.0,0,,255315328.40932402,0.0,0.0,57
0,[],27,[],2019-01-23 10:32:35,0.0,0,0,6512836,2019-01-23 10:32:35,,0.0,0.0,0,"btc,eth",0.0,0.0,0.0,57
0,[],4,[],2019-01-23 11:20:11,0.0,0,0,6512898,2019-01-23 11:20:11,,3.447461882414595,0.0,0,,344746188.2414595,0.0,0.0,58
1,[],12,[],2019-01-23 11:20:13,2150392398.327952,0.0000000006,0.00000000000016790496578936323,6512899,2019-01-23 11:20:13,btc,123038813390.38066,0.0,0.0000000006,btc,3414699300.2678323,0.017204864185417574,0.7828976967915362,58
0,[],17,[],2019-01-23 11:20:14,0.0,0,0,6512900,2019-01-23 11:20:14,btc,1e+24,0.0,0,btc,41461875.8285055,0.0,0.0,58
0,[],22,[],2019-01-23 11:20:18,137438.0,0,0,6512901,2019-01-23 11:20:18,,69.8835922,0.0,0,,9887963.0,0.0,0.00137438,58
1,[],5,[],2019-01-23 10:31:42,1.63e-06,0.00000031,0.00000000008706568965856206,6512808,2019-01-23 10:31:42,btc,0.48103604,0.02408838,0.00000031,btc,0.00013811,0.0,0.00613577,61
1,[],22,[],2019-01-23 10:31:45,5111.5,0.00000011,0.000000000030894276975618796,6512809,2019-01-23 10:31:45,BTC,1002.29606732,0.0,0.00000011,BTC,15028.700278135757,0.0,0.00051178,61
1,[],26,[],2019-01-23 10:31:45,0.0,0.00000800,0.0000000022468565073177306,6512810,2019-01-23 10:31:45,btc,0.0,0.0,0.00000800,btc,0.0,0.0,0.0,61
0,[],27,[],2019-01-23 10:31:47,0.0,0,0,6512811,2019-01-23 10:31:47,,0.0,0.0,0,"btc,eth",0.0,0.0,0.0,61
1,[],28,[],2019-01-23 10:31:49,1880.304,0.00000022,0.00000000006178855395123759,6512812,2019-01-23 10:31:49,btc,2.065678837430106,1514.0,0.00000022,btc,11618.08240005,0.0,0.00016391304,61
,[],25,[],2019-01-11 15:43:02,0.0,0,0,6366273,2019-01-11 15:43:02,,0.0,0.0,,btc,0.0,0.0,0.0,67
1,[],4,[],2019-01-23 10:32:45,1244088.59094308,0.00000170,0.0000000004774570078050178,6512845,2019-01-23 10:32:45,btc,0.4030399368237016,0.0,0.00000170,btc,137416.97752642,0.07849731,0.8559715054485235,67
1,[],12,[],2019-01-23 10:28:42,2543925.33333333,0.00000006,0.000000000016851423804882976,6512777,2019-01-23 10:28:42,btc,16893773.049786344,0.0,0.00000006,btc,2144528.89570426,0.0188046899500501,0.0570038099999998,71
,[],5,[],2018-11-20 23:02:39,1.5e-07,0.00000005,0.000000000002128045,4862160,2018-11-20 23:02:39,btc,2.84511358,0.0,,btc,0.00036572,0.0,0.07381892,74
1,[],5,[],2019-01-23 10:27:03,3.421e-05,0.00000156,0.00000000043813701892695743,6512720,2019-01-23 10:27:03,btc,1.43011192,0.0,0.00000156,btc,0.0001585,0.0,0.50003041,75
1,[],4,[],2019-01-23 10:28:03,63421533.80469478,0.00000001,0.000000000002808570634147163,6512752,2019-01-23 10:28:03,btc,0.7486706825842339,0.0,0.00000001,btc,13906829.86456505,0.00010079,0.6342153380469479,81
0,[],20,[],2019-01-23 10:28:05,0.0,0,0,6512753,2019-01-23 10:28:05,btc,0.0,0.0,0,btc,0.0,0.0,0.0,81
1,[],4,[],2019-01-23 11:19:39,25720.29128317,0.00008100,0.000000022667170381564035,6512886,2019-01-23 11:19:39,btc,1.2734422128463907,0.0,0.00008100,btc,10908.48486648,0.03798767,0.2426120553887605,82
1,[],21,[],2019-01-23 11:19:40,71656.19132659,0.000082280000000000005043465645115929874009452760219573974609375,0.00000002302536764191468,6512887,2019-01-23 11:19:40,btc,3.650716042824363,4809.09573179,0.000082280000000000005043465645115929874009452760219573974609375,btc,40271.14215207,0.39332062,4.847907325100268,82
0,[],17,[],2019-01-23 10:28:16,0.0,0,0,6512762,2019-01-23 10:28:16,btc,0.0447233088476774,0.0,0,btc,999127.19588126,0.0,0.0,84
0,[],4,[],2019-01-23 10:32:12,0.0,0,0,6512823,2019-01-23 10:32:12,,0.1975418240043968,0.0,0,,19754182.40043968,0.0,0.0,85
,[],22,[],2018-11-20 23:09:34,3408.1,0.0000001,0.0000000000041895,4862324,2018-11-20 23:09:34,BTC,0.04624735,0.0,,BTC,4990.0,0.0,0.00033081,86
0,[],22,[],2019-01-23 10:32:15,0.0,0,0,6512824,2019-01-23 10:32:15,,2.07810912,0.0,0,,154826.94736842104,0.0,0.0,87
0,[],27,[],2019-01-23 10:32:17,0.0,0,0,6512825,2019-01-23 10:32:17,,0.0,0.0,0,btc,0.0,0.0,0.0,87
,[],2,[],2018-11-20 23:10:47,0.0,0,0,4862359,2018-11-20 23:10:47,,0.0,0.0,,,0.0,0.0,0.0,88
1,[],11,[],2019-01-23 11:20:11,102303.42411012,0.00020900000000000001150642081615416145723429508507251739501953125,0.000000058486896416628196,6512897,2019-01-23 11:20:11,btc,235.46760916209712,92.3,0.00020900000000000001150642081615416145723429508507251739501953125,btc,180230.54090593,0.0,8.173932132987757,89
1,[],12,[],2019-01-23 11:21:17,236839.78806192998,0.00000176000000000000008976326626441988310034503228962421417236328125,0.0000000004925212329821322,6512927,2019-01-23 11:21:17,btc,1.1077140524072508,0.0,0.00000176000000000000008976326626441988310034503228962421417236328125,btc,2706.16851102,0.1528218832079809,0.050845440199995505,91
0,[],17,[],2019-01-23 11:21:18,0.0,0,0,6512928,2019-01-23 11:21:18,btc,0.0,0.0,0,btc,0.0,0.0,0.0,91
0,[],2,[],2019-01-21 03:02:22,0.0,0,0,6478672,2019-01-21 03:02:22,,0.0,0.0,0,,0.0,0.0,0.0,91
0,[],22,[],2019-01-23 10:31:22,74418825.0,0,0,6512799,2019-01-23 10:31:22,,9.28010141,0.0,0,,79818955.1,0.0,1.68256475,95
1,[],4,[],2019-01-23 10:28:06,7713568.70929333,0.00000001,0.000000000002808570634147163,6512754,2019-01-23 10:28:06,btc,1.404287855415335,0.0,0.00000001,btc,61053248.52055596,0.004346,0.0771356870929333,96
1,[],12,[],2019-01-23 10:28:07,1213515.0,0.00000001,0.000000000002808570634147163,6512755,2019-01-23 10:28:07,btc,255059.2330586403,0.0,0.00000001,btc,7844031.56674301,1.01e-06,0.01213515,96
0,[],17,[],2019-01-23 10:28:08,0.0,0,0,6512756,2019-01-23 10:28:08,btc,0.0,0.0,0,btc,0.0,0.0,0.0,96
1,[],4,[],2019-01-23 10:31:40,1566597.07076442,0.00000040,0.00000000011234282536588653,6512807,2019-01-23 10:31:40,btc,0.3011554060233326,0.0,0.00000040,btc,468998.31077466,0.0068314,0.1691474444349734,99
1,[],4,[],2019-01-23 10:28:28,107144.28740099,0.00004225,0.000000011866210929271764,6512770,2019-01-23 10:28:28,btc,1.4627193459226808,0.0,0.00004225,btc,28704.10798508,2.60485624,1.9041031629692045,100
0,[],2,[],2019-01-21 03:06:36,0.0,0,0,6478729,2019-01-21 03:06:36,,0.0,0.0,0,,0.0,0.0,0.0,100
1,[],22,[],2019-01-23 10:28:28,50000.0,0.00000001,0.000000000002808570634147163,6512768,2019-01-23 10:28:28,BTC,23.49896609,0.0,0.00000001,BTC,10277.22,0.0,0.0005,101
1,[],4,[],2019-01-23 10:33:23,171264.29711088,0.00000105,0.00000000029489991658545214,6512870,2019-01-23 10:33:23,btc,0.3989968121289796,0.0,0.00000105,btc,146792.69957936,0.00185416,0.0636591273056499,103
1,[],27,[],2019-01-23 11:20:09,261901.0,0.00000006,0.000000000016790496578936324,6512896,2019-01-23 11:20:09,btc,0.0720402019,0.0,0.00000006,btc,580.038,0.0,0.01014994,105
1,[],12,[],2019-01-23 11:20:07,90147981.83386534,0.000000016,0.0000000000044774657543830195,6512895,2019-01-23 11:20:07,btc,9137281645.044325,0.0,0.000000016,btc,145745960.57642028,0.33049289834641515,0.4975167613418454,105
0,[],22,[],2019-01-23 10:31:24,0.0,0,0,6512800,2019-01-23 10:31:24,,1.07253299,0.0,0,,94300.0,0.0,0.0,107
1,[],26,[],2019-01-23 10:31:25,0.0,0.00000000,0,6512801,2019-01-23 10:31:25,btc,0.0,0.0,0.00000000,btc,0.0,0.0,0.0,107
1,[],5,[],2019-01-23 10:28:55,1e-08,0.00000001,0.000000000002808570634147163,6512786,2019-01-23 10:28:55,btc,5.98370956,0.00583947,0.00000001,btc,1.512e-05,0.0,0.02528545,112
1,[],22,[],2019-01-23 10:29:01,1966.0,0.00000001,0.000000000002808570634147163,6512787,2019-01-23 10:29:01,BTC,2.84890392,0.0,0.00000001,BTC,1014817.0833333334,0.005,1.966e-05,112
0,[],27,[],2019-01-23 10:29:03,0.0,0,0,6512788,2019-01-23 10:29:03,,1.25125,0.0,0,"btc,eth",79.0,0.0,0.0,112
1,[],4,[],2019-01-23 11:20:26,448930.06579816,0.00000386,0.0000000010801886132449034,6512907,2019-01-23 11:20:26,btc,0.4186506477525279,0.0,0.00000386,btc,78629.23985303,0.09690944,0.4112242704149182,113
1,[],5,[],2019-01-23 11:20:29,2.145e-05,0.00000368,0.0000000010298171235080945,6512908,2019-01-23 11:20:29,btc,2.24733912,0.0010543,0.00000368,btc,0.00338302,0.0,0.22859573,113
1,[],17,[],2019-01-23 10:27:52,233369.0,0.00000004,0.000000000011234282536588652,6512746,2019-01-23 10:27:52,btc,1.33762905694,0.0,0.00000004,btc,71346.975,0.0,0.00543476,116
0,[],27,[],2019-01-23 10:27:54,0.0,0,0,6512747,2019-01-23 10:27:54,,0.0,0.0,0,btc,0.0,0.0,0.0,116
1,[],4,[],2019-01-23 10:27:40,88282.72784973,0.00002010,0.000000005645226974635798,6512740,2019-01-23 10:27:40,btc,0.3447387690696683,0.0,0.00002010,btc,13182.06446258,2.17420877,1.1976557809147526,120
1,[],7,[],2019-01-23 10:27:41,22976.64085792,0.00002209999999999999847053767931814860503436648286879062652587890625,0.0000000062069411014652305,6512741,2019-01-23 10:27:41,btc,168.39897709700165,5642.95479738,0.00002209999999999999847053767931814860503436648286879062652587890625,btc,22742.04144033,0.18322288,0.1874628607798627,120
1,[],20,[],2019-01-23 10:21:12,1216157.4088,0.000000013,0.000000000003651264882415227,6512538,2019-01-23 10:21:12,btc,31.5508772977312,0.0,0.000000013,btc,1103666.4755,0.0,0.0068540359106,125
1,[],22,[],2019-01-23 11:20:54,6251.0,0.00000001,0.000000000002798416096489387,6512915,2019-01-23 11:20:54,BTC,0.01415863,0.0,0.00000001,BTC,293039.4,0.0,6.251e-05,126
0,[],22,[],2019-01-23 10:31:58,0.0,0,0,6512816,2019-01-23 10:31:58,,3.30709612,0.0,0,,19391.67229247642,0.0,0.0,130
1,[],4,[],2019-01-23 10:32:08,89437.07062077,0.00001610,0.0000000045217987209769325,6512820,2019-01-23 10:32:08,btc,0.7511454828141146,0.0,0.00001610,btc,36532.21030408,0.2386127,0.5703182618175044,131
0,[],17,[],2019-01-23 10:32:10,0.0,0,0,6512821,2019-01-23 10:32:10,btc,0.0008451375975800001,0.0,0,btc,30.89614684,0.0,0.0,131
0,[],2,[],2019-01-21 03:08:20,0.0,0,0,6478784,2019-01-21 03:08:20,,0.0,0.0,0,,0.0,0.0,0.0,131
1,[],4,[],2019-01-23 10:33:02,4563.72033016,0.00022447,0.00000006304398502470138,6512858,2019-01-23 10:33:02,btc,1.6272293834061182,0.0,0.00022447,btc,206.22140695,0.00044346,0.0099249542453173,135
1,[],3,[],2019-01-23 10:28:51,313501.86685177,0.00000002,0.000000000005617141268294326,6512784,2019-01-23 10:28:51,btc,0.2461322418751273,60135.0,0.00000002,btc,1235298.94793913,0.0,0.0049449073370354,136
1,[],4,[],2019-01-23 11:19:57,101044.04872088,0.00000189,0.0000000005289006422364942,6512891,2019-01-23 11:19:57,btc,0.7196733774549433,0.0,0.00000189,btc,247614.5686852,0.08301734,0.1261300437718956,137
1,[],12,[],2019-01-23 11:19:59,304327.45321081,0.00000199000000000000000523994909962244292955801938660442829132080078125,0.000000000556884803201388,6512892,2019-01-23 11:19:59,btc,11798.813748441169,0.0,0.00000199000000000000000523994909962244292955801938660442829132080078125,btc,128168.28381618,0.0693332517579137,0.0342107960000045,137
1,[],5,[],2019-01-23 11:21:02,0.00106149,0.00002944,0.000000008238536988064756,6512918,2019-01-23 11:21:02,btc,3.60640998,0.73794498,0.00002944,btc,0.00179754,0.0,1.18637683,142
1,[],17,[],2019-01-23 11:21:03,12500.0,0.0000001,0.00000000002798416096489387,6512919,2019-01-23 11:21:03,btc,0.578281547874,0.0,0.0000001,btc,2493.207754,0.0,0.00125,142
1,[],20,[],2019-01-23 11:21:06,153486.746,0.00002691,0.00000000753053771565294,6512920,2019-01-23 11:21:06,btc,2.5057686606,147.3207,0.00002691,btc,5122.8931,0.0047448607543,0.2102050907128,142
1,[],22,[],2019-01-23 11:21:09,990.0,0.00001880,0.000000005261022261400048,6512921,2019-01-23 11:21:09,BTC,0.00152287,0.0,0.00001880,BTC,15.055608820709493,6.551e-05,0.00022106,142
1,[],28,[],2019-01-23 11:21:11,78430.0,0.00002000,0.000000005596832192978774,6512922,2019-01-23 11:21:11,btc,0.05124464387,92222.002,0.00002000,btc,1340.7234,0.0,0.0242247,142
,[],25,[],2019-01-11 15:38:27,0.0,0,0,6366122,2019-01-11 15:38:27,,0.0,0.0,,btc,0.0,0.0,0.0,142
0,[],22,[],2019-01-23 10:32:49,0.0,0,0,6512846,2019-01-23 10:32:49,,54.93330297,0.0,0,,667563265.8,0.0,0.0,143
1,[],21,[],2019-01-23 10:33:00,46110353.6128592,0.0000003,0.0000000000842571190244149,6512855,2019-01-23 10:33:00,btc,50.309398860514065,22418300.90305013,0.0000003,btc,91993586.25997204,6.78877946,8.302185242184141,145
0,[],22,[],2019-01-23 11:21:38,0.0,0,0,6512936,2019-01-23 11:21:38,,2.42260417,0.0,0,,1115997.0,0.0,0.0,146
,[],22,[],2018-11-20 23:01:11,0.0,0,0,4862114,2018-11-20 23:01:11,,2.56807021,0.0,,,61828.4988236,0.0,0.0,147
1,[],12,[],2019-01-23 10:32:51,8671885.17405869,0.0000045199999999999999225164075411509401192233781330287456512451171875,0.0000000012694739266345178,6512848,2019-01-23 10:32:51,btc,17.077887646139946,0.0,0.0000045199999999999999225164075411509401192233781330287456512451171875,btc,111460.89914819,0.0017561942442259,0.1126885663614144,148
1,[],4,[],2019-01-23 10:33:30,113615.51364386,0.00000042,0.00000000011795996663418086,6512874,2019-01-23 10:33:30,btc,0.696510137123281,0.0,0.00000042,btc,522239.78263584,0.00275683,0.0320220905062028,152
0,[],22,[],2019-01-23 10:33:32,0.0,0,0,6512875,2019-01-23 10:33:32,,0.0,0.0,0,,0.0,0.0,0.0,152
1,[],5,[],2019-01-23 10:29:05,0.0,0,0,6512789,2019-01-23 10:29:05,btc,4.30475246,1.001e-05,0,btc,0.00161275,0.0,0.0,153
,[],16,[],2019-01-11 15:38:59,0.0,0,0,6366141,2019-01-11 15:38:59,btc,0.0,0.0,,btc,0.0,0.0,0.0,155
0,[],22,[],2019-01-23 10:28:54,0.0,0,0,6512785,2019-01-23 10:28:54,,6.78724733,0.0,0,,4113532.7425925927,0.0,0.0,156
0,[],23,[],2019-01-21 03:07:07,0.0,0,0,6478747,2019-01-21 03:07:07,,0.0,0.0,0,,0.0,0.0,0.0,156
1,[],22,[],2019-01-23 10:31:52,7290.791666666667,0.00003000,0.00000000842571190244149,6512813,2019-01-23 10:31:52,BTC,43.81543407,0.0,0.00003000,BTC,1572.3690079421112,0.0,0.00767361,157
0,[],22,[],2019-01-23 10:27:39,0.0,0,0,6512739,2019-01-23 10:27:39,,50175.67300261,0.0,0,,53770788.04179466,0.0,0.0,158
,[],17,[],2018-11-20 22:56:10,0.0,0,0,4861976,2018-11-20 22:56:10,btc,1.1265625,0.0,,btc,1000.0,0.0,0.0,159
,[],20,[],2018-11-20 22:56:12,0.0,0,0,4861977,2018-11-20 22:56:12,btc,11912.7940471,0.0,,btc,34413894.3617,0.0,0.0,159
1,[],12,[],2019-01-23 10:28:32,184230.53937823,0.00001073000000000000060500215948167124224710278213024139404296875,0.0000000030135962904399065,6512773,2019-01-23 10:28:32,btc,6.654705685941708,0.0,0.00001073000000000000060500215948167124224710278213024139404296875,btc,14091.37962114,0.0033757034905855,0.0969160583907176,168
1,[],17,[],2019-01-23 10:28:34,29784.95,0.000001,0.0000000002808570634147163,6512774,2019-01-23 10:28:34,btc,0.0374188624335,0.0,0.000001,btc,217.43620267999998,0.0,0.00716147,168
0,[],22,[],2019-01-23 10:28:24,0.0,0,0,6512767,2019-01-23 10:28:24,,1.13392792,0.0,0,,692360.5537281231,0.0,0.0,169
1,[],22,[],2019-01-23 11:21:41,81705.07692307692,0.00000027,0.00000000007555723460521346,6512937,2019-01-23 11:21:41,BTC,2.75223855,0.0,0.00000027,BTC,64328.81207749766,0.00097705,0.01480171,171
1,[],22,[],2019-01-23 10:28:38,187607.85,0.0000002,0.00000000005617141268294327,6512775,2019-01-23 10:28:38,BTC,2.84540813,0.0,0.0000002,BTC,239786.13145475145,1e-07,0.01039854,173
1,[],5,[],2019-01-23 10:28:44,5.175e-05,0.00000408,0.0000000011458968187320426,6512778,2019-01-23 10:28:44,btc,0.40145297,0.0108061,0.00000408,btc,0.00035309,0.0,0.84067377,175
1,[],22,[],2019-01-23 11:21:00,56133.99333333333,0.00000150,0.0000000004197624144734081,6512917,2019-01-23 11:21:00,BTC,0.60035542,0.0,0.00000150,BTC,118760.29444388876,0.00114638,0.04160047,176
1,[],7,[],2019-01-23 10:32:55,0.0,0,0,6512851,2019-01-23 10:32:55,btc,10933.68774286355,0.0,0,btc,125287464.03882253,0.0,0.0,178
0,[],22,[],2019-01-23 10:32:57,0.0,0,0,6512852,2019-01-23 10:32:57,,1.00242428,0.0,0,,57512.0,0.0,0.0,178
0,[],2,[],2019-01-21 03:09:08,0.0,0,0,6478817,2019-01-21 03:09:08,,0.0,0.0,0,,0.0,0.0,0.0,178
1,[],5,[],2019-01-23 10:31:27,6e-08,0.00000003,0.00000000000842571190244149,6512802,2019-01-23 10:31:27,btc,11.85899324,2.33710136,0.00000003,btc,2.424e-05,0.0,1.38329366,179
1,[],22,[],2019-01-23 10:31:35,10057160.666666666,0.00000003,0.00000000000842571190244149,6512803,2019-01-23 10:31:35,BTC,5.82748921,0.0,0.00000003,BTC,17145862.451989967,0.02789209,0.43322236,179
0,[],23,[],2019-01-21 03:07:45,0.0,0,0,6478767,2019-01-21 03:07:45,,0.0,0.0,0,,0.0,0.0,0.0,179
1,[],17,[],2019-01-23 11:19:42,10504.725,0.0000001,0.00000000002798416096489387,6512888,2019-01-23 11:19:42,btc,5.206877489852951,0.0,0.0000001,btc,7426.6174587,0.0,0.0010504725,180
1,[],22,[],2019-01-23 11:19:46,1785.258064516129,0.00000031,0.000000000086750898991171,6512889,2019-01-23 11:19:46,BTC,0.22769588,0.0,0.00000031,BTC,26805.816254853482,0.0,0.00050177,180
1,[],26,[],2019-01-23 11:19:56,0.0,0.00000010,0.00000000002798416096489387,6512890,2019-01-23 11:19:56,btc,0.0,3643.0,0.00000010,btc,0.0,0.0,0.0,180
,[],7,[],2018-11-20 22:58:01,562227.975654,0.00000085,0.000000000036176765,4862015,2018-11-20 22:58:01,btc,21836.6059674,2491.87645172,,btc,749999.041456,0.00211021,0.127565380455,183
,[],5,[],2019-01-10 08:11:41,0.0,0,0,6347036,2019-01-10 08:11:41,btc,82.15055501,0.00261,,btc,1.19002445,0.0,0.0,187
1,[],24,[],2019-01-23 10:28:28,0.0,0.000000000001,2.8085706341471634e-16,6512769,2019-01-23 10:28:28,btc,0.0,0.0,0.000000000001,btc,0.0,0.0,0.0,187
,[],17,[],2018-11-16 20:58:10,4062536.27273,0.00000001,0.000000000000550501,4708775,2018-11-16 20:58:10,btc,3.36492563466,0.195460381006,,"btc,eth",110697919.549,0.0,0.0157628953496,187
1,[],22,[],2019-01-23 10:33:42,78532.0,0.00000001,0.000000000002808570634147163,6512883,2019-01-23 10:33:42,BTC,1.19422353,0.0,0.00000001,BTC,16063.406201072174,1.309e-05,0.00078532,191
0,[],22,[],2019-01-23 10:32:03,0.0,0,0,6512817,2019-01-23 10:32:03,,0.0,0.0,0,,0.0,0.0,0.0,197
1,[],26,[],2019-01-23 11:21:13,0.0,0.00000000,0,6512924,2019-01-23 11:21:13,btc,0.0,763478.0,0.00000000,btc,0.0,0.0,0.0,199
0,[],23,[],2019-01-21 03:02:13,0.0,0,0,6478668,2019-01-21 03:02:13,,0.0,0.0,0,,0.0,0.0,0.0,199
0,[],17,[],2019-01-23 10:32:59,0.0,0,0,6512853,2019-01-23 10:32:59,btc,6.802544162063749,0.0,0,btc,105284.55575295,0.0,0.0,200
0,[],2,[],2019-01-21 03:00:56,0.0,0,0,6478648,2019-01-21 03:00:56,,0.0,0.0,0,,0.0,0.0,0.0,201
1,[],4,[],2019-01-23 10:33:29,214581.82841365,0.00000985,0.0000000027664420746349557,6512873,2019-01-23 10:33:29,btc,2.18320978753599,0.0,0.00000985,btc,174960.21541114,0.6717005,1.559902517899387,211
1,[],7,[],2019-01-23 10:32:12,18327397.234413818,0.00000119999999999999994569773419106351042273672646842896938323974609375,0.0000000003370284760976596,6512822,2019-01-23 10:32:12,btc,16317791.13558038,489778.705792,0.00000119999999999999994569773419106351042273672646842896938323974609375,btc,12605681.9076342,0.0,8.430171239726015,212
1,[],5,[],2019-01-23 10:32:43,5.29e-06,0.00000033,0.00000000009268283092685638,6512841,2019-01-23 10:32:43,btc,0.8515617,0.15977395,0.00000033,btc,3.054e-05,0.0,0.09489447,213
1,[],12,[],2019-01-23 10:32:44,245233.54545454,0.0000010600000000000000155604695795119596368749625980854034423828125,0.0000000002977084872195993,6512842,2019-01-23 10:32:44,btc,85023.04752877886,0.0,0.0000010600000000000000155604695795119596368749625980854034423828125,btc,43662.55394032,0.0005859390609556,0.0200932599999994,213
1,[],24,[],2019-01-23 10:32:45,0.0,0.000000050000,0.000000000014042853170735817,6512843,2019-01-23 10:32:45,btc,0.0,0.0,0.000000050000,btc,0.0,0.0,0.0,213
1,[],26,[],2019-01-23 10:32:45,0.0,0.00000003,0.00000000000842571190244149,6512844,2019-01-23 10:32:45,btc,0.0,0.0,0.00000003,btc,0.0,0.0,0.0,213
1,[],22,[],2019-01-23 11:20:43,336251.75,0.00000004,0.000000000011193664385957549,6512912,2019-01-23 11:20:43,BTC,70.21995009,0.0,0.00000004,BTC,147576.73402122577,0.0003432,0.00700807,216
1,[],27,[],2019-01-23 11:20:45,5077895.0,0.00000011,0.00000000003078257706138326,6512913,2019-01-23 11:20:45,btc,619.88519807916,0.0,0.00000011,"btc,ltc",268896.09411,0.0,0.052497,216
1,[],22,[],2019-01-23 10:33:52,275359.8247499803,0.00000213,0.0000000005982255450733458,6512885,2019-01-23 10:33:52,BTC,12547.81269736,0.0,0.00000213,BTC,355533.9247427998,0.09822853,0.37392625,217
1,[],7,[],2019-01-23 10:27:42,0.0,0,0,6512743,2019-01-23 10:27:42,btc,302.5729991391106,0.0,0,btc,133152724.1214003,0.0,0.0,219
0,[],27,[],2019-01-23 10:27:44,0.0,0,0,6512744,2019-01-23 10:27:44,,0.0707349848198,0.0,0,btc,1405342.29226592,0.0,0.0,219
0,[],28,[],2019-01-23 10:27:46,0.0,0,0,6512745,2019-01-23 10:27:46,,143035.5147179825,566740.0,0,btc,6853093.84751,0.0,0.0,219
1,[],22,[],2019-01-23 10:28:02,216002.0,0.0000008,0.00000000022468565073177307,6512750,2019-01-23 10:28:02,BTC,2.09381863,0.0,0.0000008,BTC,26335.55212317522,0.0,0.03087586,221
1,[],24,[],2019-01-23 10:28:02,0.0,0.000000800000,0.00000000022468565073177307,6512751,2019-01-23 10:28:02,btc,0.0,0.0,0.000000800000,btc,0.0,0.0,0.0,221
1,[],26,[],2019-01-23 10:32:59,0.0,0.00000002,0.000000000005617141268294326,6512854,2019-01-23 10:32:59,btc,0.0,10570.0,0.00000002,btc,0.0,0.0,0.0,231
1,[],26,[],2019-01-23 10:32:39,0.0,0.00000003,0.00000000000842571190244149,6512839,2019-01-23 10:32:39,btc,0.0,10500.0,0.00000003,btc,0.0,0.0,0.0,234
0,[],27,[],2019-01-23 10:32:41,0.0,0,0,6512840,2019-01-23 10:32:41,,0.001146299618,0.0,0,"btc,eth",11462.99618,0.0,0.0,234
0,[],22,[],2019-01-23 11:21:47,0.0,0,0,6512939,2019-01-23 11:21:47,,3.09949798,0.0,0,,90218749.58651437,0.0,0.0,235
1,[],4,[],2019-01-23 10:33:33,765673.68605592,0.00000108,0.0000000003033256284878936,6512876,2019-01-23 10:33:33,btc,0.4230795632540809,0.0,0.00000108,btc,300815.69739154,0.13491668,0.2776619110454935,236
1,[],24,[],2019-01-23 10:33:33,0.0,0.000000010000,0.000000000002808570634147163,6512877,2019-01-23 10:33:33,btc,0.0,0.0,0.000000010000,btc,0.0,0.0,0.0,236
1,[],20,[],2019-01-23 10:32:36,35912412.6173,0.000000059,0.000000000016570566741468262,6512837,2019-01-23 10:32:36,btc,14.6139981202934,25508240.1255,0.000000059,btc,29093888.4394,1.454575420001,0.4781200919244,237
0,[],22,[],2019-01-23 10:32:39,0.0,0,0,6512838,2019-01-23 10:32:39,,0.0405823,0.0,0,,3164.0,0.0,0.0,237
1,[],4,[],2019-01-23 10:28:29,3876396.05956841,0.00000031,0.00000000008706568965856206,6512771,2019-01-23 10:28:29,btc,0.5695931204402267,0.0,0.00000031,btc,1682349.40544092,0.19150591,1.1063390740239953,238
1,[],5,[],2019-01-23 10:28:31,3.96e-06,0.00000032,0.00000000008987426029270922,6512772,2019-01-23 10:28:31,btc,0.57700787,0.00825748,0.00000032,btc,2.906e-05,0.0,0.20671848,238
1,[],22,[],2019-01-23 10:28:41,284417.75,0.00000005,0.000000000014042853170735817,6512776,2019-01-23 10:28:41,BTC,15.40428959,0.0,0.00000005,BTC,226438.69643307183,0.0,0.00957683,249
0,[],22,[],2019-01-23 10:28:15,2572166.0,0,0,6512761,2019-01-23 10:28:15,,0.44590852,0.0,0,,12731944.29,0.0,0.05220538,252
1,[],28,[],2019-01-23 10:31:11,3351369.1,0.0000001,0.000000000028085706341471634,6512793,2019-01-23 10:31:11,btc,164692.83793392943,324474.122,0.0000001,btc,1084271.5915,0.0,0.06917683991,256
0,[],27,[],2019-01-23 11:20:25,0.0,0,0,6512905,2019-01-23 11:20:25,,4.96668,0.0,0,"btc,eth",90.59,0.0,0.0,257
1,[],22,[],2019-01-23 11:21:22,56629.5,0.00000009,0.000000000025185744868404484,6512929,2019-01-23 11:21:22,BTC,35605.68088025,0.0,0.00000009,BTC,709585.3310213444,0.0,0.00087345,258
1,[],22,[],2019-01-23 10:33:48,6620.804,0.00000750,0.0000000021064279756103723,6512884,2019-01-23 10:33:48,BTC,4.68382194,0.0,0.00000750,BTC,5828.378238095238,0.00022857,0.03359089,262
1,[],5,[],2019-01-23 10:33:26,0.00010085,0.00000320,0.0000000008987426029270923,6512871,2019-01-23 10:33:26,btc,7.02718173,0.13465018,0.00000320,btc,0.01072183,0.0,0.19030199,264
1,[],20,[],2019-01-23 10:33:28,1783753.8267,0.000001572,0.00000000044150730368793407,6512872,2019-01-23 10:33:28,btc,5.1497326325957,6466.0097,0.000001572,btc,85885.4367,0.0490723280411,0.035045608944,264
1,[],22,[],2019-01-23 11:20:51,211682.5,0.0000002,0.00000000005596832192978774,6512914,2019-01-23 11:20:51,BTC,126.56513002,0.0,0.0000002,BTC,202161.05470818645,0.0021543,0.00849242,271
0,[],22,[],2019-01-23 11:21:29,0.0,0,0,6512931,2019-01-23 11:21:29,,105.69699934,0.0,0,,10568699925.0,0.0,0.0,272
0,[],28,[],2019-01-23 11:21:31,0.0,0,0,6512932,2019-01-23 11:21:31,,4436487.844093915,12649341109.574,0,,119033498147.13359,0.0,0.0,272
