pairValue,buyBook,exchangeId,sellBook,updated,buyTotal,satoshiPrice,usdPrice,exchangeLogId,created,bestPair,sellTotalBtc,volume,pairPrice,activePairs,sellTotal,volumeBtc,buyTotalBtc,coinId
0,[],2,[],2019-01-20 23:28:45,0.0,0,0,6477011,2019-01-20 23:28:45,,0.0,0.0,0,,0.0,0.0,0.0,1
1,[],3,[],2019-06-23 21:05:17,31489.737999819085,0.0107499999999999991395771559155036811716854572296142578125,0.000001193541324999999835581834600,7756258,2019-06-23 21:05:17,btc,10.439906839216018,57.3950138707,0.0107499999999999991395771559155036811716854572296142578125,btc,20.651733670573,0.0,0.37775052213929944,1
1,[],4,[],2019-06-23 21:05:18,353774.71058153,0.01073501,0.000001191877028770999931208146339,7756259,2019-06-23 21:05:18,btc,8.466462276589242,0.0,0.01073501,btc,358.23871189,2.42975751,2.9495906239464307,1
1,[],5,[],2019-06-23 21:05:20,0.0,0,0,7756260,2019-06-23 21:05:20,btc,0.0,0.00167176,0,btc,0.0,0.0,0.0,1
1,[],10,[],2019-06-23 21:05:22,310403.78182357,0.00374613,0.00000041592195012299994,7756261,2019-06-23 21:05:22,btc,6521.728723734019,1438.56620745,0.00374613,btc,1298.42966468,0.0,1.5385706230279677,1
1,[],12,[],2019-06-23 21:05:25,94.39423439000001,0.01068999999999999984956478016329128877259790897369384765625,0.000001186879698999999914794192229,7756262,2019-06-23 21:05:25,btc,0.3692429623065,0.0,0.01068999999999999984956478016329128877259790897369384765625,btc,31.684070459999997,3.144918573185,0.2271512357854,1
1,[],20,[],2019-06-23 21:05:27,919.1114,0.01111,0.000001233511080999999928805143714,7756263,2019-06-23 21:05:27,btc,0.1592711195001,0.8032,0.01111,btc,11.8031,0.0093532139373,0.13485713942,1
1,[],21,[],2019-06-23 21:05:28,1987.94600704,0.01072507999999999968310238074,0.000001190774529667999896087555882,7756264,2019-06-23 21:05:28,btc,13.418348481225928,1247.49625657,0.01072507999999999968310238074309381772764027118682861328125,"btc,eth",1614.14494539,12.109972613207027,16.39356765374599,1
1,[],22,[],2019-06-23 21:05:32,0.0395979803020197,0.01000001,0.000001110272110270999935918157083,7756265,2019-06-23 21:05:32,BTC,0.01666796,0.0,0.01000001,BTC,0.25318100557485945,0.0,0.00021887,1
1,[],24,[],2019-06-23 21:05:33,0.0,0.000000000000,0,7756266,2019-06-23 21:05:33,btc,0.0,0.0,0.000000000000,btc,0.0,0.0,0.0,1
0.0,[],25,[],2019-06-23 21:05:34,0.0,0,0,7756267,2019-06-23 21:05:34,btc,29.299999998985385,8495.79526335,0.0,btc,2663.76978347,92.3574,0.0,1
1,[],26,[],2019-06-23 21:05:36,0.0,0,0,7756268,2019-06-23 21:05:36,,0.0,0.0,0,,0.0,0.0,0.0,1
0,[],28,[],2019-06-23 21:05:38,0.0,0,0,7756269,2019-06-23 21:05:38,,0.0,0.0,0,,0.0,0.0,0.0,1
1,[],5,[],2019-06-17 14:29:02,0.0,0,0,7740076,2019-06-17 14:29:02,btc,0.0,2.72e-05,0,btc,0.0,0.0,0.0,2
1,[],22,[],2019-06-17 14:29:06,11550.3,0.0000002,0.0000000000185828,7740077,2019-06-17 14:29:06,BTC,21.00897301,0.0,0.0000002,"BTC,XMR",20678.87287795317,1.754e-05,0.00143681,2
1,[],5,[],2019-06-03 14:48:58,0.0,0,0,7731126,2019-06-03 14:48:58,btc,0.0,0.05905545,0,btc,0.0,0.0,0.0,3
1,[],12,[],2019-06-03 14:48:59,3468623.70302,0.000000116,0.000000000009823402000000002,7731127,2019-06-03 14:48:59,btc,169531.0336573751,0.0,0.000000116,btc,2361209.62379607,0.041350953071,0.33764769154428,3
0,[],28,[],2019-06-03 14:49:00,0.0,0,0,7731128,2019-06-03 14:49:00,,0.0,0.0,0,,0.0,0.0,0.0,3
0,[],2,[],2019-01-20 23:31:32,0.0,0,0,6477077,2019-01-20 23:31:32,,0.0,0.0,0,,0.0,0.0,0.0,4
1,[],4,[],2019-05-18 21:29:50,562734.9206932,0.00000010,0.000000000007298720000000001,7650946,2019-05-18 21:29:50,btc,41.9347137769675,0.0,0.00000010,btc,1123702.32192634,0.00052462,0.029254593370966,4
0,[],12,[],2019-06-02 05:03:43,0.0,0,0,7724919,2019-06-02 05:03:43,btc,625.901992874995,0.0,0,btc,1211362.4995005,0.0,0.0,5
0,[],2,[],2019-01-20 23:31:51,0.0,0,0,6477087,2019-01-20 23:31:51,,0.0,0.0,0,,0.0,0.0,0.0,6
1,[],11,[],2019-06-23 21:05:39,4043866.276736,0.00000002,0.000000000002220542,7756270,2019-06-23 21:05:39,btc,9583.594431761649,1788000.0,0.00000002,btc,75303924.61494052,0.0,0.040946332767360004,6
1,[],3,[],2019-06-23 21:05:40,13504.057418983077,0.0000850100000000000009282852264647090123617090284824371337890625,0.000000009438413771,7756271,2019-06-23 21:05:40,btc,1026.2927992973796,514.854334368,0.0000850100000000000009282852264647090123617090284824371337890625,btc,362.200256598042,0.0,0.02413181033560007,7
1,[],4,[],2019-06-23 21:05:41,300324.04545781,0.00007412,0.000000008229328651999999,7756272,2019-06-23 21:05:41,btc,7.369841149175271,0.0,0.00007412,btc,56929.97349744,1.37559037,1.7675297526657188,7
1,[],5,[],2019-06-23 21:05:43,0.0,0,0,7756273,2019-06-23 21:05:43,btc,0.0,0.04380876,0,btc,0.0,0.0,0.0,7
1,[],20,[],2019-04-07 22:06:50,3201475.0482,0.000000001,0.000000000000051590000000000004,7213932,2019-04-07 22:06:50,btc,30.8005781811902,0.0,0.000000001,btc,23077405.3926,0.0,0.0032014750482,8
0,[],2,[],2019-01-20 23:22:42,0.0,0,0,6476876,2019-01-20 23:22:42,,0.0,0.0,0,,0.0,0.0,0.0,9
0,[],23,[],2019-01-20 23:22:48,0.0,0,0,6476878,2019-01-20 23:22:48,,0.0,0.0,0,,0.0,0.0,0.0,9
1,[],1,[],2019-02-17 23:31:42,1822507.21,0.00000181000000000000003456111265232042484285557293333113193511962890625,0.000000000066086901,6701244,2019-02-17 23:31:42,btc,3.6990969245,17153386.5,0.00000181000000000000003456111265232042484285557293333113193511962890625,btc,1997391.71,31.11772986,3.2610482446,9
1,[],4,[],2019-06-23 21:05:46,1717682.6201215,0.00000053,0.00000000005884436299999999,7756274,2019-06-23 21:05:46,btc,3.146775809800284,0.0,0.00000053,btc,3071220.79206046,0.46246728,0.4104177635857201,9
0,[],28,[],2019-06-23 21:05:47,0.0,0,0,7756275,2019-06-23 21:05:47,,0.0,0.0,0,,0.0,0.0,0.0,9
1,[],4,[],2019-02-17 11:22:43,4341674.27126056,0.00000002,0.0000000000007272960000000001,6696112,2019-02-17 11:22:43,btc,0.1997230937751353,0.0,0.00000002,btc,4109766.79808031,0.00215132,0.0479381022052112,10
0,[],2,[],2019-01-20 23:23:08,0.0,0,0,6476890,2019-01-20 23:23:08,,0.0,0.0,0,,0.0,0.0,0.0,12
1,[],4,[],2019-06-23 21:05:48,42601715.83118459,0.00000031,0.000000000034418401,7756276,2019-06-23 21:05:48,btc,7.304570613896586,0.0,0.00000031,btc,8909982.41327573,2.80449621,2.3492739767794597,12
1,[],5,[],2019-06-23 21:05:48,0.0,0,0,7756277,2019-06-23 21:05:48,btc,0.0,0.20110279,0,btc,0.0,0.0,0.0,12
0.0,[],25,[],2019-06-23 21:05:50,0.0,0,0,7756278,2019-06-23 21:05:50,,0.0,0.0,0.0,btc,0.0,0.0,0.0,12
1,[],10,[],2019-06-23 19:28:37,566167.00717616,0.00000312,0.000000000342371328,7756113,2019-06-23 19:28:37,btc,666798.3786111651,35463.5242053,0.00000312,btc,868723.63065206,0.0,0.2307870246575122,13
1,[],4,[],2019-06-23 21:05:51,561388.64967362,0.00000318,0.00000000035306617799999995,7756279,2019-06-23 21:05:51,btc,2.035611077159314,0.0,0.00000318,btc,334536.08867097,0.64358044,0.2963018324139719,13
1,[],21,[],2019-06-23 21:05:54,6392767.15097183,0.000003260000000000000127764552410,0.000000000361948346,7756280,2019-06-23 21:05:54,btc,3.0122819780150456,2020517.37681211,0.0000032600000000000001277645524100368135123062529601156711578369140625,btc,738861.0377894699,6.35090908,5.134253428769786,13
0,[],17,[],2019-05-03 00:53:32,0.0,0,0,7558876,2019-05-03 00:53:32,btc,0.0,0.0,0,btc,0.0,0.0,0.0,14
1,[],4,[],2019-06-23 21:05:55,967301.73893801,0.00000061,0.000000000067726531,7756281,2019-06-23 21:05:55,btc,9.444010273940407,0.0,0.00000061,btc,881185.38010536,0.07094222,0.0948869356688529,14
1,[],12,[],2019-06-23 21:05:56,216873.1028504,0.0000007,0.00000000007771896999999999,7756282,2019-06-23 21:05:56,btc,194.74568219459763,0.0,0.0000007,btc,26360.6341631,7.6032039e-05,0.0187070452999779,14
1,[],26,[],2019-06-23 21:07:56,0.0,0.00000050,0.00000000005551355,7756283,2019-06-23 21:07:56,btc,0.0,0.0,0.00000050,btc,0.0,0.0,0.0,14
,[],12,[],2018-12-01 15:15:48,204241.84496,0.00000489,0.000000000202473384,5260204,2018-12-01 15:15:48,btc,49.5475654835,0.0,,btc,35763.2193806,0.0163153972027625,0.0203389899998,15
0,[],4,[],2019-06-23 21:07:57,0.0,0,0,7756284,2019-06-23 21:07:57,,0.0,0.0,0,,0.0,0.0,0.0,15
0,[],2,[],2019-01-20 23:23:38,0.0,0,0,6476906,2019-01-20 23:23:38,,0.0,0.0,0,,0.0,0.0,0.0,18
0,[],17,[],2019-05-03 00:53:39,0.0,0,0,7558882,2019-05-03 00:53:39,btc,0.0,0.0,0,btc,0.0,0.0,0.0,18
1,[],4,[],2019-06-23 21:07:58,31351.69023761,0.00000922,0.000000001023669862,7756285,2019-06-23 21:07:58,btc,2.451338415233863,0.0,0.00000922,btc,16642.83096992,0.07408914,0.0437417819941687,18
1,[],10,[],2019-06-23 21:08:00,391335.89841799,0.00000971,0.000000001078073141,7756286,2019-06-23 21:08:00,btc,14.885890881633307,2448.20199915,0.00000971,btc,10649.38378799,0.0,0.1827710260672596,18
1,[],12,[],2019-06-23 21:08:02,923.58251656,0.000009500000000000000523019128007007338965195231139659881591796875,0.00000000105475745,7756287,2019-06-23 21:08:02,btc,0.5224014962519555,0.0,0.000009500000000000000523019128007007338965195231139659881591796875,btc,1918.34731369,8.075e-07,0.003629686629996,18
0,[],2,[],2019-01-20 23:24:19,0.0,0,0,6476924,2019-01-20 23:24:19,,0.0,0.0,0,,0.0,0.0,0.0,19
1,[],3,[],2019-06-23 20:11:05,159916.66069226546,0.000007639999999999999696627221712486033311506616882979869842529296875,0.000000000842423072,7756166,2019-06-23 20:11:05,btc,193.21584234330305,12994.6057188,0.000007639999999999999696627221712486033311506616882979869842529296875,btc,18858.488404638814,0.0,0.07719899521703559,19
1,[],4,[],2019-06-23 20:11:06,352670.60043992,0.00000847,0.000000000933942856,7756167,2019-06-23 20:11:06,btc,5.5922735817630285,0.0,0.00000847,btc,254100.9089832,0.3673892,1.5194298414773602,19
1,[],5,[],2019-06-23 20:11:08,0.0,0,0,7756168,2019-06-23 20:11:08,btc,0.0,0.0,0,btc,0.0,0.0,0.0,19
1,[],12,[],2019-06-23 20:11:09,109029.33302385,0.0000070199999999999997035075686990790444497179123573005199432373046875,0.000000000774058896,7756169,2019-06-23 20:11:09,btc,1.2053020393967406,0.0,0.0000070199999999999997035075686990790444497179123573005199432373046875,btc,2973.67008334,0.0,0.0198974313764031,19
0,[],27,[],2019-06-23 20:11:14,0.0,0,0,7756170,2019-06-23 20:11:14,,0.0,0.0,0,btc,0.0,0.0,0.0,19
1,[],4,[],2019-06-23 20:11:15,10157212.92416777,0.00000005,0.00000000000551324,7756171,2019-06-23 20:11:15,btc,6.3576665644400085,0.0,0.00000005,btc,2296707.6527402,0.0,0.1211805081896551,20
0,[],4,[],2019-06-23 20:11:16,0.0,0,0,7756172,2019-06-23 20:11:16,,11162.83216943169,0.0,0,,83544556.20649499,0.0,0.0,21
0,[],12,[],2019-06-23 20:11:17,0.0,0,0,7756173,2019-06-23 20:11:17,btc,2602.9478409150947,0.0,0,btc,7530812.30769228,2.1978e-07,0.0,21
0,[],17,[],2019-05-03 00:53:51,0.0,0,0,7558891,2019-05-03 00:53:51,btc,0.0,0.0,0,btc,0.0,0.0,0.0,21
1,[],12,[],2019-06-23 20:13:18,5992802476.122001,0.0000000005,0.000000000000055132400000000004,7756174,2019-06-23 20:13:18,btc,1428624031754.283,0.0,0.0000000005,btc,2571581442.0619383,0.063910327126,1.5072589330333004,23
0.0000000002848398,[],27,[],2019-06-23 20:13:25,65918389.0,1.1393592e-17,1.2563121431616e-21,7756175,2019-06-23 20:13:25,eth,1046.0968162079005,225000.0,0.00000004,eth,7505122.70979221,1.92266865e-12,2.7365622038454e-10,23
1,[],4,[],2019-06-22 05:45:29,6100414.07522138,0.00000017,0.00000000001823352,7751732,2019-06-22 05:45:29,btc,10.22685272773715,0.0,0.00000017,btc,1790815.48208265,0.0,0.1345450262400025,24
0,[],22,[],2019-06-22 05:45:31,0.0,0,0,7751733,2019-06-22 05:45:31,,6.22e-05,0.0,0,,517.4264705882352,0.0,0.0,24
0.0,[],25,[],2019-06-22 05:45:32,0.0,0,0,7751734,2019-06-22 05:45:32,,0.0,0.0,0.0,btc,0.0,0.0,0.0,24
1,[],4,[],2019-06-23 20:13:25,26928544.04435509,0.00000409,0.00000000045098303199999997,7756176,2019-06-23 20:13:25,btc,7.191295470712762,0.0,0.00000409,btc,202949.69533457,0.07265008,0.4104678458253321,26
1,[],10,[],2019-06-23 20:13:28,161229.29084646,0.00000401,0.000000000442161848,7756177,2019-06-23 20:13:28,btc,25.274638607559705,7419.56903315,0.00000401,btc,20347.42672201,0.0,0.049010395545371,26
0,[],2,[],2019-01-20 23:25:56,0.0,0,0,6476976,2019-01-20 23:25:56,,0.0,0.0,0,,0.0,0.0,0.0,26
1,[],5,[],2019-04-26 09:47:06,0.0,0,0,7465326,2019-04-26 09:47:06,btc,0.0,0.0,0,btc,0.0,0.0,0.0,27
1,[],3,[],2019-06-17 14:30:26,13571825.64059417,0.00000001,0.00000000000092914,7740112,2019-06-17 14:30:26,btc,3.485049956644059,4264730.43754,0.00000001,btc,23500048.28518193,0.0,0.1357182564059417,27
1,[],11,[],2019-06-17 14:30:28,2031833.58157834,0.00000001,0.00000000000092914,7740113,2019-06-17 14:30:28,btc,67502.92060589766,32677.9652116,0.00000001,btc,6487362.95640949,0.0,0.0203183358157834,27
1,[],4,[],2019-06-23 20:13:28,873764285.54479,0.00000001,0.000000000001102648,7756178,2019-06-23 20:13:28,btc,6.528416656658749,0.0,0.00000001,"btc,ltc",450563267.36038446,0.10228861,5.4292827286695795,29
1,[],7,[],2019-06-23 20:13:30,88235545.39145988,0.00000001,0.000000000001102648,7756179,2019-06-23 20:13:30,btc,46548272.19330534,0.0,0.00000001,btc,36539984.81459029,0.0,0.8823554539145988,29
1,[],4,[],2019-06-23 20:13:31,15492325.97378427,0.00000005,0.00000000000551324,7756180,2019-06-23 20:13:31,btc,2.5873849655046106,0.0,0.00000005,btc,2237624.01667946,0.00010978,0.1716198680678411,30
0,[],17,[],2019-05-03 01:11:25,0.0,0,0,7559066,2019-05-03 01:11:25,btc,0.0,0.0,0,btc,0.0,0.0,0.0,30
1,[],4,[],2019-06-23 20:15:32,209720.5192697,0.00003582,0.000000003949685136,7756181,2019-06-23 20:15:32,btc,4.184532747934142,0.0,0.00003582,btc,65892.46793963,0.46662405,0.4704993897142818,31
1,[],21,[],2019-06-23 20:15:33,662538.06481247,0.00003437999999999999948185544496,0.000000003790903824,7756182,2019-06-23 20:15:33,btc,3.52760452943235,146564.66107743,0.0000343799999999999994818554449604874889701022766530513763427734375,btc,81307.68906481,5.45408741,3.2565461394830995,31
0,[],2,[],2019-01-20 23:28:43,0.0,0,0,6477009,2019-01-20 23:28:43,,0.0,0.0,0,,0.0,0.0,0.0,32
0,[],4,[],2019-06-23 20:15:35,0.0,0,0,7756183,2019-06-23 20:15:35,,0.0,0.0,0,,0.0,0.0,0.0,33
1,[],12,[],2019-03-30 07:55:10,40641173.964,0.00000003,0.000000000001228359,7108785,2019-03-30 07:55:10,btc,4233210.82356125,0.0,0.00000003,btc,28378394.68333462,0.0126927883965248,0.90752895892,33
0.0000000001271875,[],4,[],2019-06-23 20:15:37,151337531.5162685,6.868125e-17,7.573124295e-21,7756184,2019-06-23 20:15:37,ltc,4.299794611147762,0.0,0.00000054,ltc,164257376.611655,0.0,9.330793703334145e-10,34
1,[],5,[],2019-06-23 20:15:39,0.0,0,0,7756185,2019-06-23 20:15:39,btc,0.0,0.0011,0,btc,0.0,0.0,0.0,34
0.0000000002926451,[],17,[],2019-05-02 18:17:47,200000.0,2.9264510000000002e-18,1.596703856561e-22,7556430,2019-05-02 18:17:47,eth,0.20942468735267253,0.0,0.00000001,"btc,eth",1018272.20243647,0.0,5.852902e-13,36
0.0000000001311821,[],4,[],2019-05-31 13:28:19,2417517744.0607657,1.311821e-18,1.105058333085e-22,7717483,2019-05-31 13:28:19,ltc,5.019900492391546e-08,0.0,0.00000001,ltc,7102398142.262129,0.0,3.171350544531538e-09,36
1,[],5,[],2019-05-31 13:28:21,0.0,0,0,7717484,2019-05-31 13:28:21,btc,0.0,0.0,0,btc,0.0,0.0,0.0,36
0.0000000003108179,[],27,[],2019-05-31 13:30:34,10388811.226876,6.216358000000001e-18,5.236566733830001e-22,7717485,2019-05-31 13:30:34,eth,1569.8708019850988,761866.634299,0.00000002,"ltc,eth",5084024.2511555,4.736034912207001e-12,3.3251980286483705e-11,36
1,[],4,[],2019-06-23 20:15:39,10848112.6575313,0.00000013,0.000000000014334424,7756186,2019-06-23 20:15:39,btc,19773.05414813836,0.0,0.00000013,btc,674991.2496959,0.0,0.1477865110994347,37
1,[],12,[],2019-06-23 20:15:41,4347974.54235103,0.00000014,0.000000000015437072,7756187,2019-06-23 20:15:41,btc,7.404233328279987,0.0,0.00000014,btc,1741436.495313,0.010475352077,0.1680162547956336,37
1,[],27,[],2019-06-23 20:17:46,11304.0,0.00000019,0.000000000020950312,7756188,2019-06-23 20:17:46,btc,22.62970013895233,0.0,0.00000019,btc,4298.824295,0.0,0.00168776,37
1,[],17,[],2019-05-03 01:11:36,211752.74075282,0.00000025,0.000000000013700074999999998,7559074,2019-05-03 01:11:36,btc,0.055484923955058496,0.0,0.00000025,"btc,eth",1387.19918473,0.0,0.0005381851887916605,37
1,[],5,[],2019-06-23 20:17:47,0.0,0,0,7756189,2019-06-23 20:17:47,btc,0.0,0.30105037,0,btc,0.0,0.0,0.0,42
1,[],12,[],2019-06-23 20:17:49,189349.63951194,0.0000015099999999999999422575606977670048536310787312686443328857421875,0.00000000016649984799999998,7756190,2019-06-23 20:17:49,btc,537.9266781445788,0.0,0.0000015099999999999999422575606977670048536310787312686443328857421875,btc,131714.1118978,0.085383194498,0.055002006399923,42
1,[],27,[],2019-06-23 20:17:55,889.0,0.00000140,0.00000000015437072,7756191,2019-06-23 20:17:55,btc,0.07600425,0.0,0.00000140,"btc,eth",18.0,0.0,0.0005422000002992527,42
1,[],12,[],2019-03-13 09:13:29,1112112.0,0.00000001,0.000000000000386531,6919902,2019-03-13 09:13:29,btc,29058.00478931866,0.0,0.00000001,btc,5967681.93306694,9.99000999e-07,0.01112112,43
1,[],5,[],2019-04-26 22:38:52,0.0,0,0,7474154,2019-04-26 22:38:52,btc,0.0,0.02638891,0,btc,0.0,0.0,0.0,43
0,[],17,[],2019-04-26 22:38:53,0.0,0,0,7474155,2019-04-26 22:38:53,btc,0.0,0.0,0,btc,0.0,0.0,0.0,43
1,[],12,[],2019-03-05 01:54:08,639326.02,0.00000004,0.000000000001486676,6845775,2019-03-05 01:54:08,btc,11116042.728239931,0.0,0.00000004,btc,1103841.4595604,0.0003330765234764,0.014975410599999999,44
0.0000000001271875,[],4,[],2019-06-23 20:17:56,106820888.145116,5.0874999999999995e-17,5.6097217e-21,7756192,2019-06-23 20:17:56,ltc,1601.9024650435854,0.0,0.0000004,ltc,26120076.72896898,0.0,6.110784981216447e-10,49
0.0000000001271875,[],4,[],2019-06-23 20:17:56,317662167.17366755,2.5437499999999997e-17,2.80486085e-21,7756193,2019-06-23 20:17:56,ltc,28149.843071883282,0.0,0.0000002,ltc,198083982.717033,0.0,2.434035263464056e-09,52
0,[],22,[],2019-06-23 20:17:59,0.0,0,0,7756194,2019-06-23 20:17:59,,10289.80784133,0.0,0,,287058287.4566013,0.0,0.0,57
0,[],27,[],2019-06-23 20:18:06,0.0,0,0,7756195,2019-06-23 20:18:06,,0.0,0.0,0,"btc,eth",0.0,0.0,0.0,57
0,[],4,[],2019-06-23 20:18:08,0.0,0,0,7756196,2019-06-23 20:18:08,,19.72015836987911,0.0,0,,5713460319.524376,0.0,0.0,58
1,[],12,[],2019-06-23 20:18:09,472052216.0999,0.0000000001,0.000000000000011026480000000001,7756197,2019-06-23 20:18:09,btc,34228810.01181733,0.0,0.0000000001,btc,3010231545.2487082,0.014181637858,0.04720522160999,58
0.0000000001078461,[],22,[],2019-06-23 20:20:12,126877.0,1.078461e-18,1.189162864728e-22,7756198,2019-06-23 20:20:12,XMR,68.17454206,0.0,0.00000001,XMR,9626402.6,0.0,0.00126877,58
1,[],17,[],2019-05-03 01:12:09,1200000.0,0.0000000001,0.00000000000000548003,7559085,2019-05-03 01:12:09,btc,1e+24,0.0,0.0000000001,"btc,eth",39516342.31952568,0.0,0.00010000000058666061,58
1,[],5,[],2019-06-17 14:31:27,0.0,0,0,7740135,2019-06-17 14:31:27,btc,0.0,0.00079154,0,btc,0.0,0.0,0.0,61
1,[],22,[],2019-06-17 14:31:30,13612.833333333334,0.00000012,0.00000000001114968,7740136,2019-06-17 14:31:30,BTC,1002.29123003,0.0,0.00000012,BTC,15014.200177125656,0.0,0.00153257,61
1,[],26,[],2019-06-17 14:31:30,0.0,0.00000050,0.000000000046457,7740137,2019-06-17 14:31:30,btc,0.0,0.0,0.00000050,btc,0.0,0.0,0.0,61
1,[],27,[],2019-06-17 14:31:36,8400.0,0.00000018,0.00000000001672452,7740138,2019-06-17 14:31:36,btc,1.9742539297246655,0.0,0.00000018,"btc,eth",10953.51663696,0.0,0.001512,61
0,[],28,[],2019-06-17 14:31:38,0.0,0,0,7740139,2019-06-17 14:31:38,,0.0,0.0,0,,0.0,0.0,0.0,61
1,[],4,[],2019-06-23 20:20:13,646111.57286743,0.00000075,0.0000000000826986,7756199,2019-06-23 20:20:13,btc,3.5683316851799884,0.0,0.00000075,btc,1309789.41879272,0.04617369,0.3667547397329048,67
0.0,[],25,[],2019-06-23 20:20:14,0.0,0,0,7756200,2019-06-23 20:20:14,,0.0,0.0,0.0,btc,0.0,0.0,0.0,67
1,[],12,[],2019-06-02 06:23:14,910048.355,0.00000006,0.000000000005154929999999999,7725270,2019-06-02 06:23:14,btc,5.167005424215783,0.0,0.00000006,btc,738530.60239759,0.003159757462,0.0187188113,71
,[],5,[],2018-11-20 23:02:39,1.5e-07,0.00000005,0.000000000002128045,4862160,2018-11-20 23:02:39,btc,2.84511358,0.0,,btc,0.00036572,0.0,0.07381892,74
1,[],5,[],2019-06-23 20:20:16,0.0,0,0,7756201,2019-06-23 20:20:16,btc,0.0,0.00521457,0,btc,0.0,0.0,0.0,75
1,[],4,[],2019-06-04 03:25:15,715281.46076168,0.00000001,0.000000000000803619,7734085,2019-06-04 03:25:15,btc,581089.6218469425,0.0,0.00000001,btc,37692563.61091116,0.0,0.0071528146076168,81
0,[],20,[],2019-01-25 09:30:31,0.0,0,0,6495923,2019-01-25 09:30:31,btc,0.0,0.0,0,btc,0.0,0.0,0.0,81
1,[],4,[],2019-06-23 20:20:17,221403.15584212,0.00009065,0.00000000999550412,7756202,2019-06-23 20:20:17,btc,57.24210978643351,0.0,0.00009065,btc,114739.25559321,0.8022466,0.5058453175234338,82
1,[],21,[],2019-06-23 20:20:18,69894.80040153,0.00009100000000000000287009999100,0.0000000100340968,7756203,2019-06-23 20:20:18,btc,6.804610734415893,10638.18508658,0.000091000000000000002870099991003627337704529054462909698486328125,btc,55444.34376597,0.96594329,4.568794663350178,82
0,[],17,[],2019-03-25 22:42:34,0.0,0,0,7038780,2019-03-25 22:42:34,btc,0.0445064681804024,0.0,0,btc,995513.18476001,0.0,0.0,84
0.0000000001161485,[],4,[],2019-05-20 13:09:39,216715621.0206096,1.161485e-18,9.0533806701e-23,7657228,2019-05-20 13:09:39,ltc,1.6511566870244727,0.0,0.00000001,ltc,471032407.9048656,0.0,2.5171194308112273e-10,85
,[],22,[],2018-11-20 23:09:34,3408.1,0.0000001,0.0000000000041895,4862324,2018-11-20 23:09:34,BTC,0.04624735,0.0,,BTC,4990.0,0.0,0.00033081,86
1,[],22,[],2019-06-23 20:20:21,74694.0,0.00000005,0.00000000000551324,7756204,2019-06-23 20:20:21,BTC,1.83892553,0.0,0.00000005,BTC,227024.94736842104,0.00125,0.00122846,87
1,[],27,[],2019-06-23 20:20:26,269536.0,0.00000003,0.000000000003307944,7756205,2019-06-23 20:20:26,btc,2.01453544326,0.0,0.00000003,btc,553681.402,0.0,0.00708608,87
,[],2,[],2018-11-20 23:10:47,0.0,0,0,4862359,2018-11-20 23:10:47,,0.0,0.0,,,0.0,0.0,0.0,88
1,[],11,[],2019-06-17 14:31:59,193715.3529613,0.000073310000000000001140094962881477158589405007660388946533203125,0.00000000681152534,7740147,2019-06-17 14:31:59,btc,168.35454702024953,5791.70569014,0.000073310000000000001140094962881477158589405007660388946533203125,btc,196971.41170107,0.0,1.1996165759440112,89
0,[],2,[],2019-01-20 23:31:45,0.0,0,0,6477083,2019-01-20 23:31:45,,0.0,0.0,0,,0.0,0.0,0.0,91
1,[],12,[],2019-06-18 02:35:48,427715.74,0.00000015,0.000000000013911045000000001,7746087,2019-06-18 02:35:48,btc,116.61022144471085,0.0,0.00000015,btc,193315.55943968,0.000180759303,0.0129558314,91
1,[],22,[],2019-06-20 20:27:07,75910.0,0.00000002,0.000000000001914908,7746207,2019-06-20 20:27:07,BTC,0.49565371,0.0,0.00000002,"BTC,LTC",6.384990670617935,0.0,0.0016592,91
0,[],17,[],2019-05-03 01:12:26,0.0,0,0,7559096,2019-05-03 01:12:26,btc,0.0,0.0,0,btc,0.0,0.0,0.0,91
1,[],22,[],2019-06-23 20:20:30,105655.66666666667,0.00000003,0.000000000003307944,7756206,2019-06-23 20:20:30,BTC,11.40910595,0.0,0.00000003,"BTC,LTC",304615.4683191416,1.271875e-15,0.06677967,95
0.0000000001271875,[],4,[],2019-06-23 20:20:32,536720970.2069856,4.07e-17,4.48777736e-21,7756207,2019-06-23 20:20:32,ltc,11.31718511240393,0.0,0.00000032,ltc,157574924.87374845,0.0,8.383908685520339e-10,96
0,[],12,[],2019-06-23 20:20:33,0.0,0,0,7756208,2019-06-23 20:20:33,btc,36.47491304884116,0.0,0,btc,9855683.88411588,2.5974e-07,0.0,96
0,[],17,[],2019-05-03 01:12:32,0.0,0,0,7559100,2019-05-03 01:12:32,btc,0.0,0.0,0,btc,0.0,0.0,0.0,96
1,[],4,[],2019-04-14 03:32:46,1039404.33283278,0.00000038,0.000000000019245518,7293458,2019-04-14 03:32:46,btc,4.170086055365747,0.0,0.00000038,btc,3097704.34561074,0.06260606,0.1859928211030784,99
0,[],2,[],2019-01-20 23:23:55,0.0,0,0,6476914,2019-01-20 23:23:55,,0.0,0.0,0,,0.0,0.0,0.0,100
1,[],4,[],2019-06-23 20:22:33,283656.79269801,0.00001193,0.000000001315459064,7756209,2019-06-23 20:22:33,btc,7.396088497218021,0.0,0.00001193,btc,167215.36857942,0.26808521,0.254656058838157,100
1,[],22,[],2019-06-05 06:30:35,150000.0,0.00000002,0.000000000001558192,7740007,2019-06-05 06:30:35,BTC,28.56386409,0.0,0.00000002,BTC,12787.719,0.0,0.0017,101
1,[],4,[],2019-06-23 20:22:34,545973.79889661,0.00000184,0.000000000202887232,7756210,2019-06-23 20:22:34,btc,880.1082895590403,0.0,0.00000184,btc,700800.49676896,0.09853809,0.0965690616757046,103
1,[],12,[],2019-06-17 14:32:14,179201505.10870332,0.000000005,0.00000000000046457,7740154,2019-06-17 14:32:14,btc,113577.79366343976,0.0,0.000000005,btc,79148141.67831126,0.019059029059,0.27280986350611003,105
1,[],27,[],2019-06-17 14:32:19,18306828.03496503,0.00000002,0.00000000000185828,7740155,2019-06-17 14:32:19,btc,180.7198218385489,1083.96503497,0.00000002,btc,276513.60142659,7.588e-05,0.3661365606993006,105
1,[],22,[],2019-04-21 00:17:26,21333.0,0.00000001,0.000000000000532493,7385819,2019-04-21 00:17:26,BTC,51.38182867,0.0,0.00000001,BTC,470435.0,0.0,0.00021333,107
1,[],26,[],2019-04-21 00:17:26,0.0,0.00000000,0,7385820,2019-04-21 00:17:26,btc,0.0,0.0,0.00000000,btc,0.0,0.0,0.0,107
1,[],5,[],2019-06-23 20:22:38,0.0,0,0,7756211,2019-06-23 20:22:38,btc,0.0,1.1e-07,0,btc,0.0,0.0,0.0,112
0,[],22,[],2019-06-23 20:22:40,0.0,0,0,7756212,2019-06-23 20:22:40,,6.79500102,0.0,0,,3375892.0833333335,0.0,0.0,112
1,[],27,[],2019-06-23 20:22:46,1.0,0.00000001,0.000000000001102648,7756213,2019-06-23 20:22:46,btc,1.14885,0.0,0.00000001,"btc,eth",39.0,0.0,1e-08,112
1,[],4,[],2019-06-23 20:22:47,1072570.44395498,0.00000061,0.000000000067261528,7756214,2019-06-23 20:22:47,btc,4.6421356490657715,0.0,0.00000061,btc,755587.87885668,0.02014202,0.2418187039128394,113
1,[],5,[],2019-06-23 20:22:49,0.0,0,0,7756215,2019-06-23 20:22:49,btc,0.0,0.0,0,btc,0.0,0.0,0.0,113
1,[],17,[],2019-04-26 02:17:47,162738.278,0.00000004,0.0000000000021069000000000002,7461287,2019-04-26 02:17:47,btc,1.3331140273775473,0.0,0.00000004,btc,51796.221,0.0,0.00230953112,116
1,[],27,[],2019-05-22 05:13:01,210000.0,0.00000001,0.00000000000079145,7666372,2019-05-22 05:13:01,btc,3919.0005001478,0.0,0.00000001,btc,128660.871,0.0,0.0021,116
1,[],4,[],2019-05-21 22:31:11,138169.03963019,0.00000701,0.000000000558364025,7664793,2019-05-21 22:31:11,btc,150.95388250938234,0.0,0.00000701,btc,344631.17141974,0.07552974,0.4288357684941946,120
1,[],7,[],2019-05-21 22:31:12,3901.07750076,0.000010679999999999999389654892212320191902108490467071533203125,0.0000000008506887,7664794,2019-05-21 22:31:12,btc,231188.94669936574,0.0,0.000010679999999999999389654892212320191902108490467071533203125,btc,4133.83151364,0.0,0.0113888422364489,120
1,[],20,[],2019-04-07 18:42:29,1914137.0852,0.000000035,0.0000000000017871910000000002,7211992,2019-04-07 18:42:29,btc,32.2497668025648,25528.85,0.000000035,btc,1001975.4986,0.00089350975,0.0152723574729,125
1,[],22,[],2019-06-17 14:32:38,10000.0,0.00000001,0.00000000000092914,7740161,2019-06-17 14:32:38,BTC,0.032061,0.0,0.00000001,BTC,299316.7611111111,0.0,0.0001,126
0,[],2,[],2019-01-20 23:25:46,0.0,0,0,6476969,2019-01-20 23:25:46,,0.0,0.0,0,,0.0,0.0,0.0,131
1,[],4,[],2019-06-23 20:22:50,967951.45979646,0.00000311,0.000000000342923528,7756216,2019-06-23 20:22:50,btc,2.4377189371158554,0.0,0.00000311,btc,189996.41164326,0.12535309,0.6367192445426781,131
1,[],17,[],2019-05-03 01:13:10,10000.0,0.00000001,0.000000000000548003,7559115,2019-05-03 01:13:10,btc,0.0953976503951408,0.0,0.00000001,btc,5037.62507334,0.0,0.0001,131
1,[],4,[],2019-06-17 14:32:42,4848.49465417,0.00007919,0.00000000735785966,7740163,2019-06-17 14:32:42,btc,0.9905723729472744,0.0,0.00007919,btc,202.13055914,0.0,0.0061509344290166,135
1,[],3,[],2019-06-05 06:33:11,40600.27748212,0.00000001,0.000000000000779096,7740019,2019-06-05 06:33:11,btc,0.2308097808993716,2146378.52189,0.00000001,btc,2477992.76904676,0.0,0.0004060027748212,136
1,[],4,[],2019-06-23 20:24:52,694058.40723958,0.00000170,0.00000000018745016,7756217,2019-06-23 20:24:52,btc,110.18552014594181,0.0,0.00000170,btc,548305.83489147,0.02077658,0.4301702983922898,137
1,[],12,[],2019-06-23 20:24:53,69437.60708839,0.000001599999999999999927596978921418013896982301957905292510986328125,0.00000000017642368,7756218,2019-06-23 20:24:53,btc,79.71223652722108,0.0,0.000001599999999999999927596978921418013896982301957905292510986328125,btc,81255.92097078,3.2e-06,0.0188288399999513,137
1,[],4,[],2019-06-23 20:24:54,496921.96057817,0.00001307,0.0000000014411609359999999,7756219,2019-06-23 20:24:54,btc,5.614078153442434,0.0,0.00001307,btc,158716.99254385,0.45634568,0.2560965904851124,142
1,[],5,[],2019-06-23 20:24:56,0.0,0,0,7756220,2019-06-23 20:24:56,btc,0.0,0.03225298,0,btc,0.0,0.0,0.0,142
1,[],20,[],2019-06-23 20:26:58,266954.3738,0.00001091,0.000000001202988968,7756221,2019-06-23 20:26:58,btc,1.6112951377812,756.7224,0.00001091,btc,10055.3304,0.0107708475735,0.0074821798184,142
1,[],22,[],2019-06-23 20:27:01,10715.0,0.00001299,0.000000001432339752,7756222,2019-06-23 20:27:01,BTC,2.99759384,0.0,0.00001299,BTC,835.7198755539798,0.0,0.00540125,142
0.0,[],25,[],2019-06-23 20:27:02,0.0,0,0,7756223,2019-06-23 20:27:02,,0.0,0.0,0.0,btc,0.0,0.0,0.0,142
0,[],28,[],2019-06-23 20:27:04,0.0,0,0,7756224,2019-06-23 20:27:04,,0.0,0.0,0,,0.0,0.0,0.0,142
1,[],17,[],2019-05-03 01:13:16,32967.38636364,0.00000088,0.000000000048224264,7559122,2019-05-03 01:13:16,btc,20.06976206696776,0.0,0.00000088,btc,2746.079105,0.0,0.0105613000000032,142
0,[],22,[],2019-06-23 20:27:06,0.0,0,0,7756225,2019-06-23 20:27:06,,1635.98618676,0.0,0,,788450755.3,0.0,0.0,143
0,[],22,[],2019-02-25 15:42:22,0.0,0,0,6783783,2019-02-25 15:42:22,,4.2131946,0.0,0,,2322156.0,0.0,0.0,146
,[],22,[],2018-11-20 23:01:11,0.0,0,0,4862114,2018-11-20 23:01:11,,2.56807021,0.0,,,61828.4988236,0.0,0.0,147
1,[],12,[],2019-04-21 06:38:04,193091.5971266,0.00000071,0.000000000037635183,7388679,2019-04-21 06:38:04,btc,2.301232411611175,0.0,0.00000071,btc,9957.48302385,0.00023528,0.0313308199999888,148
1,[],4,[],2019-03-19 21:31:25,255810.0415942,0.00000029,0.000000000011615747,6982695,2019-03-19 21:31:25,btc,218.94922712414143,0.0,0.00000029,btc,793529.37642722,0.00117,0.0608347789473395,152
0,[],22,[],2019-03-19 21:31:27,0.0,0,0,6982696,2019-03-19 21:31:27,,0.0,0.0,0,,0.0,0.0,0.0,152
1,[],5,[],2019-04-26 09:36:59,0.0,0,0,7465040,2019-04-26 09:36:59,btc,0.0,0.0,0,btc,0.0,0.0,0.0,153
,[],16,[],2019-01-11 15:38:59,0.0,0,0,6366141,2019-01-11 15:38:59,btc,0.0,0.0,,btc,0.0,0.0,0.0,155
0,[],23,[],2019-01-20 23:24:29,0.0,0,0,6476932,2019-01-20 23:24:29,,0.0,0.0,0,,0.0,0.0,0.0,156
0,[],22,[],2019-06-04 06:02:09,0.0,0,0,7734688,2019-06-04 06:02:09,,7.43375324,0.0,0,,5955762.942592593,0.0,0.0,156
1,[],22,[],2019-06-23 20:27:11,6996.0,0.00000001,0.000000000001102648,7756226,2019-06-23 20:27:11,BTC,1.7543039,0.0,0.00000001,BTC,57.0,0.0,6.996e-05,157
0,[],22,[],2019-05-21 23:40:32,0.0,0,0,7665049,2019-05-21 23:40:32,,50234.60468402,0.0,0,,54786159.03179465,0.0,0.0,158
,[],17,[],2018-11-20 22:56:10,0.0,0,0,4861976,2018-11-20 22:56:10,btc,1.1265625,0.0,,btc,1000.0,0.0,0.0,159
,[],20,[],2018-11-20 22:56:12,0.0,0,0,4861977,2018-11-20 22:56:12,btc,11912.7940471,0.0,,btc,34413894.3617,0.0,0.0,159
1,[],12,[],2019-05-24 02:51:20,9178.522006449999,0.00000191999999999999982841307998027158276954651228152215480804443359375,0.000000000151222656,7676256,2019-05-24 02:51:20,btc,149.80414728631675,0.0,0.00000191999999999999982841307998027158276954651228152215480804443359375,btc,1115.7451448499999,0.01783167678326,0.0120075778999181,168
1,[],17,[],2019-05-03 01:13:36,42852.0,0.00000002,0.000000000001096006,7559132,2019-05-03 01:13:36,btc,0.04279856251542,0.0,0.00000002,btc,274.46171372,0.0,0.00052852,168
1,[],22,[],2019-05-17 03:01:52,10.0,0.00000001,0.000000000000778341,7642059,2019-05-17 03:01:52,BTC,41.95893009,0.0,0.00000001,BTC,1753972.7737547632,0.0,1e-07,169
1,[],22,[],2019-05-30 08:38:18,202834.0,0.00000002,0.0000000000017416160000000001,7711049,2019-05-30 08:38:18,BTC,27.87002826,0.0,0.00000002,BTC,462189.5410507793,0.0,0.00211768,171
1,[],22,[],2019-05-29 08:05:18,349870.0,0.00000002,0.000000000001705894,7705265,2019-05-29 08:05:18,BTC,24.05907723,0.0,0.00000002,"BTC,LTC",1224285.4355616204,0.0,0.0039847,173
1,[],5,[],2019-06-23 20:27:13,0.0,0,0,7756227,2019-06-23 20:27:13,btc,0.0,0.00148973,0,btc,0.0,0.0,0.0,175
1,[],22,[],2019-06-17 14:33:12,90671.0,0.00000001,0.00000000000092914,7740175,2019-06-17 14:33:12,BTC,394.35459412,0.0,0.00000001,BTC,136275.61833431243,0.0,0.00090671,176
1,[],7,[],2019-06-23 20:27:14,0.0,0,0,7756228,2019-06-23 20:27:14,btc,522272.5884418988,0.0,0,btc,27709400.6421748,0.0,0.0,178
0,[],22,[],2019-06-23 20:27:17,0.0,0,0,7756229,2019-06-23 20:27:17,,1.00242428,0.0,0,,57512.0,0.0,0.0,178
0,[],2,[],2019-01-20 23:28:34,0.0,0,0,6477001,2019-01-20 23:28:34,,0.0,0.0,0,,0.0,0.0,0.0,178
0,[],23,[],2019-01-20 23:25:08,0.0,0,0,6476952,2019-01-20 23:25:08,,0.0,0.0,0,,0.0,0.0,0.0,179
1,[],5,[],2019-06-23 20:27:19,0.0,0,0,7756230,2019-06-23 20:27:19,btc,0.0,0.00499,0,btc,0.0,0.0,0.0,179
0,[],22,[],2019-06-23 20:27:21,0.0,0,0,7756231,2019-06-23 20:27:21,,5.31753917,0.0,0,,14450788.311946675,0.0,0.0,179
1,[],22,[],2019-06-23 20:29:26,676449.8613636363,0.0000004,0.00000000004410592,7756232,2019-06-23 20:29:26,BTC,40.58841025,0.0,0.0000004,"BTC,LTC",149657.62502857723,0.00114406,0.56702342,180
1,[],26,[],2019-06-23 20:29:26,0.0,0.00000010,0.00000000001102648,7756233,2019-06-23 20:29:26,btc,0.0,0.0,0.00000010,btc,0.0,0.0,0.0,180
1,[],17,[],2019-05-03 01:13:56,20504.725000000002,0.0000001,0.00000000000548003,7559141,2019-05-03 01:13:56,btc,5.2010695838400265,0.0,0.0000001,btc,5033.45945,0.0,0.0011504725,180
,[],7,[],2018-11-20 22:58:01,562227.975654,0.00000085,0.000000000036176765,4862015,2018-11-20 22:58:01,btc,21836.6059674,2491.87645172,,btc,749999.041456,0.00211021,0.127565380455,183
,[],5,[],2019-01-10 08:11:41,0.0,0,0,6347036,2019-01-10 08:11:41,btc,82.15055501,0.00261,,btc,1.19002445,0.0,0.0,187
,[],17,[],2018-11-16 20:58:10,4062536.27273,0.00000001,0.000000000000550501,4708775,2018-11-16 20:58:10,btc,3.36492563466,0.195460381006,,"btc,eth",110697919.549,0.0,0.0157628953496,187
1,[],24,[],2019-05-22 21:04:52,0.0,0.000000000014,0.0000000000000010960978,7670219,2019-05-22 21:04:52,btc,0.0,0.0,0.000000000014,btc,0.0,0.0,0.0,187
0,[],22,[],2019-04-25 02:54:07,0.0,0,0,7447896,2019-04-25 02:54:07,,7.54794454,0.0,0,,76361.7243344055,0.0,0.0,191
0,[],22,[],2019-06-17 14:33:34,0.0,0,0,7740182,2019-06-17 14:33:34,,0.0,0.0,0,,0.0,0.0,0.0,197
0,[],23,[],2019-01-20 23:31:41,0.0,0,0,6477079,2019-01-20 23:31:41,,0.0,0.0,0,,0.0,0.0,0.0,199
0,[],22,[],2019-06-23 20:29:29,0.0,0,0,7756234,2019-06-23 20:29:29,,10.58263174,0.0,0,,84280969.0,0.0,0.0,199
1,[],26,[],2019-06-23 20:29:30,0.0,0.00000000,0,7756235,2019-06-23 20:29:30,btc,0.0,0.0,0.00000000,btc,0.0,0.0,0.0,199
0,[],2,[],2019-01-20 23:30:49,0.0,0,0,6477059,2019-01-20 23:30:49,,0.0,0.0,0,,0.0,0.0,0.0,201
1,[],4,[],2019-01-25 15:51:35,2084389.58565343,0.00000936,0.000000000333526752,6499557,2019-01-25 15:51:35,btc,2.0092503037378524,0.0,0.00000936,btc,160195.80207885,0.19272417,1.242687955921835,211
1,[],7,[],2019-06-23 20:29:33,1170054124.6898527,0.00000018,0.000000000019847664,7756236,2019-06-23 20:29:33,btc,1346838.6258339162,0.0,0.00000018,btc,5739479.26464841,0.0,11.954344045954047,212
1,[],12,[],2019-01-25 02:44:32,207462.42853209,0.000001080000000000000035831255497387193287295303889550268650054931640625,0.000000000038610756000000006,6493050,2019-01-25 02:44:32,btc,85023.03793723314,0.0,0.000001080000000000000035831255497387193287295303889550268650054931640625,btc,43675.73520027,0.000146250909087,0.0348620860622024,213
1,[],5,[],2019-05-30 00:07:46,0.0,0,0,7709357,2019-05-30 00:07:46,btc,0.0,0.06425239,0,btc,0.0,0.0,0.0,213
1,[],24,[],2019-05-30 00:07:46,0.0,0.000000399202,0.0000000000344859829346,7709358,2019-05-30 00:07:46,btc,0.0,0.0,0.000000399202,btc,0.0,0.0,0.0,213
1,[],26,[],2019-05-30 00:07:47,0.0,0.00000040,0.000000000034554919999999996,7709359,2019-05-30 00:07:47,btc,0.0,0.0,0.00000040,btc,0.0,0.0,0.0,213
0,[],22,[],2019-06-23 20:29:39,0.0,0,0,7756237,2019-06-23 20:29:39,,9.56923849,0.0,0,,3661587.2040649247,0.0,0.0,216
0,[],27,[],2019-06-23 20:29:45,0.0,0,0,7756238,2019-06-23 20:29:45,,145.7704362515382,0.0,0,"btc,ltc",598562.12538,0.0,0.0,216
1,[],22,[],2019-06-23 20:29:48,500233.7087912088,0.0000002,0.00000000002205296,7756239,2019-06-23 20:29:48,BTC,12055.89740229,0.0,0.0000002,BTC,512990.4678921843,0.00146071,0.02690089,217
1,[],7,[],2019-06-23 20:29:50,0.0,0,0,7756240,2019-06-23 20:29:50,btc,1234912.6160040614,0.0,0,btc,89377746.4752352,0.0,0.0,219
0,[],27,[],2019-06-23 20:29:55,0.0,0,0,7756241,2019-06-23 20:29:55,,250.34372354432625,0.0,0,btc,5709879.26511325,0.0,0.0,219
0,[],28,[],2019-06-23 20:29:56,0.0,0,0,7756242,2019-06-23 20:29:56,,0.0,0.0,0,,0.0,0.0,0.0,219
1,[],22,[],2019-05-23 16:41:05,172069.0,0.00000004,0.0000000000031167080000000004,7674065,2019-05-23 16:41:05,BTC,56.76466137,0.0,0.00000004,BTC,127061.6482738741,0.0,0.00393676,221
1,[],24,[],2019-05-23 16:41:05,0.0,0.000000010000,0.0000000000007791770000000001,7674066,2019-05-23 16:41:05,btc,0.0,0.0,0.000000010000,btc,0.0,0.0,0.0,221
1,[],20,[],2019-06-17 14:34:11,26882155.8301,0.000000003,0.000000000000278742,7740192,2019-06-17 14:34:11,btc,100050.81956632523,233521.3529,0.000000003,btc,38769742.8604,0.0007925640587,0.0306863532672,224
0,[],22,[],2019-06-17 14:34:13,0.0,0,0,7740193,2019-06-17 14:34:13,,0.0,0.0,0,,0.0,0.0,0.0,224
1,[],26,[],2019-06-23 20:29:57,0.0,0.00000022,0.000000000024258256,7756243,2019-06-23 20:29:57,btc,0.0,0.0,0.00000022,btc,0.0,0.0,0.0,231
1,[],26,[],2019-06-23 20:29:57,0.0,0.00000005,0.00000000000551324,7756244,2019-06-23 20:29:57,btc,0.0,0.0,0.00000005,btc,0.0,0.0,0.0,234
0.0000000002848398,[],27,[],2019-06-23 20:30:03,100.0,2.848398e-18,3.140780357904e-22,7756245,2019-06-23 20:30:03,eth,0.0,0.0,0.00000001,"btc,eth",0.0,0.0,2.848398e-16,234
1,[],4,[],2019-05-22 17:06:12,91780.56053785,0.00000078,0.000000000061977552,7669277,2019-05-22 17:06:12,btc,5.573372450018177,0.0,0.00000078,btc,729173.93529783,0.0,0.0307060663355679,236
1,[],24,[],2019-05-22 17:06:12,0.0,0.000000010000,0.000000000000794584,7669278,2019-05-22 17:06:12,btc,0.0,0.0,0.000000010000,btc,0.0,0.0,0.0,236
1,[],5,[],2019-06-23 20:30:05,0.0,0,0,7756246,2019-06-23 20:30:05,btc,0.0,1.65550047,0,btc,0.0,0.0,0.0,237
1,[],20,[],2019-06-23 20:30:07,50357832.9916,0.00000008,0.000000000008821184,7756247,2019-06-23 20:30:07,btc,8172549.23508518,15047616.2687,0.00000008,btc,41518895.5937,1.1897437322721,1.1937364242653,237
1,[],22,[],2019-06-23 20:30:11,2084614.0,0.00000004,0.000000000004410592,7756248,2019-06-23 20:30:11,BTC,1.20112207,0.0,0.00000004,"BTC,LTC",14507.148717948718,0.0,0.02587451,237
0,[],4,[],2019-06-23 20:32:12,0.0,0,0,7756249,2019-06-23 20:32:12,,0.0,0.0,0,,0.0,0.05083089,0.0,238
1,[],5,[],2019-06-23 20:32:13,0.0,0,0,7756250,2019-06-23 20:32:13,btc,0.0,0.01904963,0,btc,0.0,0.0,0.0,238
0,[],22,[],2019-03-12 16:49:32,0.0,0,0,6914458,2019-03-12 16:49:32,,0.40415746,0.0,0,,526736.5639027493,0.0,0.0,249
0,[],22,[],2019-05-28 23:53:45,0.0,0,0,7703643,2019-05-28 23:53:45,,13.44714864,0.0,0,,43777534.3426455,0.0,0.0,252
0,[],28,[],2019-06-23 20:32:15,0.0,0,0,7756251,2019-06-23 20:32:15,,0.0,0.0,0,,0.0,0.0,0.0,256
1,[],22,[],2019-06-23 20:32:19,565615.0,0.00000001,0.000000000001102648,7756252,2019-06-23 20:32:19,BTC,31464.57209997,0.0,0.00000001,BTC,1031955.2230878276,3.618e-05,0.00565615,258
1,[],22,[],2019-05-19 18:12:02,400.0,0.00000001,0.0000000000007957800000000001,7653905,2019-05-19 18:12:02,BTC,2.415167,0.0,0.00000001,BTC,157.0,0.0,4e-06,259
1,[],5,[],2019-06-23 20:32:20,0.0,0,0,7756253,2019-06-23 20:32:20,btc,0.0,0.12118616,0,btc,0.0,0.0,0.0,264
1,[],20,[],2019-06-23 20:32:23,908177.8365,0.000000374,0.000000000041239035199999997,7756254,2019-06-23 20:32:23,btc,1.1555487035043,31038.8539,0.000000374,btc,64989.3185,0.0271498167874,0.0063373356194,264
0,[],22,[],2019-04-12 17:57:27,0.0,0,0,7278186,2019-04-12 17:57:27,,66.37522201,0.0,0,,677842.4169881374,0.0,0.0,271
0,[],22,[],2019-06-23 20:32:25,0.0,0,0,7756255,2019-06-23 20:32:25,,33050469.74148113,0.0,0,,14261527780.7,0.0,0.0,272
0,[],28,[],2019-06-23 20:32:27,0.0,0,0,7756256,2019-06-23 20:32:27,,0.0,0.0,0,,0.0,0.0,0.0,272
1,[],22,[],2019-05-23 07:12:29,219930.0,0.00000004,0.000000000003048688,7671985,2019-05-23 07:12:29,BTC,426.77835217,0.0,0.00000004,BTC,248664.3325962929,0.0,0.00739728,281
1,[],22,[],2019-06-23 20:32:32,25477.1,0.00000001,0.000000000001102648,7756257,2019-06-23 20:32:32,BTC,2.76825555,0.0,0.00000001,"BTC,LTC",1075197.637193209,1.842e-05,0.00475046,286
0,[],22,[],2019-06-17 14:34:53,0.0,0,0,7740207,2019-06-17 14:34:53,,7337915.80475575,0.0,0,,2078527309.6797826,0.0,0.0,294
