pairValue,buyBook,exchangeId,sellBook,updated,buyTotal,satoshiPrice,usdPrice,exchangeLogId,created,bestPair,sellTotalBtc,volume,pairPrice,activePairs,sellTotal,volumeBtc,buyTotalBtc,coinId
1,[],3,[],2019-01-25 15:37:20,106.036751519678,0.01244140999999999996905586385764763690531253814697265625,0.000000443510139539,6499130,2019-01-25 15:37:20,btc,106.96138399738898,0.36,0.01244140999999999996905586385764763690531253814697265625,btc,13.506897382751001,0.0,0.13833249851989574,1
1,[],4,[],2019-01-25 15:37:21,25081.35450857,0.01260843,0.000000449464051797,6499131,2019-01-25 15:37:21,btc,0.7130039701102582,0.0,0.01260843,btc,52.63155933,1.49136797,1.2801668074513721,1
1,[],5,[],2019-01-25 15:37:22,0.22001272,0.01252177,0.000000446374804783,6499132,2019-01-25 15:37:22,btc,14578.47484025,0.00868666,0.01252177,btc,35555556.32873116,0.0,1.45606705,1
1,[],10,[],2019-01-25 15:37:24,268771.65253765,0.01246201,0.00000044424448627900003,6499133,2019-01-25 15:37:24,btc,6396.579273910763,1919.24691465,0.01246201,btc,903.07362193,0.0,2.9986713755091454,1
1,[],12,[],2019-01-25 15:37:26,10411.07427599,0.0124499999999999992617016886242709006182849407196044921875,0.00000044381635499999997,6499134,2019-01-25 15:37:26,btc,0.4637436996405,0.0,0.0124499999999999992617016886242709006182849407196044921875,btc,30.66381208,0.0225586334608,0.10252107805930001,1
1,[],20,[],2019-01-25 15:37:28,1350.2693,0.010510002,0.0000003746595002958,6499135,2019-01-25 15:37:28,btc,0.0836892101406,0.5,0.010510002,btc,4.0102,0.0052550005,0.1057894651751,1
0.0000000003248891,[],21,[],2019-01-25 15:37:29,2435.15953514,0.00000000010753829210000002,0.00000000000000383351428295159,6499136,2019-01-25 15:37:29,eth,25.240479278296974,7012.26553256,0.331000000000000016431300764452316798269748687744140625,"btc,eth",2311.5800971999997,88.20635167,26.49528545180728,1
1,[],22,[],2019-01-25 15:37:41,0.0363776,0.01400000,0.0000004990706,6499137,2019-01-25 15:37:41,BTC,0.31387019,0.0,0.01400000,BTC,0.09333966666666667,0.0,0.00048472,1
1,[],24,[],2019-01-25 15:37:41,0.0,0.000000000000,0,6499138,2019-01-25 15:37:41,btc,0.0,0.0,0.000000000000,btc,0.0,0.0,0.0,1
1,[],25,[],2019-01-25 15:37:42,383.80945989,0.01252367,0.00000044644253579300003,6499139,2019-01-25 15:37:42,btc,16.02729999837113,1091.47167093,0.01252367,btc,1234.47566348,14.1129,4.712999999239263,1
1,[],28,[],2019-01-25 15:37:44,987.9,0.01131000,0.00000040317774900000003,6499140,2019-01-25 15:37:44,btc,0.162839806,13313.3,0.01131000,btc,8.9,0.0,0.024551096,1
0,[],2,[],2019-01-20 23:28:45,0.0,0,0,6477011,2019-01-20 23:28:45,,0.0,0.0,0,,0.0,0.0,0.0,1
,[],26,[],2018-11-28 08:36:25,0.0,0.02269021,0.000000905623006625,5137884,2018-11-28 08:36:25,btc,0.0,2559.40051283,,btc,0.0,0.0,0.0,1
1,[],5,[],2019-01-25 15:38:51,1.684e-05,0.00000068,0.000000000024216840000000003,6499164,2019-01-25 15:38:51,btc,0.16445762,0.01238035,0.00000068,btc,7.267e-05,0.0,0.52177171,2
1,[],22,[],2019-01-25 15:38:55,1254.625335862178,0.00000039,0.000000000013889070000000001,6499165,2019-01-25 15:38:55,BTC,0.0231611,0.0,0.00000039,"BTC,XMR",14562.72385,0.0,0.00091682,2
1,[],5,[],2019-01-25 15:39:09,1.42e-06,0.00000017,0.000000000006054210000000001,6499173,2019-01-25 15:39:09,btc,3.89885261,0.04230597,0.00000017,btc,2.267e-05,0.0,2.86846906,3
1,[],12,[],2019-01-25 15:39:10,12560935.47768884,0.000000168,0.000000000005982984,6499174,2019-01-25 15:39:10,btc,921315.1839798867,0.0,0.000000168,btc,7822806.5710511,0.05071135088650569,0.5660482221802944,3
0,[],28,[],2019-01-25 15:39:12,0.0,0,0,6499175,2019-01-25 15:39:12,,0.0,0.0,0,,0.0,0.0,0.0,3
0,[],2,[],2019-01-20 23:31:32,0.0,0,0,6477077,2019-01-20 23:31:32,,0.0,0.0,0,,0.0,0.0,0.0,4
1,[],4,[],2019-01-25 15:40:00,317322.90432041,0.00000045,0.00000000001602585,6499194,2019-01-25 15:40:00,btc,0.49327878143499,0.0,0.00000045,btc,320776.78978335,0.00759457,0.0462326552546442,4
1,[],12,[],2019-01-25 15:40:02,1222127.5219999999,0.00000003,0.00000000000106839,6499196,2019-01-25 15:40:02,btc,11013867.817925906,0.0,0.00000003,btc,969763.77092902,0.0,0.01617509044,5
0,[],2,[],2019-01-20 23:31:51,0.0,0,0,6477087,2019-01-20 23:31:51,,0.0,0.0,0,,0.0,0.0,0.0,6
1,[],11,[],2019-01-25 15:40:13,3384831.0,0.00000001,0.00000000000035613,6499201,2019-01-25 15:40:13,btc,9432.277163828405,700000.0,0.00000001,btc,41556185.65759839,0.0,0.03384831,6
1,[],3,[],2019-01-25 15:40:19,1051.093167918516,0.00015051999999999998865705952422189284334308467805385589599609375,0.00000000536046876,6499204,2019-01-25 15:40:19,btc,30.108593419388622,0.0,0.00015051999999999998865705952422189284334308467805385589599609375,btc,231.077492617847,0.0,0.028198323718741553,7
1,[],4,[],2019-01-25 15:40:20,25275.65218875,0.00016505,0.00000000587792565,6499205,2019-01-25 15:40:20,btc,1.8146115320272949,0.0,0.00016505,btc,9936.65947693,2.21019602,3.818110672444754,7
1,[],5,[],2019-01-25 15:40:21,0.00569542,0.00016055,0.00000000571766715,6499206,2019-01-25 15:40:21,btc,1.24143895,0.16511375,0.00016055,btc,0.01124036,0.0,1.45189822,7
1,[],20,[],2019-01-25 15:40:30,61771509.8802,0.000000001,0.000000000000035613,6499209,2019-01-25 15:40:30,btc,121.193338259396,0.0,0.000000001,btc,26031125.3262,0.0,0.0617715098802,8
0,[],2,[],2019-01-20 23:22:42,0.0,0,0,6476876,2019-01-20 23:22:42,,0.0,0.0,0,,0.0,0.0,0.0,9
0,[],23,[],2019-01-20 23:22:48,0.0,0,0,6476878,2019-01-20 23:22:48,,0.0,0.0,0,,0.0,0.0,0.0,9
1,[],1,[],2019-01-25 15:40:38,1241121.72,0.0000019499999999999999646983772638719756287173368036746978759765625,0.00000000006944535000000001,6499214,2019-01-25 15:40:38,btc,8.7663451852,23986970.08,0.0000019499999999999999646983772638719756287173368036746978759765625,btc,4406709.649999999,45.78990201,2.3927490488,9
1,[],4,[],2019-01-25 15:40:38,417461.45560914,0.00000192,0.00000000006837696,6499215,2019-01-25 15:40:38,btc,0.8132415362001538,0.0,0.00000192,btc,405844.89957718,2.12711311,0.7230224849272592,9
1,[],28,[],2019-01-25 15:40:42,34500.0,0.00000165,0.00000000005876145000000001,6499216,2019-01-25 15:40:42,btc,2708.7525973402,2744420.0,0.00000165,btc,8331.02,0.0,0.02854,9
1,[],4,[],2019-01-25 15:40:49,5195475.07026053,0.00000002,0.00000000000071226,6499220,2019-01-25 15:40:49,btc,0.2176847570456985,0.0,0.00000002,btc,4211774.99539122,0.00151907,0.0557388459052106,10
0,[],2,[],2019-01-20 23:23:08,0.0,0,0,6476890,2019-01-20 23:23:08,,0.0,0.0,0,,0.0,0.0,0.0,12
1,[],4,[],2019-01-25 15:41:01,2081775.934873,0.00000147,0.000000000052351110000000006,6499227,2019-01-25 15:41:01,btc,1.064076729676291,0.0,0.00000147,btc,690069.55495208,2.08062411,2.8715538290790192,12
1,[],5,[],2019-01-25 15:41:03,1.937e-05,0.00000144,0.00000000005128272,6499228,2019-01-25 15:41:03,btc,0.15801662,0.46698142,0.00000144,btc,0.00011067,0.0,0.29274238,12
,[],25,[],2019-01-11 15:39:35,0.0,0,0,6366164,2019-01-11 15:39:35,,0.0,0.0,,btc,0.0,0.0,0.0,12
1,[],4,[],2019-01-25 15:36:40,342961.91135642,0.00000667,0.000000000237771493,6499105,2019-01-25 15:36:40,btc,0.2651097161911297,0.0,0.00000667,btc,37283.82081971,0.53974026,1.6160260064861223,13
1,[],21,[],2019-01-25 15:36:44,1543097.44961661,0.0000069999999999999998949950195947788955663781962357461452484130859375,0.0000000002495353,6499106,2019-01-25 15:36:44,btc,5.453258348813276,477365.84542583,0.0000069999999999999998949950195947788955663781962357461452484130859375,btc,698482.14258388,3.3598531,6.1850291068584164,13
1,[],10,[],2019-01-25 15:29:29,618827.32119527,0.00000669,0.000000000238174035,6498899,2019-01-25 15:29:29,btc,666784.4306778673,5545.71710433,0.00000669,btc,830141.36508982,0.0,0.8714857280873383,13
1,[],4,[],2019-01-25 15:34:10,790550.76243162,0.00000194,0.000000000069156926,6499029,2019-01-25 15:34:10,btc,0.2296286989783576,0.0,0.00000194,btc,86339.80593578,0.18265811,0.288191684417859,14
1,[],12,[],2019-01-25 15:34:11,88296.47933816,0.000001799999999999999918546601286595265634105089702643454074859619140625,0.00000000006416622,6499030,2019-01-25 15:34:11,btc,1.7920680571425203,0.0,0.000001799999999999999918546601286595265634105089702643454074859619140625,btc,38914.61521423,0.0005402213852196,0.0210307964838332,14
0,[],17,[],2019-01-25 15:34:13,0.0,0,0,6499031,2019-01-25 15:34:13,btc,0.0,0.0,0,btc,0.0,0.0,0.0,14
1,[],26,[],2019-01-25 15:34:13,0.0,0.00000020,0.00000000000712958,6499032,2019-01-25 15:34:13,btc,0.0,0.0,0.00000020,btc,0.0,0.0,0.0,14
0,[],4,[],2019-01-25 15:37:55,0.0,0,0,6499149,2019-01-25 15:37:55,,0.0,0.0,0,,0.0,0.0,0.0,15
,[],12,[],2018-12-01 15:15:48,204241.84496,0.00000489,0.000000000202473384,5260204,2018-12-01 15:15:48,btc,49.5475654835,0.0,,btc,35763.2193806,0.0163153972027625,0.0203389899998,15
0,[],2,[],2019-01-20 23:23:38,0.0,0,0,6476906,2019-01-20 23:23:38,,0.0,0.0,0,,0.0,0.0,0.0,18
1,[],4,[],2019-01-25 15:34:20,26017.61379772,0.00001775,0.000000000632750225,6499035,2019-01-25 15:34:20,btc,1.2140873507045673,0.0,0.00001775,btc,6740.61803486,0.21016405,0.090364103108299,18
1,[],10,[],2019-01-25 15:34:22,390903.37568561,0.000018,0.0000000006416622,6499036,2019-01-25 15:34:22,btc,15.55639647945007,363.10831283,0.000018,btc,10500.54211908,0.0,0.1967388622417878,18
1,[],12,[],2019-01-25 15:34:23,200394.51420236,0.00001722000000000000114776244064529464594670571386814117431640625,0.0000000006138568380000001,6499037,2019-01-25 15:34:23,btc,0.2028012548781292,0.0,0.00001722000000000000114776244064529464594670571386814117431640625,btc,2326.50643457,3.526e-05,0.0203431481370988,18
0,[],17,[],2019-01-25 15:34:24,0.0,0,0,6499038,2019-01-25 15:34:24,btc,0.0,0.0,0,btc,0.0,0.0,0.0,18
0,[],2,[],2019-01-20 23:24:19,0.0,0,0,6476924,2019-01-20 23:24:19,,0.0,0.0,0,,0.0,0.0,0.0,19
1,[],3,[],2019-01-25 15:34:47,108260.73369953402,0.0000381099999999999993448296375930794965825043618679046630859375,0.000000001358541469,6499051,2019-01-25 15:34:47,btc,1.2998652098987018,0.80529903053,0.0000381099999999999993448296375930794965825043618679046630859375,btc,8495.24261433997,0.0,0.0980552279316982,19
1,[],4,[],2019-01-25 15:34:48,67767.00731804,0.00004144,0.000000001477248976,6499052,2019-01-25 15:34:48,btc,1.9811644342537318,0.0,0.00004144,btc,39584.01734009,0.46015898,1.4949579184640145,19
1,[],5,[],2019-01-25 15:34:49,0.00029437,0.00003057,0.000000001089756303,6499053,2019-01-25 15:34:49,btc,0.30953299,0.0,0.00003057,btc,0.00350592,0.0,0.19117301,19
1,[],12,[],2019-01-25 15:34:50,129215.42312129,0.0000368500000000000012441436769705660481122322380542755126953125,0.000000001313625115,6499054,2019-01-25 15:34:50,btc,1.9920402817121774,0.0,0.0000368500000000000012441436769705660481122322380542755126953125,btc,419.49251023,0.0,0.0378705420195365,19
0,[],27,[],2019-01-25 15:34:52,0.0,0,0,6499055,2019-01-25 15:34:52,,0.0,0.0,0,btc,0.0,0.0,0.0,19
1,[],4,[],2019-01-25 15:35:23,9440120.03177168,0.00000014,0.000000000004990706,6499071,2019-01-25 15:35:23,btc,0.8258869516373093,0.0,0.00000014,btc,1595401.4574161,0.01228151,0.3946498407846703,20
1,[],4,[],2019-01-25 15:35:43,121141508.88101596,0.00000002,0.000000000000712958,6499077,2019-01-25 15:35:43,btc,0.9339508795554453,0.0,0.00000002,btc,20180245.05023587,0.12294056,1.4826097618301597,21
1,[],12,[],2019-01-25 15:35:44,20531022.0,0.00000002,0.000000000000712958,6499078,2019-01-25 15:35:44,btc,668.0370651689523,0.0,0.00000002,btc,8333541.8441585805,2.624e-05,0.28355695000000003,21
0,[],17,[],2019-01-25 15:35:46,0.0,0,0,6499079,2019-01-25 15:35:46,btc,0.0,0.0,0,btc,0.0,0.0,0.0,21
1,[],12,[],2019-01-25 15:36:00,4653293584.531896,0.0000000001,0.00000000000000356479,6499087,2019-01-25 15:36:00,btc,621663608673.8889,0.0,0.0000000001,btc,6488709309.685546,0.002302769941758238,0.46532935845318957,23
0,[],27,[],2019-01-25 15:36:01,0.0,0,0,6499088,2019-01-25 15:36:01,,0.424699,0.0,0,eth,424699.0,0.0,0.0,23
1,[],4,[],2019-01-25 15:36:08,2235848.33050508,0.00000087,0.000000000031013673,6499090,2019-01-25 15:36:08,btc,0.1374107345921096,0.0,0.00000087,btc,97602.86692493,0.00609189,0.444265704623196,24
1,[],22,[],2019-01-25 15:36:11,11.76,0.00000100,0.0000000000356479,6499091,2019-01-25 15:36:11,BTC,7.415e-05,0.0,0.00000100,BTC,23.919354838709676,0.0,1.176e-05,24
,[],25,[],2019-01-11 15:42:09,0.0,0,0,6366241,2019-01-11 15:42:09,,0.0,0.0,,btc,0.0,0.0,0.0,24
1,[],4,[],2019-01-25 15:36:30,10034202.7428402,0.00000709,0.000000000252743611,6499098,2019-01-25 15:36:30,btc,0.4610301631150343,0.0,0.00000709,btc,37968.23021602,0.18500236,0.2576729760555837,26
1,[],10,[],2019-01-25 15:36:32,728388.57746425,0.00000769,0.000000000274132351,6499099,2019-01-25 15:36:32,btc,27.974220787301274,0.0,0.00000769,btc,12525.42087038,0.0,0.2023455074770675,26
0,[],2,[],2019-01-20 23:25:56,0.0,0,0,6476976,2019-01-20 23:25:56,,0.0,0.0,0,,0.0,0.0,0.0,26
1,[],3,[],2019-01-25 15:36:33,7640316.32908122,0.00000001,0.000000000000356479,6499100,2019-01-25 15:36:33,btc,3.0985068247746517,27327.0,0.00000001,btc,17904097.89243544,0.0,0.0764031632908122,27
1,[],5,[],2019-01-25 15:36:34,1e-08,0.00000001,0.000000000000356479,6499101,2019-01-25 15:36:34,btc,2.61407479,0.00054715,0.00000001,btc,4.13e-05,0.0,0.02279358,27
1,[],11,[],2019-01-25 15:36:36,10597882.41182718,0.00000005,0.0000000000017823949999999999,6499102,2019-01-25 15:36:36,btc,370.53275036350783,1000.0,0.00000005,btc,8220964.80991447,0.0,0.4932896594767663,27
1,[],4,[],2019-01-25 15:36:38,264799837.76187047,0.00000003,0.000000000001069437,6499103,2019-01-25 15:36:38,btc,3.1039067703262306,0.0,0.00000003,"btc,ltc",107211877.66854522,2.5226206,3.2739691018416575,29
1,[],7,[],2019-01-25 15:36:39,40166222.363582574,0.00000003,0.0000000000010694369999999998,6499104,2019-01-25 15:36:39,btc,44465218.10200335,625357.254978,0.00000003,btc,38823386.84479043,0.02166383,0.7364180185235137,29
1,[],4,[],2019-01-25 15:37:08,1278109.0531557,0.00000038,0.000000000013546202000000001,6499120,2019-01-25 15:37:08,btc,0.3026486613585618,0.0,0.00000038,btc,475667.74200031,0.01208147,0.072446383547349,30
0,[],17,[],2019-01-25 15:37:10,0.0,0,0,6499121,2019-01-25 15:37:10,btc,0.0,0.0,0,btc,0.0,0.0,0.0,30
1,[],4,[],2019-01-25 15:37:17,38823.53839056,0.00009433,0.0000000033626664070000002,6499127,2019-01-25 15:37:17,btc,1.4992677494011855,0.0,0.00009433,btc,14068.542855,1.63082676,2.863970820965785,31
1,[],21,[],2019-01-25 15:37:18,78568.39157757,0.000091009999999999997692158582029975377736263908445835113525390625,0.0000000032443153789999998,6499128,2019-01-25 15:37:18,btc,5.115768745036665,526005.91468794,0.000091009999999999997692158582029975377736263908445835113525390625,btc,52832.34609555,48.28301539,6.86776121151604,31
0,[],2,[],2019-01-20 23:28:43,0.0,0,0,6477009,2019-01-20 23:28:43,,0.0,0.0,0,,0.0,0.0,0.0,32
1,[],4,[],2019-01-25 15:37:56,132181103.8408257,0.00000005,0.000000000001782395,6499150,2019-01-25 15:37:56,btc,1.0140399947367855,0.0,0.00000005,"btc,ltc",21672392.26378437,1.28317147,1.9590172754378794,33
1,[],12,[],2019-01-25 15:37:57,24270311.0,0.00000006,0.0000000000021388739999999996,6499151,2019-01-25 15:37:57,btc,17261783.050480813,0.0,0.00000006,btc,87395364.09390602,0.3720296344755223,0.96536091,33
1,[],4,[],2019-01-25 15:37:58,121937521.49936458,0.00000002,0.000000000000712958,6499152,2019-01-25 15:37:58,btc,0.7778576983830005,0.0,0.00000002,btc,25642667.64161682,0.03564952,1.238943312703646,34
1,[],5,[],2019-01-25 15:38:01,3e-08,0.00000002,0.000000000000712958,6499153,2019-01-25 15:38:01,btc,3.15691075,0.01219489,0.00000002,btc,1.394e-05,0.0,0.77186813,34
0.00000000009093590000000001,[],4,[],2019-01-25 15:35:16,2870462233.500186,3.6374360000000005e-18,1.2966695478440002e-22,6499067,2019-01-25 15:35:16,ltc,3.5181119572470838e-09,0.0,0.00000004,ltc,616267982.764888,0.0,6.7002178766706525e-09,36
1,[],5,[],2019-01-25 15:35:18,0.0,0,0,6499068,2019-01-25 15:35:18,btc,202.44189641,0.0,0,btc,1.295e-05,0.0,0.0,36
0,[],17,[],2019-01-25 15:35:19,0.0,0,0,6499069,2019-01-25 15:35:19,btc,0.08200904495960332,0.0,0,btc,5842697.91583647,0.0,0.0,36
0.00000000009093590000000001,[],27,[],2019-01-25 15:35:22,1000000.0,9.093590000000001e-19,3.2416738696100004e-23,6499070,2019-01-25 15:35:22,ltc,448.55669329,0.0,0.00000001,"ltc,eth",3581972.58,0.0,9.093590000000001e-13,36
1,[],4,[],2019-01-25 15:35:09,439409.08697479,0.00000142,0.000000000050620018,6499062,2019-01-25 15:35:09,btc,0.4382594094893932,0.0,0.00000142,btc,233451.5330803,0.00628532,0.388910706222868,37
1,[],12,[],2019-01-25 15:35:10,461295.17029839,0.000001430000000000000072932653839841155019030338735319674015045166015625,0.000000000050976497,6499063,2019-01-25 15:35:10,btc,1330.8862303899855,0.0,0.000001430000000000000072932653839841155019030338735319674015045166015625,btc,748457.25121444,0.1089077740512925,0.3482647853333143,37
1,[],17,[],2019-01-25 15:35:11,1752.74075282,0.00000025,0.000000000008911975,6499064,2019-01-25 15:35:11,btc,0.05548731397420022,0.0,0.00000025,btc,1388.79251806,0.0,0.00043818518820499993,37
1,[],27,[],2019-01-25 15:35:13,3640.0609574,0.00569910,0.00000020316094689,6499065,2019-01-25 15:35:13,btc,22.37095737308125,0.001833,0.00569910,btc,2948.884381,1.045e-05,0.000368193331273,37
1,[],5,[],2019-01-25 15:39:21,1.517e-05,0.00000108,0.000000000038462040000000004,6499180,2019-01-25 15:39:21,btc,0.14823034,0.08295149,0.00000108,btc,0.0001318,0.0,0.0614802,42
1,[],12,[],2019-01-25 15:39:23,100471.86928104,0.00000119000000000000004144145963891343598106686840765178203582763671875,0.000000000042379470000000004,6499181,2019-01-25 15:39:23,btc,108.87794854947667,0.0,0.00000119000000000000004144145963891343598106686840765178203582763671875,btc,64729.21785629,0.0447382021882428,0.0346185099999936,42
0,[],27,[],2019-01-25 15:39:25,0.0,0,0,6499182,2019-01-25 15:39:25,,0.00315028,0.0,0,"btc,eth",11.007,0.0,0.0,42
1,[],5,[],2019-01-25 15:40:34,3e-08,0.00000002,0.00000000000071226,6499211,2019-01-25 15:40:34,btc,5.95702901,0.00030469,0.00000002,btc,1.425e-05,0.0,0.56473423,43
1,[],12,[],2019-01-25 15:40:35,8211141.0,0.00000002,0.00000000000071226,6499212,2019-01-25 15:40:35,btc,20007433.292514466,0.0,0.00000002,btc,39315621.1992008,0.0001550150949051,0.08211163,43
0,[],17,[],2019-01-25 15:40:37,0.0,0,0,6499213,2019-01-25 15:40:37,btc,0.0,0.0,0,btc,0.0,0.0,0.0,43
1,[],12,[],2019-01-25 15:39:45,762170.0,0.00000007,0.0000000000024929100000000005,6499187,2019-01-25 15:39:45,btc,11114761.212552028,0.0,0.00000007,btc,955774.89867649,0.0009518979620392,0.02040521,44
1,[],4,[],2019-01-25 15:39:15,237069106.4279541,0.00000003,0.00000000000106839,6499177,2019-01-25 15:39:15,btc,0.22214514343117467,0.0,0.00000003,"btc,ltc",6570893.73267107,0.00186615,0.6029843023755305,49
0.00000000009093590000000001,[],4,[],2019-01-25 15:37:06,4253483349.526405,1.8187180000000003e-18,6.483347739220001e-23,6499118,2019-01-25 15:37:06,ltc,5.044116688078941,0.0,0.00000002,ltc,1636710054.3110626,0.0,4.9616001583587676e-09,52
0,[],22,[],2019-01-25 15:36:47,0.0,0,0,6499107,2019-01-25 15:36:47,,3693.5492881,0.0,0,,265491938.90882352,0.0,0.0,57
0,[],27,[],2019-01-25 15:36:49,0.0,0,0,6499108,2019-01-25 15:36:49,,0.0,0.0,0,"btc,eth",0.0,0.0,0.0,57
0.00000000009097249999999999,[],4,[],2019-01-25 15:39:01,1475887599.9307113,6.368075e-18,2.26786254975e-22,6499169,2019-01-25 15:39:01,ltc,3.3367870098335572,0.0,0.00000007,ltc,781405872.1775126,0.10978011,6.534964639059459e-09,58
1,[],12,[],2019-01-25 15:39:03,2647130188.327952,0.0000000007,0.000000000000024929100000000002,6499170,2019-01-25 15:39:03,btc,123638817728.0227,0.0,0.0000000007,btc,2990214472.4456544,0.16860684895874128,1.0473272160915363,58
0,[],17,[],2019-01-25 15:39:04,0.0,0,0,6499171,2019-01-25 15:39:04,btc,1e+24,0.0,0,btc,41616695.958325684,0.0,0.0,58
0.000000000125967,[],22,[],2019-01-25 15:39:08,137438.0,1.2596700000000001e-18,4.486062771000001e-23,6499172,2019-01-25 15:39:08,XMR,69.8835922,0.0,0.00000001,XMR,9887963.0,0.0,0.00137438,58
1,[],5,[],2019-01-25 15:35:48,4.78e-06,0.00000051,0.000000000018180429,6499081,2019-01-25 15:35:48,btc,0.44636258,0.08436924,0.00000051,btc,0.00012174,0.0,0.04097037,61
1,[],22,[],2019-01-25 15:35:51,5111.5,0.00000011,0.000000000003921269,6499082,2019-01-25 15:35:51,BTC,1002.29606732,0.0,0.00000011,BTC,15028.700278135757,0.0,0.00051178,61
1,[],26,[],2019-01-25 15:35:51,0.0,0.00000800,0.0000000002851832,6499083,2019-01-25 15:35:51,btc,0.0,0.0,0.00000800,btc,0.0,0.0,0.0,61
0,[],27,[],2019-01-25 15:35:53,0.0,0,0,6499084,2019-01-25 15:35:53,,0.0,0.0,0,"btc,eth",0.0,0.0,0.0,61
1,[],28,[],2019-01-25 15:35:55,1880.304,0.00000022,0.000000000007842538,6499085,2019-01-25 15:35:55,btc,2.065678837430106,500.0,0.00000022,btc,11618.08240005,0.0,0.00016391304,61
1,[],4,[],2019-01-25 15:37:00,1310134.46930374,0.00000145,0.000000000051689455,6499116,2019-01-25 15:37:00,btc,0.4425705966180692,0.0,0.00000145,btc,165351.23945967,0.29292985,0.9461697200622239,67
,[],25,[],2019-01-11 15:43:02,0.0,0,0,6366273,2019-01-11 15:43:02,,0.0,0.0,,btc,0.0,0.0,0.0,67
1,[],12,[],2019-01-25 15:41:51,2715248.0,0.00000009,0.00000000000320517,6499255,2019-01-25 15:41:51,btc,16893764.06629728,0.0,0.00000009,btc,2114196.12247748,0.0183753235264743,0.06783072,71
,[],5,[],2018-11-20 23:02:39,1.5e-07,0.00000005,0.000000000002128045,4862160,2018-11-20 23:02:39,btc,2.84511358,0.0,,btc,0.00036572,0.0,0.07381892,74
1,[],5,[],2019-01-25 15:40:03,3.303e-05,0.00000156,0.000000000055556280000000004,6499197,2019-01-25 15:40:03,btc,1.42844212,0.0,0.00000156,btc,0.00015937,0.0,0.49487621,75
1,[],4,[],2019-01-25 15:41:10,64482982.32002812,0.00000001,0.00000000000035613,6499231,2019-01-25 15:41:10,btc,0.7438928706909006,0.0,0.00000001,btc,14043858.59123171,0.00078176,0.6448298232002811,81
0,[],20,[],2019-01-25 09:30:31,0.0,0,0,6495923,2019-01-25 09:30:31,btc,0.0,0.0,0,btc,0.0,0.0,0.0,81
1,[],4,[],2019-01-25 15:38:31,24569.21384966,0.00007700,0.0000000027422010000000002,6499157,2019-01-25 15:38:31,btc,1.1908227351569616,0.0,0.00007700,btc,10424.44624796,0.00779759,0.1471128557029666,82
1,[],21,[],2019-01-25 15:38:32,386915.21879851,0.000081069999999999994605599795693962050791014917194843292236328125,0.00000000288714591,6499158,2019-01-25 15:38:32,btc,2.952710745681502,14771.49387389,0.000081069999999999994605599795693962050791014917194843292236328125,btc,33072.0533968,1.2006894,4.662340562060997,82
0,[],17,[],2019-01-25 15:41:23,0.0,0,0,6499240,2019-01-25 15:41:23,btc,0.0447233088476774,0.0,0,btc,999127.19588126,0.0,0.0,84
0.00000000009093590000000001,[],4,[],2019-01-25 15:36:16,251368702.8630858,1.4549744000000002e-17,5.186678191376001e-22,6499095,2019-01-25 15:36:16,ltc,0.19754182533178052,0.0,0.00000016,ltc,77466787.93825473,0.0,1.4425993692190623e-09,85
,[],22,[],2018-11-20 23:09:34,3408.1,0.0000001,0.0000000000041895,4862324,2018-11-20 23:09:34,BTC,0.04624735,0.0,,BTC,4990.0,0.0,0.00033081,86
0,[],22,[],2019-01-25 15:36:27,0.0,0,0,6499096,2019-01-25 15:36:27,,2.07810912,0.0,0,,154826.94736842104,0.0,0.0,87
0,[],27,[],2019-01-25 15:36:29,0.0,0,0,6499097,2019-01-25 15:36:29,,0.0,0.0,0,btc,0.0,0.0,0.0,87
,[],2,[],2018-11-20 23:10:47,0.0,0,0,4862359,2018-11-20 23:10:47,,0.0,0.0,,,0.0,0.0,0.0,88
1,[],11,[],2019-01-25 15:39:00,101773.60301967,0.00020799999999999998719947547076714045033440925180912017822265625,0.000000007407504,6499168,2019-01-25 15:39:00,btc,234.8046462496682,1854.09509515,0.00020799999999999998719947547076714045033440925180912017822265625,btc,181588.52171196,0.0,8.070767314587552,89
0,[],2,[],2019-01-20 23:31:45,0.0,0,0,6477083,2019-01-20 23:31:45,,0.0,0.0,0,,0.0,0.0,0.0,91
1,[],12,[],2019-01-25 15:40:04,380829.86130746,0.000001749999999999999973748754898694723891594549058936536312103271484375,0.00000000006232275000000001,6499198,2019-01-25 15:40:04,btc,4576116.521998784,0.0,0.000001749999999999999973748754898694723891594549058936536312103271484375,btc,20768.30750083,0.001380091465022,0.24124631279993508,91
0,[],17,[],2019-01-25 15:40:06,0.0,0,0,6499199,2019-01-25 15:40:06,btc,0.0,0.0,0,btc,0.0,0.0,0.0,91
0.00000000009093590000000001,[],22,[],2019-01-25 15:35:34,48256772.666666664,5.4561540000000004e-18,1.9450043217660001e-22,6499072,2019-01-25 15:35:34,LTC,8.97475496,0.0,0.00000006,LTC,75270635.1,3.1695889816800004e-13,1.45444771,95
1,[],4,[],2019-01-25 15:41:11,133684223.3844291,0.00000001,0.00000000000035613,6499232,2019-01-25 15:41:11,btc,1.4099803378346025,0.0,0.00000001,"btc,ltc",68885553.6852769,0.00550304,0.0061238213144422385,96
1,[],12,[],2019-01-25 15:41:13,1204384.0,0.00000001,0.00000000000035613,6499233,2019-01-25 15:41:13,btc,255059.26358968028,0.0,0.00000001,btc,7846614.56674301,3.54e-06,0.01204384,96
0,[],17,[],2019-01-25 15:41:14,0.0,0,0,6499234,2019-01-25 15:41:14,btc,0.0,0.0,0,btc,0.0,0.0,0.0,96
1,[],4,[],2019-01-25 15:35:47,1521669.36895972,0.00000040,0.00000000001425916,6499080,2019-01-25 15:35:47,btc,0.1751787467624735,0.0,0.00000040,btc,310751.23712493,0.00103677,0.1521909975561429,99
0,[],2,[],2019-01-20 23:23:55,0.0,0,0,6476914,2019-01-20 23:23:55,,0.0,0.0,0,,0.0,0.0,0.0,100
1,[],4,[],2019-01-25 15:41:37,134763.47477646,0.00004180,0.0000000014886234,6499248,2019-01-25 15:41:37,btc,1.081328235873766,0.0,0.00004180,btc,22106.5721566,2.22329933,3.106581008756195,100
1,[],22,[],2019-01-25 15:41:35,50000.0,0.00000001,0.00000000000035613,6499246,2019-01-25 15:41:35,BTC,23.49896609,0.0,0.00000001,BTC,10277.22,0.0,0.0005,101
1,[],4,[],2019-01-25 15:37:44,100235.61486959,0.00000098,0.000000000034934942,6499141,2019-01-25 15:37:44,btc,0.401525361673283,0.0,0.00000098,btc,147275.97488794,0.02469435,0.0494702935810587,103
1,[],12,[],2019-01-25 15:38:56,108296829.64315775,0.000000017,0.000000000000605421,6499166,2019-01-25 15:38:56,btc,9137278943.877607,0.0,0.000000017,btc,147770164.2767199,0.08172591658833907,0.808736052290524,105
1,[],27,[],2019-01-25 15:38:58,147312.57811249,0.00000001,0.00000000000035613,6499167,2019-01-25 15:38:58,btc,0.697426275912198,155546.46688751,0.00000001,btc,635854.00856136,0.00155546,0.0014731257811249,105
0,[],22,[],2019-01-25 15:35:36,0.0,0,0,6499073,2019-01-25 15:35:36,,1.07253299,0.0,0,,94300.0,0.0,0.0,107
1,[],26,[],2019-01-25 15:35:36,0.0,0.00000000,0,6499074,2019-01-25 15:35:36,btc,0.0,0.0,0.00000000,btc,0.0,0.0,0.0,107
1,[],5,[],2019-01-25 15:42:06,3e-08,0.00000002,0.00000000000071226,6499264,2019-01-25 15:42:06,btc,5.96657297,0.04812856,0.00000002,btc,1.589e-05,0.0,0.11653123,112
1,[],22,[],2019-01-25 15:42:09,41952.0,0.00000001,0.00000000000035613,6499265,2019-01-25 15:42:09,BTC,2.84132969,0.0,0.00000001,BTC,963293.5833333334,0.0,0.00041952,112
0,[],27,[],2019-01-25 15:42:11,0.0,0,0,6499266,2019-01-25 15:42:11,,1.25356065,0.0,0,"btc,eth",1328.0,0.0,0.0,112
1,[],4,[],2019-01-25 15:39:16,452011.74442177,0.00000445,0.00000000015847785000000002,6499178,2019-01-25 15:39:16,btc,0.4419216015059441,0.0,0.00000445,btc,72875.44763159,0.11735977,0.432819527126472,113
1,[],5,[],2019-01-25 15:39:17,3.338e-05,0.00000417,0.00000000014850621,6499179,2019-01-25 15:39:17,btc,2.32065736,0.02753563,0.00000417,btc,0.00347212,0.0,0.30942493,113
1,[],17,[],2019-01-25 15:40:59,233369.0,0.00000004,0.00000000000142452,6499225,2019-01-25 15:40:59,btc,1.3376290575976173,0.0,0.00000004,btc,72546.975,0.0,0.00543476,116
0,[],27,[],2019-01-25 15:41:00,0.0,0,0,6499226,2019-01-25 15:41:00,,0.0,0.0,0,btc,0.0,0.0,0.0,116
1,[],4,[],2019-01-25 15:40:47,89282.44418563,0.00002260,0.0000000008048538,6499218,2019-01-25 15:40:47,btc,0.3896089676105983,0.0,0.00002260,btc,13627.60331225,2.21114881,1.365254253623703,120
1,[],7,[],2019-01-25 15:40:48,4564.49724113,0.00001798999999999999885769326468665241236521978862583637237548828125,0.00000000064067787,6499219,2019-01-25 15:40:48,btc,95.11059568077695,2.0,0.00001798999999999999885769326468665241236521978862583637237548828125,btc,26313.66290454,3.594e-05,0.0502434028157902,120
1,[],20,[],2019-01-25 15:40:57,1211987.8588,0.000000013,0.000000000000462969,6499224,2019-01-25 15:40:57,btc,31.4064363275274,3779.7,0.000000013,btc,1108031.0964,4.91361e-05,0.0067998317606,125
1,[],22,[],2019-01-25 15:39:44,68433.0,0.00000001,0.00000000000035613,6499186,2019-01-25 15:39:44,BTC,0.01415863,0.0,0.00000001,BTC,293039.4,0.0,0.00068433,126
1,[],4,[],2019-01-25 15:36:13,314775.11943874,0.00001500,0.0000000005347185,6499092,2019-01-25 15:36:13,btc,0.6318055167856981,0.0,0.00001500,btc,32600.73034899,0.4603359,0.3530815978290736,131
0,[],17,[],2019-01-25 15:36:14,0.0,0,0,6499093,2019-01-25 15:36:14,btc,0.0008451375975800001,0.0,0,btc,30.89614684,0.0,0.0,131
0,[],2,[],2019-01-20 23:25:46,0.0,0,0,6476969,2019-01-20 23:25:46,,0.0,0.0,0,,0.0,0.0,0.0,131
1,[],4,[],2019-01-25 15:37:19,6060.84181917,0.00019861,0.000000007080029419,6499129,2019-01-25 15:37:19,btc,1.6263552933341472,0.0,0.00019861,btc,203.60257325,0.00056797,0.010250310955228,135
1,[],3,[],2019-01-25 15:42:01,488713.20018509,0.00000004,0.00000000000142452,6499262,2019-01-25 15:42:01,btc,0.3009857435691566,247850.416667,0.00000004,btc,1378713.93209666,0.0,0.012406307337035,136
1,[],4,[],2019-01-25 15:38:48,82205.44445934,0.00000179,0.00000000006374727,6499162,2019-01-25 15:38:48,btc,0.64083039903948,0.0,0.00000179,btc,227442.9656626,0.09789284,0.0926854847267824,137
1,[],12,[],2019-01-25 15:38:49,305198.03016339,0.000001799999999999999918546601286595265634105089702643454074859619140625,0.0000000000641034,6499163,2019-01-25 15:38:49,btc,11798.819678767662,0.0,0.000001799999999999999918546601286595265634105089702643454074859619140625,btc,131575.25674122,0.0670615356882359,0.0340325000000077,137
1,[],5,[],2019-01-25 15:39:50,0.00103507,0.00003157,0.0000000011243024100000001,6499189,2019-01-25 15:39:50,btc,5.69005107,1.75001315,0.00003157,btc,0.00200107,0.0,2.19942533,142
1,[],17,[],2019-01-25 15:39:52,12500.0,0.0000001,0.0000000000035613,6499190,2019-01-25 15:39:52,btc,0.5782815519312435,0.0,0.0000001,btc,4834.207754,0.0,0.00125,142
1,[],20,[],2019-01-25 15:39:53,156117.5554,0.00002512,0.0000000008945985600000001,6499191,2019-01-25 15:39:53,btc,2.50591291,8.5809,0.00002512,btc,5123.3122,0.0002917506,0.2782303914078,142
1,[],22,[],2019-01-25 15:39:56,990.0,0.00001880,0.0000000006695244,6499192,2019-01-25 15:39:56,BTC,0.00152287,0.0,0.00001880,BTC,15.055608820709493,0.0,0.00022106,142
1,[],28,[],2019-01-25 15:39:59,78430.0,0.00002000,0.0000000007122600000000001,6499193,2019-01-25 15:39:59,btc,0.052664499742,37556.0,0.00002000,btc,1386.7223,0.0,0.0242247,142
,[],25,[],2019-01-11 15:38:27,0.0,0,0,6366122,2019-01-11 15:38:27,,0.0,0.0,,btc,0.0,0.0,0.0,142
0,[],22,[],2019-01-25 15:37:05,0.0,0,0,6499117,2019-01-25 15:37:05,,58.97750297,0.0,0,,711983265.8,0.0,0.0,143
1,[],21,[],2019-01-25 15:37:16,48896732.692644306,0.0000003,0.00000000001069437,6499126,2019-01-25 15:37:16,btc,37.92000717322128,10835973.73671184,0.0000003,btc,73147245.89933096,3.35689748,9.132442120374757,145
0,[],22,[],2019-01-25 15:40:24,0.0,0,0,6499207,2019-01-25 15:40:24,,4.31668284,0.0,0,,1427838.5,0.0,0.0,146
,[],22,[],2018-11-20 23:01:11,0.0,0,0,4862114,2018-11-20 23:01:11,,2.56807021,0.0,,,61828.4988236,0.0,0.0,147
1,[],12,[],2019-01-25 15:37:07,8706686.88186579,0.00000439000000000000032015189110889963330919272266328334808349609375,0.000000000156494281,6499119,2019-01-25 15:37:07,btc,17.06980279731134,0.0,0.00000439000000000000032015189110889963330919272266328334808349609375,btc,110500.72407238,0.0138661093192329,0.1246174163610376,148
1,[],4,[],2019-01-25 15:37:50,113516.4976487,0.00000037,0.000000000013189723,6499145,2019-01-25 15:37:50,btc,0.6903655380733367,0.0,0.00000037,btc,513873.1719915,0.00087837,0.0318037643534905,152
0,[],22,[],2019-01-25 15:37:53,0.0,0,0,6499146,2019-01-25 15:37:53,,0.0,0.0,0,,0.0,0.0,0.0,152
1,[],5,[],2019-01-25 15:42:13,0.0,0,0,6499267,2019-01-25 15:42:13,btc,4.34002783,0.0,0,btc,0.00161275,0.0,0.0,153
,[],16,[],2019-01-11 15:38:59,0.0,0,0,6366141,2019-01-11 15:38:59,btc,0.0,0.0,,btc,0.0,0.0,0.0,155
0,[],23,[],2019-01-20 23:24:29,0.0,0,0,6476932,2019-01-20 23:24:29,,0.0,0.0,0,,0.0,0.0,0.0,156
0,[],22,[],2019-01-25 15:42:04,0.0,0,0,6499263,2019-01-25 15:42:04,,6.78848922,0.0,0,,4237721.742592593,0.0,0.0,156
1,[],22,[],2019-01-25 15:43:10,7906.0,0.00000801,0.00000000028526013,6499292,2019-01-25 15:43:10,BTC,43.81543407,0.0,0.00000801,BTC,1572.3690079421112,0.0,0.00743836,157
0,[],22,[],2019-01-25 15:40:45,0.0,0,0,6499217,2019-01-25 15:40:45,,50175.67300261,0.0,0,,53770788.04179466,0.0,0.0,158
,[],17,[],2018-11-20 22:56:10,0.0,0,0,4861976,2018-11-20 22:56:10,btc,1.1265625,0.0,,btc,1000.0,0.0,0.0,159
,[],20,[],2018-11-20 22:56:12,0.0,0,0,4861977,2018-11-20 22:56:12,btc,11912.7940471,0.0,,btc,34413894.3617,0.0,0.0,159
1,[],12,[],2019-01-25 15:41:40,185135.85719768,0.000009929999999999999794170722766661896230289130471646785736083984375,0.00000000035363709,6499251,2019-01-25 15:41:40,btc,6.652246798669344,0.0,0.000009929999999999999794170722766661896230289130471646785736083984375,btc,13918.21908934,0.0050784006,0.1037887811999844,168
1,[],17,[],2019-01-25 15:41:41,29784.95,0.000001,0.000000000035613,6499252,2019-01-25 15:41:41,btc,0.0353989844335,0.0,0.000001,btc,196.82520268,0.0,0.00716147,168
1,[],22,[],2019-01-25 15:41:32,1433457.0,0.00000001,0.00000000000035613,6499245,2019-01-25 15:41:32,BTC,1.13392792,0.0,0.00000001,BTC,692360.5537281231,0.0,0.01433457,169
1,[],22,[],2019-01-25 15:40:28,172876.0,0.00000022,0.000000000007834860000000001,6499208,2019-01-25 15:40:28,BTC,2.46597057,0.0,0.00000022,BTC,74249.88140522876,0.00221619,0.0185827,171
1,[],22,[],2019-01-25 15:41:44,75782.66666666667,0.00000019,0.000000000006766470000000001,6499253,2019-01-25 15:41:44,BTC,2.84497637,0.0,0.00000019,BTC,239051.14565554692,2.591e-05,0.0038535,173
1,[],5,[],2019-01-25 15:41:53,8.034e-05,0.00000455,0.00000000016203915,6499256,2019-01-25 15:41:53,btc,0.40789601,0.03050277,0.00000455,btc,0.00037417,0.0,0.82622461,175
1,[],22,[],2019-01-25 15:39:49,50210.0,0.00000100,0.000000000035613,6499188,2019-01-25 15:39:49,BTC,0.56727464,0.0,0.00000100,BTC,114530.09283098554,7.46e-06,0.03611888,176
1,[],7,[],2019-01-25 15:37:10,0.0,0,0,6499122,2019-01-25 15:37:10,btc,10931.127060530913,0.0,0,btc,122071052.33791523,0.0,0.0,178
0,[],22,[],2019-01-25 15:37:13,0.0,0,0,6499123,2019-01-25 15:37:13,,1.00242428,0.0,0,,57512.0,0.0,0.0,178
0,[],2,[],2019-01-20 23:28:34,0.0,0,0,6477001,2019-01-20 23:28:34,,0.0,0.0,0,,0.0,0.0,0.0,178
0,[],23,[],2019-01-20 23:25:08,0.0,0,0,6476952,2019-01-20 23:25:08,,0.0,0.0,0,,0.0,0.0,0.0,179
1,[],5,[],2019-01-25 15:42:41,6e-08,0.00000003,0.00000000000106839,6499281,2019-01-25 15:42:41,btc,15.95293252,0.10839637,0.00000003,btc,2.255e-05,0.0,2.03454656,179
1,[],22,[],2019-01-25 15:42:52,9175353.5,0.00000002,0.00000000000071226,6499282,2019-01-25 15:42:52,BTC,5.56385643,0.0,0.00000002,"BTC,LTC",18301766.451989967,2.775e-05,0.40097505,179
1,[],17,[],2019-01-25 15:38:33,10504.725,0.0000001,0.0000000000035613,6499159,2019-01-25 15:38:33,btc,5.207116757528457,0.0,0.0000001,btc,7944.1527587,0.0,0.0010504725,180
1,[],22,[],2019-01-25 15:38:38,1011.8709677419355,0.00000031,0.000000000011040030000000001,6499160,2019-01-25 15:38:38,BTC,0.01978668,0.0,0.00000031,"BTC,LTC",15746.816254853482,1.9e-06,0.00026202,180
1,[],26,[],2019-01-25 15:38:47,0.0,0.00000020,0.0000000000071226,6499161,2019-01-25 15:38:47,btc,0.0,3108.52169998,0.00000020,btc,0.0,0.0,0.0,180
,[],7,[],2018-11-20 22:58:01,562227.975654,0.00000085,0.000000000036176765,4862015,2018-11-20 22:58:01,btc,21836.6059674,2491.87645172,,btc,749999.041456,0.00211021,0.127565380455,183
,[],5,[],2019-01-10 08:11:41,0.0,0,0,6347036,2019-01-10 08:11:41,btc,82.15055501,0.00261,,btc,1.19002445,0.0,0.0,187
,[],17,[],2018-11-16 20:58:10,4062536.27273,0.00000001,0.000000000000550501,4708775,2018-11-16 20:58:10,btc,3.36492563466,0.195460381006,,"btc,eth",110697919.549,0.0,0.0157628953496,187
1,[],24,[],2019-01-25 15:41:36,0.0,0.000000000001,3.5613e-17,6499247,2019-01-25 15:41:36,btc,0.0,0.0,0.000000000001,btc,0.0,0.0,0.0,187
0,[],22,[],2019-01-25 15:38:04,0.0,0,0,6499154,2019-01-25 15:38:04,,1.19413437,0.0,0,,14499.956201072173,0.0,0.0,191
0,[],22,[],2019-01-25 15:43:19,0.0,0,0,6499295,2019-01-25 15:43:19,,0.0,0.0,0,,0.0,0.0,0.0,197
0,[],23,[],2019-01-20 23:31:41,0.0,0,0,6477079,2019-01-20 23:31:41,,0.0,0.0,0,,0.0,0.0,0.0,199
1,[],26,[],2019-01-25 15:40:00,0.0,0.00000000,0,6499195,2019-01-25 15:40:00,btc,0.0,785409.0,0.00000000,btc,0.0,0.0,0.0,199
0,[],17,[],2019-01-25 15:37:15,0.0,0,0,6499124,2019-01-25 15:37:15,btc,6.802544163851939,0.0,0,btc,105897.55575295,0.0,0.0,200
0,[],2,[],2019-01-20 23:30:49,0.0,0,0,6477059,2019-01-20 23:30:49,,0.0,0.0,0,,0.0,0.0,0.0,201
1,[],4,[],2019-01-25 15:37:49,2084386.17775442,0.00000938,0.000000000334377302,6499144,2019-01-25 15:37:49,btc,2.0291203635381447,0.0,0.00000938,btc,162108.52983962,0.19186083,1.2426909475617478,211
1,[],7,[],2019-01-25 15:43:27,18821024.4013001,0.000001179999999999999925426948273188276772316385176964104175567626953125,0.00000000004202334,6499300,2019-01-25 15:43:27,btc,16317791.391938414,297952.779544,0.000001179999999999999925426948273188276772316385176964104175567626953125,btc,12752673.18311502,0.0,8.684353952243702,212
1,[],5,[],2019-01-25 15:36:59,4.03e-06,0.00000029,0.000000000010337891,6499113,2019-01-25 15:36:59,btc,0.87327179,0.05437064,0.00000029,btc,2.882e-05,0.0,0.11725995,213
1,[],24,[],2019-01-25 15:36:59,0.0,0.000000050000,0.000000000001782395,6499114,2019-01-25 15:36:59,btc,0.0,0.0,0.000000050000,btc,0.0,0.0,0.0,213
1,[],26,[],2019-01-25 15:36:59,0.0,0.00000003,0.000000000001069437,6499115,2019-01-25 15:36:59,btc,0.0,0.0,0.00000003,btc,0.0,0.0,0.0,213
1,[],12,[],2019-01-25 02:44:32,207462.42853209,0.000001080000000000000035831255497387193287295303889550268650054931640625,0.000000000038610756000000006,6493050,2019-01-25 02:44:32,btc,85023.03793723314,0.0,0.000001080000000000000035831255497387193287295303889550268650054931640625,btc,43675.73520027,0.000146250909087,0.0348620860622024,213
1,[],22,[],2019-01-25 15:39:28,303952.2,0.00000005,0.00000000000178065,6499183,2019-01-25 15:39:28,BTC,70.22068913,0.0,0.00000005,BTC,153751.86129395306,0.0002315,0.00594161,216
1,[],27,[],2019-01-25 15:39:30,5087945.0,0.00000015,0.000000000005341950000000001,6499184,2019-01-25 15:39:30,btc,619.88374651916,16754.0,0.00000015,"btc,ltc",268416.09411,0.01156026,0.0535075,216
1,[],22,[],2019-01-25 15:38:11,277134.32699213276,0.00000223,0.000000000079494817,6499156,2019-01-25 15:38:11,BTC,12677.85099759,0.0,0.00000223,BTC,359849.84423285275,0.026425,0.37734682,217
1,[],7,[],2019-01-25 15:40:51,0.0,0,0,6499221,2019-01-25 15:40:51,btc,302.59303086911063,0.0,0,btc,135155897.1214003,0.0,0.0,219
0,[],27,[],2019-01-25 15:40:53,0.0,0,0,6499222,2019-01-25 15:40:53,,0.0747309448198,0.0,0,btc,1605140.29226592,0.0,0.0,219
0.0000000000000057999999999999996,[],28,[],2019-01-25 15:40:55,238816286.198,2.3200579999999998e-18,8.2624225554e-23,6499223,2019-01-25 15:40:55,doge,82414.3393717675,11100.0,0.00040001,"btc,doge",4409472.34751,0.0,1.769152195967455e-11,219
1,[],22,[],2019-01-25 15:41:08,205997.0,0.00000075,0.000000000026709750000000002,6499229,2019-01-25 15:41:08,BTC,2.08154707,0.0,0.00000075,BTC,17616.55212317522,0.0035358,0.02274333,221
1,[],24,[],2019-01-25 15:41:08,0.0,0.000000800000,0.0000000000284904,6499230,2019-01-25 15:41:08,btc,0.0,0.0,0.000000800000,btc,0.0,0.0,0.0,221
1,[],26,[],2019-01-25 15:37:15,0.0,0.00000020,0.00000000000712958,6499125,2019-01-25 15:37:15,btc,0.0,11313.0,0.00000020,btc,0.0,0.0,0.0,231
1,[],26,[],2019-01-25 15:36:55,0.0,0.00000004,0.000000000001425916,6499111,2019-01-25 15:36:55,btc,0.0,200.0,0.00000004,btc,0.0,0.0,0.0,234
0,[],27,[],2019-01-25 15:36:58,0.0,0,0,6499112,2019-01-25 15:36:58,,0.001146299618,0.0,0,"btc,eth",11462.99618,0.0,0.0,234
0,[],22,[],2019-01-25 15:40:33,0.0,0,0,6499210,2019-01-25 15:40:33,,3.07852116,0.0,0,,90316025.08996265,0.0,0.0,235
1,[],4,[],2019-01-25 15:37:53,625014.84012452,0.00000105,0.000000000037430295,6499147,2019-01-25 15:37:53,btc,0.1734309822703732,0.0,0.00000105,btc,135547.90481815,0.06609563,0.1450175897348559,236
1,[],24,[],2019-01-25 15:37:53,0.0,0.000000010000,0.000000000000356479,6499148,2019-01-25 15:37:53,btc,0.0,0.0,0.000000010000,btc,0.0,0.0,0.0,236
1,[],20,[],2019-01-25 15:43:53,92859841.6153,0.000000065,0.0000000000023148450000000003,6499315,2019-01-25 15:43:53,btc,14.5553460547607,27494607.0431,0.000000065,btc,27766688.799,1.8451442458135,0.711274709061,237
0,[],22,[],2019-01-25 15:44:04,0.0,0,0,6499316,2019-01-25 15:44:04,,0.04083605,0.0,0,,4179.0,0.0,0.0,237
1,[],4,[],2019-01-25 15:41:37,5681851.36995045,0.00000031,0.000000000011040030000000001,6499249,2019-01-25 15:41:37,btc,0.5538961797612457,0.0,0.00000031,btc,1648645.958898,0.1651576,1.5391927590179475,238
1,[],5,[],2019-01-25 15:41:38,3.64e-06,0.00000031,0.000000000011040030000000001,6499250,2019-01-25 15:41:38,btc,0.63159961,0.05821536,0.00000031,btc,2.855e-05,0.0,0.1849965,238
1,[],22,[],2019-01-25 15:41:47,268620.75,0.00000005,0.00000000000178065,6499254,2019-01-25 15:41:47,BTC,15.41132459,0.0,0.00000005,BTC,240508.69643307183,0.0006674,0.00878698,249
0.00000000009097249999999999,[],22,[],2019-01-25 15:41:21,2537290.0,4.548625e-18,1.61990182125e-22,6499239,2019-01-25 15:41:21,LTC,0.43490609,0.0,0.00000005,LTC,12631747.29,1.313460955e-13,0.05046158,252
1,[],28,[],2019-01-25 15:42:20,3127291.767,0.00000008,0.00000000000284904,6499272,2019-01-25 15:42:20,btc,164692.82588823125,150828.0,0.00000008,btc,1111892.6695,0.0,0.04765087994,256
0,[],27,[],2019-01-25 15:39:14,0.0,0,0,6499176,2019-01-25 15:39:14,,4.96668,0.0,0,"btc,eth",90.59,0.0,0.0,257
1,[],22,[],2019-01-25 15:40:11,55423.666666666664,0.00000006,0.00000000000213678,6499200,2019-01-25 15:40:11,BTC,35605.68126996,0.0,0.00000006,BTC,714555.3310213444,0.00022295,0.0007411,258
1,[],22,[],2019-01-25 15:38:07,6389.769333333334,0.00000750,0.00000000026735925,6499155,2019-01-25 15:38:07,BTC,4.68636067,0.0,0.00000750,BTC,6042.2512380952385,0.00141505,0.03185813,262
1,[],5,[],2019-01-25 15:37:47,4.534e-05,0.00000300,0.0000000001069437,6499142,2019-01-25 15:37:47,btc,40.2324888,0.36963752,0.00000300,btc,11.13623858,0.0,0.19995646,264
1,[],20,[],2019-01-25 15:37:48,1775233.0091,0.00000236,0.000000000084129044,6499143,2019-01-25 15:37:48,btc,5.0396629081957,28904.3657,0.00000236,btc,80268.1089,0.1540447071608,0.0256913834061,264
1,[],22,[],2019-01-25 15:39:40,161520.0,0.00000003,0.00000000000106839,6499185,2019-01-25 15:39:40,BTC,6.43384542,0.0,0.00000003,BTC,212818.37749525445,0.00036609,0.00384994,271
0,[],22,[],2019-01-25 15:40:16,0.0,0,0,6499202,2019-01-25 15:40:16,,108.00699984,0.0,0,,10800699975.0,0.0,0.0,272
0.0000000000000057999999999999996,[],28,[],2019-01-25 15:40:19,342858025610.12,5.8e-21,2.065554e-25,6499203,2019-01-25 15:40:19,doge,4410001.925805787,1239012925.624,0.00000100,doge,133977909751.7134,0.0,5.72841515430127e-10,272
