pairValue,buyBook,exchangeId,sellBook,updated,buyTotal,satoshiPrice,usdPrice,exchangeLogId,created,bestPair,sellTotalBtc,volume,pairPrice,activePairs,sellTotal,volumeBtc,buyTotalBtc,coinId
1,[],3,[],2019-03-14 14:21:45,30536.47229926748,0.01292138999999999961210139787226580665446817874908447265625,0.0000005033088147239999,6928776,2019-03-14 14:21:45,btc,61.16489137811384,0.0,0.01292138999999999961210139787226580665446817874908447265625,btc,28.61710649488,0.0,0.24378198824550515,1
1,[],4,[],2019-03-14 14:21:46,207767.39032121,0.01309379,0.000000510024070564,6928777,2019-03-14 14:21:46,btc,14.105027064712978,0.0,0.01309379,btc,293.65103203,1.37380047,1.3086535941509951,1
1,[],5,[],2019-03-14 14:21:49,0.0,0,0,6928778,2019-03-14 14:21:49,btc,0.0,0.00762497,0,btc,0.0,0.0,0.0,1
1,[],10,[],2019-03-14 14:21:51,413806.85564302,0.01040656,0.000000405352162496,6928779,2019-03-14 14:21:51,btc,6522.030678776651,1241.40144092,0.01040656,btc,1080.67490808,0.0,4.650407973676138,1
1,[],12,[],2019-03-14 14:21:53,103.90525205,0.0129599999999999992983390484369010664522647857666015625,0.000000504812736,6928780,2019-03-14 14:21:53,btc,0.2889013465931,0.0,0.0129599999999999992983390484369010664522647857666015625,btc,21.491642679999998,0.1510627086802,0.29753314719220003,1
1,[],21,[],2019-03-14 14:21:57,1798.22892988,0.01295743000000000068328009917,0.000000504712630388,6928781,2019-03-14 14:21:57,btc,19.568649169430845,14250.01437363,0.01295743000000000068328009916740484186448156833648681640625,"btc,eth",2074.08306153,169.67784373231268,15.558122942182635,1
1,[],22,[],2019-03-14 14:23:46,0.07686088253968254,0.01260000,0.00000049079016,6928782,2019-03-14 14:23:46,BTC,0.31439419,0.0,0.01260000,BTC,0.12751438772928525,0.0,0.00096785,1
1,[],24,[],2019-03-14 14:23:47,0.0,0.000000000000,0,6928783,2019-03-14 14:23:47,btc,0.0,0.0,0.000000000000,btc,0.0,0.0,0.0,1
0.0,[],25,[],2019-03-14 14:23:48,0.0,0,0,6928784,2019-03-14 14:23:48,btc,52.09479999725594,418.48645324,0.0,btc,3928.89329911,5.5,0.0,1
1,[],26,[],2019-03-14 14:23:49,0.0,0,0,6928785,2019-03-14 14:23:49,,0.0,0.0,0,,0.0,0.0,0.0,1
1,[],28,[],2019-03-14 14:23:50,992.9,0.01231000,0.000000479494196,6928786,2019-03-14 14:23:50,btc,0.147901439075,18150.5,0.01231000,btc,7.9421,0.0,0.086101096,1
1,[],20,[],2019-03-14 13:56:45,1152.4747,0.01050023,0.000000406436602702,6928594,2019-03-14 13:56:45,btc,0.0552085068997,0.0,0.01050023,btc,2.4565,0.0,0.0959864651571,1
0,[],2,[],2019-01-20 23:28:45,0.0,0,0,6477011,2019-01-20 23:28:45,,0.0,0.0,0,,0.0,0.0,0.0,1
1,[],5,[],2019-03-14 14:23:53,0.0,0,0,6928787,2019-03-14 14:23:53,btc,0.0,0.02996037,0,btc,0.0,0.0,0.0,2
0,[],22,[],2019-03-14 14:24:04,0.0,0,0,6928788,2019-03-14 14:24:04,,0.0,0.0,0,,0.0,0.0,0.0,2
1,[],5,[],2019-03-14 14:24:07,0.0,0,0,6928789,2019-03-14 14:24:07,btc,0.0,0.09298432,0,btc,0.0,0.0,0.0,3
1,[],12,[],2019-03-14 14:24:07,2698528.54445607,0.000000199,0.000000000007751368399999999,6928790,2019-03-14 14:24:07,btc,22813.737415489384,0.0,0.000000199,btc,1075858.86675842,0.08137653627583853,0.36803802227654187,3
0,[],28,[],2019-03-14 14:24:08,0.0,0,0,6928791,2019-03-14 14:24:08,,0.0,0.0,0,,0.0,0.0,0.0,3
0,[],2,[],2019-01-20 23:31:32,0.0,0,0,6477077,2019-01-20 23:31:32,,0.0,0.0,0,,0.0,0.0,0.0,4
1,[],4,[],2019-03-09 19:03:36,394362.28616607,0.00000032,0.000000000012569280000000001,6889097,2019-03-09 19:03:36,btc,32.15548375957025,0.0,0.00000032,btc,707361.31512647,0.00109114,0.0476374485302292,4
1,[],12,[],2019-03-14 14:24:10,445440.0,0.00000002,0.000000000000779032,6928792,2019-03-14 14:24:10,btc,1111742.18134448,0.0,0.00000002,btc,753385.33266733,0.00060194,0.00486804,5
0,[],2,[],2019-01-20 23:31:51,0.0,0,0,6477087,2019-01-20 23:31:51,,0.0,0.0,0,,0.0,0.0,0.0,6
1,[],11,[],2019-03-14 14:24:13,4139079.39882,0.00000002,0.000000000000779032,6928793,2019-03-14 14:24:13,btc,9568.116951051588,368001.0,0.00000002,btc,42598324.926142,0.0,0.0497205313342,6
1,[],3,[],2019-03-14 14:24:14,1087.833962084558,0.000154759999999999988719301402539940681890584528446197509765625,0.000000006028149615999999,6928794,2019-03-14 14:24:14,btc,29.634085403952064,0.0,0.000154759999999999988719301402539940681890584528446197509765625,btc,239.122414578101,0.0,0.03439493781756314,7
1,[],4,[],2019-03-14 14:24:16,92473.58078539,0.00022104,0.000000008609861664,6928795,2019-03-14 14:24:16,btc,11.057172860822007,0.0,0.00022104,btc,39823.98028156,6.04542536,8.195275579573115,7
1,[],5,[],2019-03-14 14:24:19,0.0,0,0,6928796,2019-03-14 14:24:19,btc,0.0,1.10736725,0,btc,0.0,0.0,0.0,7
1,[],20,[],2019-02-20 02:16:17,39399275.8418,0.000000001,0.0000000000000390183,6728586,2019-02-20 02:16:17,btc,116.9737569154545,525.0,0.000000001,btc,56932965.8895,5.25e-07,0.0393992758418,8
0,[],2,[],2019-01-20 23:22:42,0.0,0,0,6476876,2019-01-20 23:22:42,,0.0,0.0,0,,0.0,0.0,0.0,9
0,[],23,[],2019-01-20 23:22:48,0.0,0,0,6476878,2019-01-20 23:22:48,,0.0,0.0,0,,0.0,0.0,0.0,9
1,[],4,[],2019-03-14 14:24:21,1532847.754931,0.00000183,0.000000000071281428,6928797,2019-03-14 14:24:21,btc,7.138691290853018,0.0,0.00000183,btc,2806725.67454885,5.55796457,1.4587977415220608,9
1,[],28,[],2019-03-14 14:24:23,26353.0,0.00000159,0.000000000061933044,6928798,2019-03-14 14:24:23,btc,2708.760431370583,3763989.9,0.00000159,btc,11454.1497,0.0,0.0147295,9
1,[],1,[],2019-02-17 23:31:42,1822507.21,0.00000181000000000000003456111265232042484285557293333113193511962890625,0.000000000066086901,6701244,2019-02-17 23:31:42,btc,3.6990969245,17153386.5,0.00000181000000000000003456111265232042484285557293333113193511962890625,btc,1997391.71,31.11772986,3.2610482446,9
1,[],4,[],2019-02-17 11:22:43,4341674.27126056,0.00000002,0.0000000000007272960000000001,6696112,2019-02-17 11:22:43,btc,0.1997230937751353,0.0,0.00000002,btc,4109766.79808031,0.00215132,0.0479381022052112,10
0,[],2,[],2019-01-20 23:23:08,0.0,0,0,6476890,2019-01-20 23:23:08,,0.0,0.0,0,,0.0,0.0,0.0,12
1,[],4,[],2019-03-14 14:24:25,6525458.35134488,0.00000167,0.000000000065049172,6928799,2019-03-14 14:24:25,btc,13.228455139609265,0.0,0.00000167,btc,5483158.54725392,7.39386987,4.845274916593781,12
1,[],5,[],2019-03-14 14:24:26,0.0,0,0,6928800,2019-03-14 14:24:26,btc,0.0,0.25197795,0,btc,0.0,0.0,0.0,12
0.0,[],25,[],2019-03-14 14:24:28,0.0,0,0,6928801,2019-03-14 14:24:28,,0.0,0.0,0.0,btc,0.0,0.0,0.0,12
1,[],4,[],2019-03-14 14:24:29,32025955.14475345,0.00000720,0.00000000028045152,6928802,2019-03-14 14:24:29,btc,3.3564744036330265,0.0,0.00000720,btc,327204.4434661,1.65652186,1.4131044315498755,13
1,[],10,[],2019-03-14 14:24:32,444941.16253566,0.00000715,0.00000000027850394,6928803,2019-03-14 14:24:32,btc,666802.2257353258,43122.6957753,0.00000715,btc,702755.17443166,0.0,0.3271767751092494,13
1,[],21,[],2019-03-14 14:24:34,1469071.68870989,0.000007300000000000000410815045176,0.00000000028434668,6928804,2019-03-14 14:24:34,btc,8.837743850935766,1154951.86677623,0.0000073000000000000004108150451764824850897639407776296138763427734375,btc,1079037.47404985,8.35553867,10.01836557596002,13
1,[],4,[],2019-03-14 14:24:35,806114.39756476,0.00000100,0.0000000000389516,6928805,2019-03-14 14:24:35,btc,5.707930116920547,0.0,0.00000100,btc,983624.73769047,0.02883705,0.1882440178243863,14
1,[],12,[],2019-03-14 14:24:36,278425.0,0.00000101999999999999997501889774376149233603428001515567302703857421875,0.000000000039730632,6928806,2019-03-14 14:24:36,btc,0.0528472894047676,0.0,0.00000101999999999999997501889774376149233603428001515567302703857421875,btc,9781.1985411,0.0,0.02133701,14
1,[],26,[],2019-03-14 14:24:47,0.0,0.00000050,0.0000000000194758,6928807,2019-03-14 14:24:47,btc,0.0,0.0,0.00000050,btc,0.0,0.0,0.0,14
0,[],17,[],2019-03-14 13:58:20,0.0,0,0,6928620,2019-03-14 13:58:20,btc,0.0,0.0,0,btc,0.0,0.0,0.0,14
0,[],4,[],2019-03-14 14:24:49,0.0,0,0,6928808,2019-03-14 14:24:49,,0.0,0.0,0,,0.0,0.0,0.0,15
,[],12,[],2018-12-01 15:15:48,204241.84496,0.00000489,0.000000000202473384,5260204,2018-12-01 15:15:48,btc,49.5475654835,0.0,,btc,35763.2193806,0.0163153972027625,0.0203389899998,15
0,[],2,[],2019-01-20 23:23:38,0.0,0,0,6476906,2019-01-20 23:23:38,,0.0,0.0,0,,0.0,0.0,0.0,18
1,[],4,[],2019-03-14 14:24:50,24585.89039003,0.00001614,0.000000000628678824,6928809,2019-03-14 14:24:50,btc,4.183312160372191,0.0,0.00001614,btc,17991.54698754,0.03191518,0.0532765441763543,18
1,[],10,[],2019-03-14 14:24:52,783700.35342647,0.00001621,0.000000000631405436,6928810,2019-03-14 14:24:52,btc,15.407301008633677,9448.63083238,0.00001621,btc,13382.53603438,0.0,0.1284367597971663,18
1,[],12,[],2019-03-14 14:24:54,314072.30191885,0.00001601000000000000087429195827493089154813787899911403656005859375,0.0000000006236151160000001,6928811,2019-03-14 14:24:54,btc,33214.726424641,0.0,0.00001601000000000000087429195827493089154813787899911403656005859375,btc,730.14384321,0.0082332075404066,0.0310067583628273,18
0,[],17,[],2019-03-14 14:25:05,0.0,0,0,6928812,2019-03-14 14:25:05,btc,0.0,0.0,0,btc,0.0,0.0,0.0,18
0,[],2,[],2019-01-20 23:24:19,0.0,0,0,6476924,2019-01-20 23:24:19,,0.0,0.0,0,,0.0,0.0,0.0,19
1,[],3,[],2019-03-14 14:25:06,120830.35672948461,0.0000174999999999999984669381281054967303134617395699024200439453125,0.0000000006816529999999999,6928813,2019-03-14 14:25:06,btc,0.6411037714542765,0.0,0.0000174999999999999984669381281054967303134617395699024200439453125,btc,14655.982436769738,0.0,0.05451522177138302,19
1,[],4,[],2019-03-14 14:25:07,227212.92268071,0.00001930,0.00000000075176588,6928814,2019-03-14 14:25:07,btc,2.462238574405551,0.0,0.00001930,btc,92268.01289452,0.33184331,2.3749319507087794,19
1,[],5,[],2019-03-14 14:25:08,0.0,0,0,6928815,2019-03-14 14:25:08,btc,0.0,0.0,0,btc,0.0,0.0,0.0,19
1,[],12,[],2019-03-14 14:25:09,192267.66625029,0.000020910000000000001393711535069286355792428366839885711669921875,0.000000000814477956,6928816,2019-03-14 14:25:09,btc,0.6988645344969808,0.0,0.000020910000000000001393711535069286355792428366839885711669921875,btc,406.35292473,0.0014636959639772,0.0410344973228503,19
0,[],27,[],2019-03-14 14:25:11,0.0,0,0,6928817,2019-03-14 14:25:11,,0.0,0.0,0,btc,0.0,0.0,0.0,19
1,[],4,[],2019-03-14 14:25:12,2779635.60194824,0.00000012,0.000000000004674192,6928818,2019-03-14 14:25:12,btc,7.382907576317832,0.0,0.00000012,btc,2875865.97746042,0.0,0.0777389389049041,20
0,[],17,[],2019-03-14 11:16:08,0.0,0,0,6927508,2019-03-14 11:16:08,btc,0.0,0.0,0,btc,0.0,0.0,0.0,21
1,[],4,[],2019-03-14 14:25:13,102903446.2663036,0.00000002,0.000000000000779032,6928819,2019-03-14 14:25:13,btc,39103.55115659408,0.0,0.00000002,btc,53710825.31990362,0.0,1.1438093684467123,21
1,[],12,[],2019-03-14 14:25:14,1424336.0,0.00000001,0.000000000000389516,6928820,2019-03-14 14:25:14,btc,1247.5339230893408,0.0,0.00000001,btc,2594643.96703296,0.0,0.01424336,21
1,[],12,[],2019-03-14 14:25:18,2687613500.0,0.0000000001,0.00000000000000389516,6928821,2019-03-14 14:25:18,btc,1933693.593574903,0.0,0.0000000001,btc,1799981335.1052837,0.000689581911788212,0.26876135,23
0,[],27,[],2019-03-14 14:25:20,0.0,0,0,6928822,2019-03-14 14:25:20,,13.836146978083411,0.0,0,eth,5931606.84014486,0.0,0.0,23
1,[],4,[],2019-03-14 14:25:22,724732.10737822,0.00000058,0.000000000022591928,6928823,2019-03-14 14:25:22,btc,10.040708562333466,0.0,0.00000058,btc,1621209.17499306,0.03910222,0.1762066200348882,24
1,[],22,[],2019-03-14 14:25:35,11.76,0.00000100,0.0000000000389516,6928824,2019-03-14 14:25:35,BTC,7.415e-05,0.0,0.00000100,BTC,23.919354838709676,0.0,1.176e-05,24
0.0,[],25,[],2019-03-14 14:25:36,0.0,0,0,6928825,2019-03-14 14:25:36,,0.0,0.0,0.0,btc,0.0,0.0,0.0,24
0,[],2,[],2019-01-20 23:25:56,0.0,0,0,6476976,2019-01-20 23:25:56,,0.0,0.0,0,,0.0,0.0,0.0,26
1,[],4,[],2019-03-14 14:25:38,23494552.7822145,0.00000634,0.000000000246953144,6928826,2019-03-14 14:25:38,btc,56.25155911418587,0.0,0.00000634,btc,242077.34886309,0.16903953,0.4915848571982753,26
1,[],10,[],2019-03-14 14:25:40,598772.35701371,0.00000602,0.00000000023448863199999997,6928827,2019-03-14 14:25:40,btc,26.08569994516897,4007.10344335,0.00000602,btc,15156.53027449,0.0,0.1619017138840808,26
1,[],3,[],2019-03-14 14:25:40,8336277.54084747,0.00000001,0.000000000000389516,6928828,2019-03-14 14:25:40,btc,2.0389819162443055,191.5,0.00000001,btc,14755130.93691035,0.0,0.0833627754084747,27
1,[],5,[],2019-03-14 14:25:42,0.0,0,0,6928829,2019-03-14 14:25:42,btc,0.0,0.00190164,0,btc,0.0,0.0,0.0,27
1,[],11,[],2019-03-14 14:25:44,8483578.24590115,0.00000006,0.000000000002337096,6928830,2019-03-14 14:25:44,btc,67506.1992155516,5956.66666667,0.00000006,btc,7966196.08369704,0.0,0.4686349049180229,27
1,[],4,[],2019-03-14 14:25:46,2152071354.1852403,0.00000001,0.000000000000389516,6928831,2019-03-14 14:25:46,btc,5.075664690242884,0.0,0.00000001,"btc,ltc",363976692.1857114,0.24372236,10.044257370822029,29
1,[],7,[],2019-03-14 14:25:47,35611182.13418711,0.00000001,0.000000000000389516,6928832,2019-03-14 14:25:47,btc,44461604.28230169,0.0,0.00000001,btc,51932961.8758189,0.0,0.3561118213418711,29
1,[],4,[],2019-03-14 14:25:48,1905238.29456759,0.00000020,0.00000000000779032,6928833,2019-03-14 14:25:48,btc,2.6964444077713865,0.0,0.00000020,btc,2137375.4716653,0.00606316,0.1226238402714819,30
0,[],17,[],2019-03-14 14:25:49,0.0,0,0,6928834,2019-03-14 14:25:49,btc,0.0,0.0,0,btc,0.0,0.0,0.0,30
1,[],4,[],2019-03-14 14:25:50,186042.89788152,0.00005443,0.0000000021201355879999998,6928835,2019-03-14 14:25:50,btc,10.888527339846203,0.0,0.00005443,btc,141441.54377986,0.68200955,2.0253835246791385,31
1,[],21,[],2019-03-14 14:25:52,55170.38573355,0.00005510999999999999921082224907,0.000000002146622676,6928836,2019-03-14 14:25:52,btc,6.08267306238415,64051.36513622,0.0000551099999999999992108222490738711485391831956803798675537109375,btc,97763.03161107,3.53908728,2.8634930490188206,31
0,[],2,[],2019-01-20 23:28:43,0.0,0,0,6477009,2019-01-20 23:28:43,,0.0,0.0,0,,0.0,0.0,0.0,32
1,[],4,[],2019-03-14 14:25:53,495409705.62364805,0.00000004,0.000000000001558064,6928837,2019-03-14 14:25:53,btc,8.99263287962745,0.0,0.00000004,"btc,ltc",178172859.2499857,0.38829556,9.488100870966559,33
1,[],12,[],2019-03-14 14:25:56,26238978.964,0.00000004,0.000000000001558064,6928838,2019-03-14 14:25:56,btc,2818230.3820162676,0.0,0.00000004,btc,18477118.54945049,0.0112328766033965,0.6092847689199999,33
1,[],4,[],2019-03-14 14:25:57,95565209.32431106,0.00000001,0.000000000000389516,6928839,2019-03-14 14:25:57,btc,3.4553136654023953,0.0,0.00000001,btc,101390550.84783746,0.02302284,0.9556520932431107,34
1,[],5,[],2019-03-14 14:25:58,0.0,0,0,6928840,2019-03-14 14:25:58,btc,0.0,0.00176834,0,btc,0.0,0.0,0.0,34
0,[],17,[],2019-03-14 13:59:42,0.0,0,0,6928655,2019-03-14 13:59:42,btc,0.0746458232965017,0.0,0,btc,4103573.70243647,0.0,0.0,36
0.00000000014689290000000002,[],4,[],2019-03-14 14:26:00,3910682385.9166703,1.468929e-18,5.72171348364e-23,6928841,2019-03-14 14:26:00,ltc,4.9045595405328844e-08,0.0,0.00000001,ltc,6801548748.965617,0.0,5.744514766462189e-09,36
1,[],5,[],2019-03-14 14:26:01,0.0,0,0,6928842,2019-03-14 14:26:01,btc,0.0,0.0,0,btc,0.0,0.0,0.0,36
0.0000000003422471,[],27,[],2019-03-14 14:26:06,998163.16325,3.422471e-18,1.333107214036e-22,6928843,2019-03-14 14:26:06,eth,223.1473894357632,0.0,0.00000001,"ltc,eth",12165396.63658689,0.0,1.466549563491391e-12,36
1,[],4,[],2019-03-14 14:26:07,220722.41851566,0.00000058,0.000000000022591928,6928844,2019-03-14 14:26:07,btc,19772.482028888364,0.0,0.00000058,btc,557675.2476142,0.00249449,0.0919764396723019,37
1,[],12,[],2019-03-14 14:26:09,394598.4334403,0.00000059,0.000000000022981443999999998,6928845,2019-03-14 14:26:09,btc,22.247181350833017,0.0,0.00000059,btc,429138.08928053,0.0737618123076944,0.1018281121814668,37
1,[],17,[],2019-03-14 14:26:10,1752.74075282,0.00000025,0.0000000000097379,6928846,2019-03-14 14:26:10,btc,0.055484923777095005,0.0,0.00000025,btc,1319.19918473,0.0,0.00043818518820499993,37
1,[],27,[],2019-03-14 14:26:13,14685.567,0.00000045,0.00000000001752822,6928847,2019-03-14 14:26:13,btc,24.25536383611233,0.0,0.00000045,btc,6518.38138508,0.0,0.00480032515,37
1,[],5,[],2019-03-14 14:26:14,0.0,0,0,6928848,2019-03-14 14:26:14,btc,0.0,0.1112116,0,btc,0.0,0.0,0.0,42
1,[],12,[],2019-03-14 14:26:15,254343.25925925,0.0000009,0.00000000003505644,6928849,2019-03-14 14:26:15,btc,5.584055240625903,0.0,0.0000009,btc,32928.33407434,0.014256161262611,0.0197244699999921,42
0.0000000003422471,[],27,[],2019-03-14 14:26:18,2000.0,3.422471e-18,1.333107214036e-22,6928850,2019-03-14 14:26:18,eth,0.00315028,0.0,0.00000001,"btc,eth",11.007,0.0,6.844942e-15,42
0,[],17,[],2019-03-14 13:19:40,0.0,0,0,6928479,2019-03-14 13:19:40,btc,0.0,0.0,0,btc,0.0,0.0,0.0,43
1,[],5,[],2019-03-14 14:26:19,0.0,0,0,6928851,2019-03-14 14:26:19,btc,0.0,0.0,0,btc,0.0,0.0,0.0,43
1,[],12,[],2019-03-13 09:13:29,1112112.0,0.00000001,0.000000000000386531,6919902,2019-03-13 09:13:29,btc,29058.00478931866,0.0,0.00000001,btc,5967681.93306694,9.99000999e-07,0.01112112,43
1,[],12,[],2019-03-05 01:54:08,639326.02,0.00000004,0.000000000001486676,6845775,2019-03-05 01:54:08,btc,11116042.728239931,0.0,0.00000004,btc,1103841.4595604,0.0003330765234764,0.014975410599999999,44
1,[],4,[],2019-03-14 14:26:24,298330204.9096826,0.00000002,0.000000000000779032,6928852,2019-03-14 14:26:24,btc,941.2369624659636,0.0,0.00000002,"btc,ltc",16940519.88243614,0.00036844,0.2773677556735467,49
0.00000000014689290000000002,[],4,[],2019-03-14 14:26:26,277888824.8073521,1.468929e-18,5.72171348364e-23,6928853,2019-03-14 14:26:26,ltc,25.90165468431537,0.0,0.00000001,ltc,10024567478.036127,0.0,4.08198953535439e-10,52
0,[],22,[],2019-03-14 14:26:34,0.0,0,0,6928854,2019-03-14 14:26:34,,4428.70035091,0.0,0,,311591651.5359664,0.0,0.0,57
0.0000000003422471,[],27,[],2019-03-14 14:26:36,2000.0,3.422471e-18,1.333107214036e-22,6928855,2019-03-14 14:26:36,eth,0.0,0.0,0.00000001,"btc,eth",0.0,0.0,6.844942e-15,57
0.0000000001282848,[],22,[],2019-03-14 14:00:44,137438.0,1.282848e-18,4.9655710675199996e-23,6928671,2019-03-14 14:00:44,XMR,69.1795942,0.0,0.00000001,XMR,9887963.0,0.0,0.00137438,58
0,[],17,[],2019-03-14 13:22:10,0.0,0,0,6928486,2019-03-14 13:22:10,btc,1e+24,0.0,0,btc,49226522.0897055,0.0,0.0,58
0.00000000014689290000000002,[],4,[],2019-03-14 14:26:38,462020615.71995366,2.937858e-18,1.144342696728e-22,6928856,2019-03-14 14:26:38,ltc,18.65741714822739,0.0,0.00000002,ltc,4761172395.523396,0.0,6.999910083505967e-10,58
1,[],12,[],2019-03-14 14:26:39,1307905714.0,0.0000000003,0.00000000000001168548,6928857,2019-03-14 14:26:39,btc,4023103.9692971315,0.0,0.0000000003,btc,1613207248.6353645,0.02005005011528473,0.3092137083,58
1,[],5,[],2019-03-14 14:00:46,0.0,0,0,6928672,2019-03-14 14:00:46,btc,0.0,0.03586793,0,btc,0.0,0.0,0.0,61
1,[],22,[],2019-03-14 14:00:54,13757.0,0.00000012,0.000000000004644888,6928673,2019-03-14 14:00:54,BTC,1002.2960049,0.0,0.00000012,BTC,14976.68361146909,0.0,0.00154987,61
1,[],26,[],2019-03-14 14:00:54,0.0,0.00000800,0.0000000003096592,6928674,2019-03-14 14:00:54,btc,0.0,0.0,0.00000800,btc,0.0,0.0,0.0,61
1,[],27,[],2019-03-14 14:00:57,4411.22008,0.00000047,0.000000000018192478,6928675,2019-03-14 14:00:57,btc,2.8846615703141323,0.0,0.00000047,"btc,eth",19452.59257617,0.0,0.0012437599594613256,61
1,[],28,[],2019-03-14 14:01:04,13880.304,0.0000005,0.0000000000193537,6928676,2019-03-14 14:01:04,btc,2.056312978300105,814.0,0.0000005,btc,9730.59500005,0.0,0.00566391304,61
1,[],4,[],2019-03-14 14:01:06,1496041.41925131,0.00000210,0.00000000008128554,6928677,2019-03-14 14:01:06,btc,9.607556843234377,0.0,0.00000210,btc,810136.4291819,0.20686776,1.4128687779345641,67
0.0,[],25,[],2019-03-14 14:01:07,0.0,0,0,6928678,2019-03-14 14:01:07,,0.0,0.0,0.0,btc,0.0,0.0,0.0,67
1,[],12,[],2019-03-14 14:01:08,2928331.67525151,0.00000011,0.000000000004257814,6928679,2019-03-14 14:01:08,btc,1111115.0119974122,0.0,0.00000011,btc,938275.92776718,0.0013998502097941,0.1110529941918177,71
,[],5,[],2018-11-20 23:02:39,1.5e-07,0.00000005,0.000000000002128045,4862160,2018-11-20 23:02:39,btc,2.84511358,0.0,,btc,0.00036572,0.0,0.07381892,74
1,[],5,[],2019-03-14 14:01:10,0.0,0,0,6928680,2019-03-14 14:01:10,btc,0.0,0.0,0,btc,0.0,0.0,0.0,75
1,[],4,[],2019-03-14 14:01:12,13407008.89224166,0.00000001,0.00000000000038707399999999997,6928681,2019-03-14 14:01:12,btc,11370.022068656366,0.0,0.00000001,btc,39949505.59932191,0.00036,0.1340700889224166,81
0,[],20,[],2019-01-25 09:30:31,0.0,0,0,6495923,2019-01-25 09:30:31,btc,0.0,0.0,0,btc,0.0,0.0,0.0,81
1,[],4,[],2019-03-14 14:01:14,24849.63264779,0.00007604,0.000000002943310696,6928682,2019-03-14 14:01:14,btc,18.15395080706483,0.0,0.00007604,btc,12714.77135735,0.00930007,0.1630864029031687,82
1,[],21,[],2019-03-14 14:01:16,920762.32681081,0.00007579999999999999932276395498,0.0000000029340209199999997,6928683,2019-03-14 14:01:16,btc,2.8814330911083537,16585.42909451,0.000075799999999999999322763954978654510341584682464599609375,btc,33417.56960639,1.26189063,3.8028395507560813,82
0,[],17,[],2019-03-14 14:01:18,0.0,0,0,6928684,2019-03-14 14:01:18,btc,0.0447233088476774,0.0,0,btc,999127.19588126,0.0,0.0,84
0.000000000143641,[],4,[],2019-03-14 14:01:19,167921941.1519692,4.30923e-18,1.66799089302e-22,6928685,2019-03-14 14:01:19,ltc,1.676732255840651,0.0,0.00000003,ltc,387640726.1799185,0.0,3.651715280962311e-10,85
,[],22,[],2018-11-20 23:09:34,3408.1,0.0000001,0.0000000000041895,4862324,2018-11-20 23:09:34,BTC,0.04624735,0.0,,BTC,4990.0,0.0,0.00033081,86
1,[],22,[],2019-03-14 14:01:32,110870.0,0.00000005,0.00000000000193537,6928686,2019-03-14 14:01:32,BTC,2.07858175,0.0,0.00000005,BTC,170145.94736842104,0.0,0.0017035,87
1,[],27,[],2019-03-14 14:01:34,55.0,0.00000001,0.00000000000038707399999999997,6928687,2019-03-14 14:01:34,btc,5.014850805916,5.388,0.00000001,btc,7360.28541,0.00046132,5.5e-07,87
,[],2,[],2018-11-20 23:10:47,0.0,0,0,4862359,2018-11-20 23:10:47,,0.0,0.0,,,0.0,0.0,0.0,88
1,[],11,[],2019-03-14 14:01:36,94424.90175904,0.00014594000000000000201449967818234654259867966175079345703125,0.000000005648957956,6928688,2019-03-14 14:01:36,btc,611.7037935355903,44.7,0.00014594000000000000201449967818234654259867966175079345703125,btc,99344.09231144,0.0,6.4790085093538705,89
0,[],2,[],2019-01-20 23:31:45,0.0,0,0,6477083,2019-01-20 23:31:45,,0.0,0.0,0,,0.0,0.0,0.0,91
1,[],12,[],2019-03-14 14:01:38,257455.26940681,0.00000083,0.000000000032127142,6928689,2019-03-14 14:01:38,btc,61.01180324638873,0.0,0.00000083,btc,115746.97246467,0.0091556465454,0.0424403840999843,91
0,[],17,[],2019-03-14 14:01:40,0.0,0,0,6928690,2019-03-14 14:01:40,btc,0.0,0.0,0,btc,0.0,0.0,0.0,91
1,[],22,[],2019-03-14 14:01:53,65900.0,0.00000001,0.00000000000038707399999999997,6928691,2019-03-14 14:01:53,BTC,3e-06,0.0,0.00000001,BTC,1.0,0.0,0.000659,91
0.000000000143641,[],22,[],2019-03-14 14:03:26,52834053.0,1.43641e-18,5.5599696434e-23,6928692,2019-03-14 14:03:26,LTC,3.31498785,0.0,0.00000001,LTC,37200566.889473684,0.0,0.52834053,95
0.000000000143641,[],4,[],2019-03-14 14:03:28,640042557.0943092,7.469331999999999e-17,2.8911842145679998e-21,6928693,2019-03-14 14:03:28,ltc,11.889285545969708,0.0,0.00000052,ltc,136158297.0880396,0.00019392,1.703569074587308e-09,96
0,[],12,[],2019-03-14 14:03:30,0.0,0,0,6928694,2019-03-14 14:03:30,btc,10.640970776643357,0.0,0,btc,3189590.66433565,1.298701299e-07,0.0,96
0,[],17,[],2019-03-14 14:03:32,0.0,0,0,6928695,2019-03-14 14:03:32,btc,0.0,0.0,0,btc,0.0,0.0,0.0,96
1,[],4,[],2019-03-12 10:13:14,2544101.88493427,0.00000025,0.0000000000097174,6911574,2019-03-12 10:13:14,btc,2.5031007307816195,0.0,0.00000025,btc,2555984.39269018,0.04718357,0.3381776086135513,99
1,[],4,[],2019-03-14 14:03:33,332438.16491805,0.00003600,0.0000000013934664,6928696,2019-03-14 14:03:33,btc,11.833851005313194,0.0,0.00003600,btc,178559.14740605,2.45858596,3.09538814895126,100
0,[],2,[],2019-01-20 23:23:55,0.0,0,0,6476914,2019-01-20 23:23:55,,0.0,0.0,0,,0.0,0.0,0.0,100
1,[],22,[],2019-03-14 14:03:41,50000.0,0.00000001,0.00000000000038707399999999997,6928697,2019-03-14 14:03:41,BTC,23.49896609,0.0,0.00000001,BTC,10277.22,0.0,0.0005,101
1,[],4,[],2019-03-14 14:03:42,445859.96003138,0.00000075,0.00000000002903055,6928698,2019-03-14 14:03:42,btc,308.09343888291033,0.0,0.00000075,btc,519027.64917906,0.00439829,0.2195755491517146,103
1,[],12,[],2019-03-14 14:03:45,31465693.941473,0.000000008,0.0000000000003096592,6928699,2019-03-14 14:03:45,btc,3219150.468835502,0.0,0.000000008,btc,79418221.38365921,0.00226921155103913,0.051345513531784,105
1,[],27,[],2019-03-14 14:03:48,294987.0,0.00000001,0.00000000000038707399999999997,6928700,2019-03-14 14:03:48,btc,36.60958327597041,5012.61,0.00000001,btc,1423539.93761724,5.013e-05,0.00294987,105
1,[],22,[],2019-03-14 14:04:07,9328.0,0.00000001,0.00000000000038707399999999997,6928701,2019-03-14 14:04:07,BTC,51.10837004,0.0,0.00000001,BTC,470435.0,0.0,9.328e-05,107
1,[],26,[],2019-03-14 14:04:07,0.0,0.00000000,0,6928702,2019-03-14 14:04:07,btc,0.0,0.0,0.00000000,btc,0.0,0.0,0.0,107
1,[],5,[],2019-03-14 14:04:08,0.0,0,0,6928703,2019-03-14 14:04:08,btc,0.0,0.02458157,0,btc,0.0,0.0,0.0,112
1,[],22,[],2019-03-14 14:04:22,1966.0,0.00000001,0.00000000000038707399999999997,6928704,2019-03-14 14:04:22,BTC,2.7975128,0.0,0.00000001,BTC,826524.0833333334,0.0,1.966e-05,112
0.0000000003401811,[],27,[],2019-03-14 14:04:24,2000.0,3.401811e-18,1.3167525910139999e-22,6928705,2019-03-14 14:04:24,eth,1.24996908,0.0,0.00000001,"btc,eth",1289.0,0.0,6.8036219999999995e-15,112
1,[],4,[],2019-03-14 14:04:25,1298740.74771458,0.00000191,0.00000000007393113399999999,6928706,2019-03-14 14:04:25,btc,4.9935775849099935,0.0,0.00000191,btc,378222.31525277,0.04447567,0.9951242398165892,113
1,[],5,[],2019-03-14 14:04:26,0.0,0,0,6928707,2019-03-14 14:04:26,btc,0.0,1.074e-05,0,btc,0.0,0.0,0.0,113
1,[],17,[],2019-03-13 20:25:14,152738.278,0.00000004,0.0000000000015450360000000002,6923601,2019-03-13 20:25:14,btc,1.3368030274703833,0.0,0.00000004,btc,51896.221,0.0,0.0022095311199999998,116
0,[],27,[],2019-03-13 20:25:16,0.0,0,0,6923602,2019-03-13 20:25:16,,0.0,0.0,0,btc,0.0,0.0,0.0,116
1,[],4,[],2019-03-14 14:04:27,87547.33847925,0.00004015,0.00000000155410211,6928708,2019-03-14 14:04:27,btc,85.05361353263297,0.0,0.00004015,btc,33014.08290108,0.55298052,1.7626674184626978,120
1,[],7,[],2019-03-14 14:04:28,20926.529279,0.0000288300000000000001035803387505751516073360107839107513427734375,0.0000000011159343419999999,6928709,2019-03-14 14:04:28,btc,115652.50460217634,0.0,0.0000288300000000000001035803387505751516073360107839107513427734375,btc,26288.7708787,0.0,0.054026011327541104,120
1,[],20,[],2019-03-14 14:04:32,1617561.6245,0.000000034,0.0000000000013160516,6928710,2019-03-14 14:04:32,btc,32.2519317846648,1.0,0.000000034,btc,1028083.5986,3.4e-08,0.0136835724756,125
1,[],22,[],2019-03-14 14:04:47,3053.0,0.00000001,0.00000000000038707399999999997,6928711,2019-03-14 14:04:47,BTC,0.01444887,0.0,0.00000001,BTC,296263.5111111111,0.0,3.053e-05,126
1,[],4,[],2019-03-14 14:04:50,135771.10331832,0.00001185,0.00000000045868269,6928712,2019-03-14 14:04:50,btc,3.588874713182579,0.0,0.00001185,btc,125251.688656,0.12961152,0.5091389920939438,131
0,[],17,[],2019-03-14 13:28:32,0.0,0,0,6928527,2019-03-14 13:28:32,btc,0.0009561751951600001,0.0,0,btc,35.42829368,0.0,0.0,131
0,[],2,[],2019-01-20 23:25:46,0.0,0,0,6476969,2019-01-20 23:25:46,,0.0,0.0,0,,0.0,0.0,0.0,131
1,[],4,[],2019-03-14 14:05:02,4614.65396541,0.00017418,0.000000006742054932,6928713,2019-03-14 14:05:02,btc,1.6092764844586414,0.0,0.00017418,btc,204.67722116,0.00011999,0.0183425129805039,135
1,[],3,[],2019-03-07 00:20:44,877702.73244099,0.00000004,0.00000000000154846,6863392,2019-03-07 00:20:44,btc,0.119366241821405,0.0,0.00000004,btc,760637.99421222,0.0,0.023771231960604298,136
1,[],4,[],2019-03-14 14:05:03,251459.738941,0.00000135,0.00000000005225499,6928714,2019-03-14 14:05:03,btc,38.626706917857454,0.0,0.00000135,btc,543062.07744171,0.01391106,0.018390561548442,137
1,[],12,[],2019-03-14 14:05:04,193856.33333333,0.000001349999999999999991849510168340220417348973569460213184356689453125,0.00000000005225499,6928715,2019-03-14 14:05:04,btc,5.050640269673234,0.0,0.000001349999999999999991849510168340220417348973569460213184356689453125,btc,5731.10433536,0.0004124925075,0.0067446299999956,137
1,[],4,[],2019-03-14 14:05:05,9363.28238236,0.00003465,0.00000000134121141,6928716,2019-03-14 14:05:05,btc,28.484971698782502,0.0,0.00003465,btc,48901.15476083,0.2168417,0.1810880909874888,142
1,[],5,[],2019-03-14 14:05:07,0.0,0,0,6928717,2019-03-14 14:05:07,btc,0.0,0.38392283,0,btc,0.0,0.0,0.0,142
1,[],20,[],2019-03-14 14:05:19,153075.4975,0.000030005,0.000000001161415537,6928718,2019-03-14 14:05:19,btc,0.3361571811272,19.1194,0.000030005,btc,2245.1971,0.000573677597,0.3100020279799,142
1,[],22,[],2019-03-14 14:06:47,1470.2803921568627,0.00001020,0.00000000039481547999999996,6928719,2019-03-14 14:06:47,BTC,3.0054103,0.0,0.00001020,BTC,910.5995,0.0,0.00121106,142
0.0,[],25,[],2019-03-14 14:06:49,0.0,0,0,6928720,2019-03-14 14:06:49,,0.0,0.0,0.0,btc,0.0,0.0,0.0,142
1,[],28,[],2019-03-14 14:06:57,76600.0,0.00002270,0.0000000008786579799999999,6928721,2019-03-14 14:06:57,btc,0.067100461059305,864.0,0.00002270,btc,552.61077999,0.0,0.0154572,142
1,[],17,[],2019-03-14 13:07:41,22967.386363640002,0.00000088,0.000000000034054240000000006,6928349,2019-03-14 13:07:41,btc,20.069913352652087,0.0,0.00000088,btc,2746.079105,0.0,0.0104613000000032,142
0,[],22,[],2019-03-13 15:33:20,0.0,0,0,6921615,2019-03-13 15:33:20,,65.83990167,0.0,0,,1043231670.8,0.0,0.0,143
0,[],22,[],2019-02-25 15:42:22,0.0,0,0,6783783,2019-02-25 15:42:22,,4.2131946,0.0,0,,2322156.0,0.0,0.0,146
,[],22,[],2018-11-20 23:01:11,0.0,0,0,4862114,2018-11-20 23:01:11,,2.56807021,0.0,,,61828.4988236,0.0,0.0,147
1,[],12,[],2019-03-14 14:06:59,343454.66888211,0.0000016800000000000000086801225929189484986636671237647533416748046875,0.000000000065028432,6928722,2019-03-14 14:06:59,btc,7.932721091002569,0.0,0.0000016800000000000000086801225929189484986636671237647533416748046875,btc,101651.33942272,0.0,0.0763193999998815,148
1,[],4,[],2019-03-14 14:09:00,217478.00160297,0.00000030,0.00000000001161222,6928723,2019-03-14 14:09:00,btc,218.94518444532724,0.0,0.00000030,btc,786317.16441471,0.01402441,0.0502084224539255,152
0,[],22,[],2019-03-14 14:09:12,0.0,0,0,6928724,2019-03-14 14:09:12,,0.0,0.0,0,,0.0,0.0,0.0,152
1,[],5,[],2019-03-14 14:09:14,0.0,0,0,6928725,2019-03-14 14:09:14,btc,0.0,0.0,0,btc,0.0,0.0,0.0,153
,[],16,[],2019-01-11 15:38:59,0.0,0,0,6366141,2019-01-11 15:38:59,btc,0.0,0.0,,btc,0.0,0.0,0.0,155
0,[],22,[],2019-03-14 14:09:22,0.0,0,0,6928726,2019-03-14 14:09:22,,6.7463775,0.0,0,,4673391.242592593,0.0,0.0,156
0,[],23,[],2019-01-20 23:24:29,0.0,0,0,6476932,2019-01-20 23:24:29,,0.0,0.0,0,,0.0,0.0,0.0,156
1,[],22,[],2019-03-14 14:09:32,7073.8,0.00005300,0.0000000020514921999999998,6928727,2019-03-14 14:09:32,BTC,1.79802465,0.0,0.00005300,BTC,802.6461988741639,0.0,0.00104336,157
0,[],22,[],2019-03-14 14:09:40,0.0,0,0,6928728,2019-03-14 14:09:40,,50175.67608608,0.0,0,,54079135.04179466,0.0,0.0,158
,[],17,[],2018-11-20 22:56:10,0.0,0,0,4861976,2018-11-20 22:56:10,btc,1.1265625,0.0,,btc,1000.0,0.0,0.0,159
,[],20,[],2018-11-20 22:56:12,0.0,0,0,4861977,2018-11-20 22:56:12,btc,11912.7940471,0.0,,btc,34413894.3617,0.0,0.0,159
1,[],12,[],2019-03-14 14:09:42,258549.05826001999,0.000007220000000000000329731901504981550488082575611770153045654296875,0.000000000279467428,6928729,2019-03-14 14:09:42,btc,1.5571737309819906,0.0,0.000007220000000000000329731901504981550488082575611770153045654296875,btc,7971.61702514,0.0148911996446803,0.09752003402151929,168
1,[],17,[],2019-03-14 14:09:54,29784.95,0.000001,0.0000000000387074,6928730,2019-03-14 14:09:54,btc,0.03026736251542,0.0,0.000001,btc,144.46171372,0.0,0.00716147,168
0,[],22,[],2019-03-14 14:10:01,0.0,0,0,6928731,2019-03-14 14:10:01,,1.13364782,0.0,0,,524897.174707144,0.0,0.0,169
1,[],22,[],2019-03-14 14:10:13,195281.875,0.00000008,0.0000000000030965919999999998,6928732,2019-03-14 14:10:13,BTC,14.35180468,0.0,0.00000008,BTC,159093.5516531956,0.00110979,0.00200335,171
0.000000000143641,[],22,[],2019-03-14 14:12:23,724113.3333333334,1.43641e-18,5.5599696434e-23,6928733,2019-03-14 14:12:23,LTC,1.92911732,0.0,0.00000001,LTC,347630.76955956424,0.0,0.02292056,173
1,[],5,[],2019-03-05 01:59:40,0.0,0,0,6845846,2019-03-05 01:59:40,btc,0.0,0.00384852,0,btc,0.0,0.0,0.0,175
1,[],22,[],2019-03-14 14:12:32,35500.0,0.00000012,0.000000000004644888,6928734,2019-03-14 14:12:32,BTC,0.54559973,0.0,0.00000012,BTC,137776.41444619838,0.0,0.00206,176
1,[],7,[],2019-03-14 14:12:34,0.0,0,0,6928735,2019-03-14 14:12:34,btc,410194.6630237904,26849.1508491,0,btc,112767602.04328883,0.00026849,0.0,178
0,[],22,[],2019-03-14 14:12:39,0.0,0,0,6928736,2019-03-14 14:12:39,,1.00242438,0.0,0,,57522.0,0.0,0.0,178
0,[],2,[],2019-01-20 23:28:34,0.0,0,0,6477001,2019-01-20 23:28:34,,0.0,0.0,0,,0.0,0.0,0.0,178
1,[],5,[],2019-03-14 14:12:41,0.0,0,0,6928737,2019-03-14 14:12:41,btc,0.0,0.07589911,0,btc,0.0,0.0,0.0,179
1,[],22,[],2019-03-14 14:12:50,6867106.0,0.00000002,0.0000000000007741479999999999,6928738,2019-03-14 14:12:50,BTC,5.63100652,0.0,0.00000002,"BTC,LTC",17355770.756535422,0.0,0.37228284,179
0,[],23,[],2019-01-20 23:25:08,0.0,0,0,6476952,2019-01-20 23:25:08,,0.0,0.0,0,,0.0,0.0,0.0,179
1,[],22,[],2019-03-14 14:13:15,665006.0130909091,0.00000125,0.000000000048384249999999996,6928739,2019-03-14 14:13:15,BTC,0.23586704,0.0,0.00000125,"BTC,LTC",73781.91688416793,0.0028571,0.57001711,180
1,[],26,[],2019-03-14 14:13:15,0.0,0.00000125,0.000000000048384249999999996,6928740,2019-03-14 14:13:15,btc,0.0,0.0,0.00000125,btc,0.0,0.0,0.0,180
1,[],17,[],2019-03-14 13:31:41,10504.725,0.0000001,0.0000000000038674099999999996,6928553,2019-03-14 13:31:41,btc,5.201069583843709,0.0,0.0000001,btc,5033.45945,0.0,0.0010504725,180
,[],7,[],2018-11-20 22:58:01,562227.975654,0.00000085,0.000000000036176765,4862015,2018-11-20 22:58:01,btc,21836.6059674,2491.87645172,,btc,749999.041456,0.00211021,0.127565380455,183
,[],5,[],2019-01-10 08:11:41,0.0,0,0,6347036,2019-01-10 08:11:41,btc,82.15055501,0.00261,,btc,1.19002445,0.0,0.0,187
1,[],24,[],2019-03-14 14:13:15,0.0,0.000000000001,3.87074e-17,6928741,2019-03-14 14:13:15,btc,0.0,0.0,0.000000000001,btc,0.0,0.0,0.0,187
,[],17,[],2018-11-16 20:58:10,4062536.27273,0.00000001,0.000000000000550501,4708775,2018-11-16 20:58:10,btc,3.36492563466,0.195460381006,,"btc,eth",110697919.549,0.0,0.0157628953496,187
0,[],22,[],2019-03-14 14:13:26,0.0,0,0,6928742,2019-03-14 14:13:26,,7.54797454,0.0,0,,79361.7243344055,0.0,0.0,191
0,[],22,[],2019-03-14 14:15:18,0.0,0,0,6928743,2019-03-14 14:15:18,,0.0,0.0,0,,0.0,0.0,0.0,197
0,[],23,[],2019-01-20 23:31:41,0.0,0,0,6477079,2019-01-20 23:31:41,,0.0,0.0,0,,0.0,0.0,0.0,199
0,[],22,[],2019-03-14 14:15:29,0.0,0,0,6928744,2019-03-14 14:15:29,,5.19581047,0.0,0,,21561978.0,0.0,0.0,199
1,[],26,[],2019-03-14 14:15:29,0.0,0.00000000,0,6928745,2019-03-14 14:15:29,btc,0.0,134623.0,0.00000000,btc,0.0,0.0,0.0,199
0,[],17,[],2019-01-30 16:32:01,0.0,0,0,6540827,2019-01-30 16:32:01,btc,6.802544163788159,0.0,0,btc,105897.55575295,0.0,0.0,200
0,[],2,[],2019-01-20 23:30:49,0.0,0,0,6477059,2019-01-20 23:30:49,,0.0,0.0,0,,0.0,0.0,0.0,201
1,[],4,[],2019-01-25 15:51:35,2084389.58565343,0.00000936,0.000000000333526752,6499557,2019-01-25 15:51:35,btc,2.0092503037378524,0.0,0.00000936,btc,160195.80207885,0.19272417,1.242687955921835,211
1,[],7,[],2019-03-14 14:15:33,5405642.2759224,0.000001069999999999999919816744131662034078544820658862590789794921875,0.000000000041416917999999996,6928746,2019-03-14 14:15:33,btc,15476654.42352724,415323.040588,0.000001069999999999999919816744131662034078544820658862590789794921875,btc,13087141.05982445,0.0,2.8505366139652555,212
1,[],5,[],2019-03-13 23:34:13,0.0,0,0,6924635,2019-03-13 23:34:13,btc,0.0,0.053997,0,btc,0.0,0.0,0.0,213
1,[],24,[],2019-03-13 23:34:13,0.0,0.000000150000,0.00000000000579081,6924636,2019-03-13 23:34:13,btc,0.0,0.0,0.000000150000,btc,0.0,0.0,0.0,213
1,[],26,[],2019-03-13 23:34:14,0.0,0.00000010,0.00000000000386054,6924637,2019-03-13 23:34:14,btc,0.0,0.0,0.00000010,btc,0.0,0.0,0.0,213
1,[],12,[],2019-01-25 02:44:32,207462.42853209,0.000001080000000000000035831255497387193287295303889550268650054931640625,0.000000000038610756000000006,6493050,2019-01-25 02:44:32,btc,85023.03793723314,0.0,0.000001080000000000000035831255497387193287295303889550268650054931640625,btc,43675.73520027,0.000146250909087,0.0348620860622024,213
1,[],22,[],2019-03-14 14:15:47,25000.0,0.00000001,0.00000000000038707399999999997,6928747,2019-03-14 14:15:47,BTC,2.2910283,0.0,0.00000001,BTC,748106.3963726171,0.00049,0.00025,216
1,[],27,[],2019-03-14 14:15:49,1298122.0,0.00000003,0.000000000001161222,6928748,2019-03-14 14:15:49,btc,317.9808126547724,0.0,0.00000003,"btc,ltc",240753.990324,0.0,0.033757640000258556,216
1,[],22,[],2019-03-14 14:16:02,142956.11184210525,0.00000154,0.000000000059609396,6928749,2019-03-14 14:16:02,BTC,12543.58271213,0.0,0.00000154,BTC,423873.814175613,0.00159505,0.13881452,217
1,[],7,[],2019-03-14 14:16:04,0.0,0,0,6928750,2019-03-14 14:16:04,btc,77971.81410323446,1000.0,0,btc,135962412.7426053,1e-05,0.0,219
0,[],27,[],2019-03-14 14:16:06,0.0,0,0,6928751,2019-03-14 14:16:06,,0.0404796,0.0,0,btc,2057905.0,0.0,0.0,219
0.0000000000000051,[],28,[],2019-03-14 14:16:14,171578396.705,8.92755e-18,3.4556224886999997e-22,6928752,2019-03-14 14:16:14,doge,96468.2108421225,14437.0,0.00175050,"btc,doge",5214491.80521,0.0,2.4455919057138268e-11,219
1,[],22,[],2019-03-14 14:16:26,406759.0,0.00000008,0.0000000000030965919999999998,6928753,2019-03-14 14:16:26,BTC,18.0973052,0.0,0.00000008,BTC,99443.54541875875,0.0,0.01939217,221
1,[],24,[],2019-03-14 14:16:26,0.0,0.000000200000,0.00000000000774148,6928754,2019-03-14 14:16:26,btc,0.0,0.0,0.000000200000,btc,0.0,0.0,0.0,221
1,[],20,[],2019-03-14 14:16:29,42495605.3129,0.000000002,0.0000000000000774148,6928755,2019-03-14 14:16:29,btc,49.4028109039739,223686.2862,0.000000002,btc,15635541.2943,0.001218431431,0.0458858811005,224
0,[],22,[],2019-03-14 14:17:50,0.0,0,0,6928756,2019-03-14 14:17:50,,0.0,0.0,0,,0.0,0.0,0.0,224
1,[],26,[],2019-03-14 14:17:51,0.0,0.00000035,0.00000000001354759,6928757,2019-03-14 14:17:51,btc,0.0,0.0,0.00000035,btc,0.0,0.0,0.0,231
1,[],26,[],2019-03-14 14:17:51,0.0,0.00000005,0.00000000000193537,6928758,2019-03-14 14:17:51,btc,0.0,0.0,0.00000005,btc,0.0,0.0,0.0,234
0.0000000003401811,[],27,[],2019-03-14 14:17:54,2000.0,3.401811e-18,1.3167525910139999e-22,6928759,2019-03-14 14:17:54,eth,0.01134836604,0.0,0.00000001,"btc,eth",11462.996,0.0,6.8036219999999995e-15,234
1,[],4,[],2019-03-14 14:17:56,880447.67608496,0.00000077,0.000000000029804698,6928760,2019-03-14 14:17:56,btc,4.27691312180952,0.0,0.00000077,btc,1225313.1891069,0.06792315,0.2641624606278054,236
1,[],24,[],2019-03-14 14:17:57,0.0,0.000000500000,0.0000000000193537,6928761,2019-03-14 14:17:57,btc,0.0,0.0,0.000000500000,btc,0.0,0.0,0.0,236
1,[],20,[],2019-03-14 14:17:58,228282522.726,0.000000041,0.0000000000015870034,6928762,2019-03-14 14:17:58,btc,10.5770400717562,1835733.811,0.000000041,btc,32972804.8133,0.0829517635118,0.5206237599956,237
0.000000000143641,[],22,[],2019-03-14 14:18:22,751594.9,2.441897e-17,9.451948393779999e-22,6928763,2019-03-14 14:18:22,LTC,1.2021423,0.0,0.00000017,LTC,14198.0,0.0,0.12541949,237
1,[],4,[],2019-03-14 14:18:23,7058701.94737444,0.00000033,0.000000000012773442,6928764,2019-03-14 14:18:23,btc,6.232975873903462,0.0,0.00000033,btc,10387070.82745469,0.18064709,1.6603366105696944,238
1,[],5,[],2019-03-14 14:18:25,0.0,0,0,6928765,2019-03-14 14:18:25,btc,0.0,0.01219372,0,btc,0.0,0.0,0.0,238
0,[],22,[],2019-03-12 16:49:32,0.0,0,0,6914458,2019-03-12 16:49:32,,0.40415746,0.0,0,,526736.5639027493,0.0,0.0,249
0.000000000143641,[],22,[],2019-03-14 14:18:41,47175735.916666664,5.74564e-18,2.22398785736e-22,6928766,2019-03-14 14:18:41,LTC,0.93019708,0.0,0.00000004,LTC,18228659.353636365,1.001955011451e-11,1.10516554,252
1,[],28,[],2019-03-14 14:18:48,2191579.917,0.00000062,0.000000000023998588,6928767,2019-03-14 14:18:48,btc,164780.3589313795,62099.3,0.00000062,btc,337761.636,0.0,0.6670319301,256
1,[],22,[],2019-03-14 14:20:20,1335610.3333333333,0.00000003,0.000000000001161222,6928768,2019-03-14 14:20:20,BTC,31.44660227,0.0,0.00000003,BTC,585817.8568978057,0.00020586,0.01900123,258
1,[],22,[],2019-03-13 00:07:30,47146.0,0.00000001,0.000000000000387233,6917028,2019-03-13 00:07:30,BTC,2.415167,0.0,0.00000001,BTC,157.0,0.0,0.00047146,259
1,[],5,[],2019-03-14 14:20:22,0.0,0,0,6928769,2019-03-14 14:20:22,btc,0.0,0.32106093,0,btc,0.0,0.0,0.0,264
1,[],20,[],2019-03-14 14:20:24,1286346.2928,0.00000123,0.000000000047610102,6928770,2019-03-14 14:20:24,btc,7.1895397843283,70616.8428,0.00000123,btc,100687.3571,0.1537029579644,0.0226123782948,264
0,[],22,[],2019-03-14 14:20:30,0.0,0,0,6928771,2019-03-14 14:20:30,,8.75669439,0.0,0,,483745.2241309945,0.0,0.0,271
0,[],22,[],2019-03-14 14:20:37,0.0,0,0,6928772,2019-03-14 14:20:37,,111821.04152134,0.0,0,,13992847597.692,0.0,0.0,272
0.0000000000000051,[],28,[],2019-03-14 14:20:44,190914356712.905,4.08e-21,1.57926192e-25,6928773,2019-03-14 14:20:44,doge,147666882.2567421,24117597543.8703,0.0000008,doge,244691389521.1349,0.0,4.613546444443215e-10,272
1,[],22,[],2019-03-14 14:21:00,142046.78,0.00000053,0.000000000020514922,6928774,2019-03-14 14:21:00,BTC,383.70810851,0.0,0.00000053,"BTC,LTC",81279.72782823781,0.07580056,0.04763293,281
1,[],22,[],2019-03-14 14:21:19,476119.9583333333,0.00000012,0.000000000004644888,6928775,2019-03-14 14:21:19,BTC,1.28559616,0.0,0.00000012,BTC,240334.65700738784,0.00016059,0.0346004,286
0,[],22,[],2019-03-13 05:14:01,0.0,0,0,6918528,2019-03-13 05:14:01,,1044638.85409864,0.0,0,,705144707.0,0.0,0.0,294
