pairValue,buyBook,exchangeId,sellBook,updated,buyTotal,satoshiPrice,usdPrice,exchangeLogId,created,bestPair,sellTotalBtc,volume,pairPrice,activePairs,sellTotal,volumeBtc,buyTotalBtc,coinId
1,[],3,[],2019-02-05 03:06:43,137.771570029921,0.01232136999999999989185983650941125233657658100128173828125,0.000000426373616028,6586193,2019-02-05 03:06:43,btc,107.06644847610826,0.31692584,0.01232136999999999989185983650941125233657658100128173828125,btc,22.041087140772,0.0,0.4784393113076868,1
1,[],4,[],2019-02-05 03:06:43,25209.31494578,0.01246170,0.00000043122965148,6586194,2019-02-05 03:06:43,btc,0.9556206351208771,0.0,0.01246170,btc,73.35351332,0.91615498,2.874553446039889,1
1,[],5,[],2019-02-05 03:06:46,0.23825221,0.01220015,0.00000042217887066000004,6586195,2019-02-05 03:06:46,btc,14578.12156959,1.0106814,0.01220015,btc,35555556.14783713,0.0,1.47550229,1
1,[],10,[],2019-02-05 03:06:48,415001.25460276,0.01219999,0.000000422173333956,6586196,2019-02-05 03:06:48,btc,6533.044021856159,791.77309895,0.01219999,btc,1021.91668502,0.0,4.153809413472586,1
1,[],12,[],2019-02-05 03:06:51,10427.08059269,0.0123400000000000002742250870824136654846370220184326171875,0.00000042701829600000003,6586197,2019-02-05 03:06:51,btc,0.41046812295,0.0,0.0123400000000000002742250870824136654846370220184326171875,btc,26.76627291,0.9839630989887,0.2356026340247,1
1,[],20,[],2019-02-05 03:06:53,1149.1772,0.01200001,0.000000415253146044,6586198,2019-02-05 03:06:53,btc,0.0566246204203,0.0,0.01200001,btc,2.488,0.0,0.0843085388377,1
1,[],21,[],2019-02-05 03:06:54,2532.81579056,0.01234856999999999968564701192,0.000000427314855708,6586199,2019-02-05 03:06:54,btc,22.27305698565195,2687.47486666,0.0123485699999999996856470119155346765182912349700927734375,"btc,eth",2481.59335959,32.1499728196381,23.518576324191528,1
1,[],22,[],2019-02-05 03:06:57,0.0263776,0.01350000,0.0000004671594,6586200,2019-02-05 03:06:57,BTC,0.31397231,0.0,0.01350000,BTC,0.10124366666666666,0.0,0.00034472,1
1,[],24,[],2019-02-05 03:06:58,0.0,0.000000000000,0,6586201,2019-02-05 03:06:58,btc,0.0,0.0,0.000000000000,btc,0.0,0.0,0.0,1
0.0,[],25,[],2019-02-05 03:06:59,0.0,0,0,6586202,2019-02-05 03:06:59,btc,8.99599999822405,1358.93198674,0.0,btc,677.89234853,16.9125,0.0,1
1,[],26,[],2019-02-05 03:07:09,0.0,0,0,6586203,2019-02-05 03:07:09,,0.0,0.0,0,,0.0,0.0,0.0,1
1,[],28,[],2019-02-05 03:07:14,987.9,0.01131000,0.00000039137576400000004,6586204,2019-02-05 03:07:14,btc,0.162839806,15900.95,0.01131000,btc,8.9,0.0,0.024551096,1
0,[],2,[],2019-01-20 23:28:45,0.0,0,0,6477011,2019-01-20 23:28:45,,0.0,0.0,0,,0.0,0.0,0.0,1
1,[],5,[],2019-02-05 03:59:14,2.073e-05,0.00000072,0.000000000024943104000000002,6586383,2019-02-05 03:59:14,btc,0.16002744,0.00631093,0.00000072,btc,7.025e-05,0.0,0.45796896,2
0,[],22,[],2019-02-05 03:59:17,0.0,0,0,6586384,2019-02-05 03:59:17,,0.0,0.0,0,,0.0,0.0,0.0,2
1,[],5,[],2019-02-05 03:59:18,1.25e-06,0.00000016,0.000000000005542912,6586385,2019-02-05 03:59:18,btc,3.72867839,1.01400111,0.00000016,btc,2.204e-05,0.0,2.93628859,3
1,[],12,[],2019-02-05 03:59:19,12442081.78091982,0.00000017,0.000000000005889344,6586386,2019-02-05 03:59:19,btc,921361.5208572313,0.0,0.00000017,btc,8105787.85982979,0.1091700993507611,0.5367791369901748,3
0,[],28,[],2019-02-05 03:59:21,0.0,0,0,6586387,2019-02-05 03:59:21,,0.0,0.0,0,,0.0,0.0,0.0,3
0,[],2,[],2019-01-20 23:31:32,0.0,0,0,6477077,2019-01-20 23:31:32,,0.0,0.0,0,,0.0,0.0,0.0,4
1,[],4,[],2019-02-05 03:07:27,359751.31010758,0.00000031,0.000000000010727364,6586210,2019-02-05 03:07:27,btc,0.3275396641411276,0.0,0.00000031,btc,333566.61586634,0.00022455,0.0400242231999018,4
1,[],12,[],2019-02-05 03:07:28,1411645.5219999999,0.00000005,0.00000000000173022,6586211,2019-02-05 03:07:28,btc,11013878.260868516,0.0,0.00000005,btc,911319.44126897,0.0016920159240752,0.02812384044,5
0,[],2,[],2019-01-20 23:31:51,0.0,0,0,6477087,2019-01-20 23:31:51,,0.0,0.0,0,,0.0,0.0,0.0,6
1,[],11,[],2019-02-05 03:07:30,11224709.4999525,0.00000002,0.0000000000006920880000000001,6586212,2019-02-05 03:07:30,btc,9433.341140428096,27400.0,0.00000002,btc,41338923.65169307,0.0,0.18805467499905001,6
1,[],3,[],2019-02-05 03:59:21,1069.652384675756,0.000150559999999999995050348200464895853656344115734100341796875,0.0000000052158801920000005,6586388,2019-02-05 03:59:21,btc,28.510202753279106,0.0,0.000150559999999999995050348200464895853656344115734100341796875,btc,234.145665820227,0.0,0.030997767816609203,7
1,[],4,[],2019-02-05 03:59:22,26513.72800099,0.00019889,0.000000006890186048,6586389,2019-02-05 03:59:22,btc,3.116674532343727,0.0,0.00019889,btc,13835.7860355,2.87707351,4.471939066855249,7
1,[],5,[],2019-02-05 03:59:24,0.00653343,0.00020001,0.000000006928986432000001,6586390,2019-02-05 03:59:24,btc,1.21228714,0.30003755,0.00020001,btc,0.01206916,0.0,1.56439653,7
1,[],20,[],2019-02-05 03:07:34,66461509.91,0.000000001,0.0000000000000346044,6586216,2019-02-05 03:07:34,btc,116.1315013062774,0.0,0.000000001,btc,28812144.5195,0.0,0.06646150991,8
1,[],1,[],2019-02-05 03:59:24,1438366.55,0.00000191999999999999982841307998027158276954651228152215480804443359375,0.000000000066514944,6586391,2019-02-05 03:59:24,btc,1.2745675637,16188153.34,0.00000191999999999999982841307998027158276954651228152215480804443359375,btc,649689.25,31.6847802,2.7286127652,9
1,[],4,[],2019-02-05 03:59:25,504615.09848488,0.00000189,0.000000000065475648,6586392,2019-02-05 03:59:25,btc,1.206510699498896,0.0,0.00000189,btc,589135.12876019,1.14855877,0.899085526797564,9
1,[],28,[],2019-02-05 03:59:27,34500.0,0.00000165,0.00000000005716128,6586393,2019-02-05 03:59:27,btc,2708.7727197804,3161162.0,0.00000165,btc,15427.14,0.0,0.02854,9
0,[],2,[],2019-01-20 23:22:42,0.0,0,0,6476876,2019-01-20 23:22:42,,0.0,0.0,0,,0.0,0.0,0.0,9
0,[],23,[],2019-01-20 23:22:48,0.0,0,0,6476878,2019-01-20 23:22:48,,0.0,0.0,0,,0.0,0.0,0.0,9
1,[],4,[],2019-02-04 22:10:59,7341799.37826053,0.00000002,0.000000000000693444,6584299,2019-02-04 22:10:59,btc,0.1999615409270056,0.0,0.00000002,btc,4135980.29534268,0.00062922,0.0786653918652106,10
1,[],4,[],2019-02-05 03:59:28,3186641.72638153,0.00000145,0.00000000005023264,6586394,2019-02-05 03:59:28,btc,0.69911216170932,0.0,0.00000145,btc,436045.56673659,2.94576146,4.2601573680775076,12
1,[],5,[],2019-02-05 03:59:29,2.459e-05,0.00000140,0.000000000048500480000000006,6586395,2019-02-05 03:59:29,btc,0.5225808,0.7729782,0.00000140,btc,0.00011602,0.0,0.55322642,12
0.0,[],25,[],2019-02-05 03:59:31,0.0,0,0,6586396,2019-02-05 03:59:31,,0.0,0.0,0.0,btc,0.0,0.0,0.0,12
0,[],2,[],2019-01-20 23:23:08,0.0,0,0,6476890,2019-01-20 23:23:08,,0.0,0.0,0,,0.0,0.0,0.0,12
1,[],4,[],2019-02-05 03:59:32,251205.5180934,0.00000610,0.00000000021132352000000002,6586397,2019-02-05 03:59:32,btc,0.3527036110427639,0.0,0.00000610,btc,53716.92682952,0.74221049,0.9841429024642678,13
1,[],10,[],2019-02-05 03:59:34,585790.11527788,0.00000613,0.000000000212362816,6586398,2019-02-05 03:59:34,btc,666809.623231158,7951.54045389,0.00000613,btc,734990.07870296,0.0,0.8172175339715014,13
1,[],21,[],2019-02-05 03:59:35,1125107.20711525,0.000006150000000000000409915157373,0.00000000021305568000000003,6586399,2019-02-05 03:59:35,btc,4.381119506437196,603976.05252087,0.000006150000000000000409915157373319516409537754952907562255859375,btc,636847.80357428,3.75087773,5.820048096518622,13
1,[],4,[],2019-02-05 03:59:36,1135391.83711794,0.00000168,0.000000000058200576000000006,6586400,2019-02-05 03:59:36,btc,0.1709259453519758,0.0,0.00000168,btc,81323.4612413,0.03208101,0.4334072765126756,14
1,[],12,[],2019-02-05 03:59:37,93168.91139241,0.0000011500000000000000008998878031629686802261858247220516204833984375,0.000000000039839680000000004,6586401,2019-02-05 03:59:37,btc,1.7661528446335009,0.0,0.0000011500000000000000008998878031629686802261858247220516204833984375,btc,29542.56233445,0.0130250118559099,0.013311410000003899,14
0,[],17,[],2019-02-05 03:59:39,0.0,0,0,6586402,2019-02-05 03:59:39,btc,0.0,0.0,0,btc,0.0,0.0,0.0,14
1,[],26,[],2019-02-05 03:59:57,0.0,0.00000049,0.000000000016975168,6586403,2019-02-05 03:59:57,btc,0.0,0.0,0.00000049,btc,0.0,0.0,0.0,14
0,[],4,[],2019-02-05 03:59:58,0.0,0,0,6586404,2019-02-05 03:59:58,,0.0,0.0,0,,0.0,0.0,0.0,15
,[],12,[],2018-12-01 15:15:48,204241.84496,0.00000489,0.000000000202473384,5260204,2018-12-01 15:15:48,btc,49.5475654835,0.0,,btc,35763.2193806,0.0163153972027625,0.0203389899998,15
0,[],2,[],2019-01-20 23:23:38,0.0,0,0,6476906,2019-01-20 23:23:38,,0.0,0.0,0,,0.0,0.0,0.0,18
1,[],4,[],2019-02-05 03:07:55,26580.04669721,0.00001797,0.000000000621841068,6586231,2019-02-05 03:07:55,btc,2.2222871494678116,0.0,0.00001797,btc,7776.94597734,0.0150921,0.1083873384086966,18
1,[],10,[],2019-02-05 03:07:56,789791.71325717,0.00001741,0.0000000006024626040000001,6586232,2019-02-05 03:07:56,btc,15.59250790317173,5676.82736302,0.00001741,btc,12765.30260837,0.0,0.3171607999401112,18
1,[],12,[],2019-02-05 03:07:58,201032.12714372,0.00001618000000000000094071452017008283519317046739161014556884765625,0.0000000005598991920000001,6586233,2019-02-05 03:07:58,btc,0.1856939169406319,0.0,0.00001618000000000000094071452017008283519317046739161014556884765625,btc,1708.32700711,0.0007039307609161,0.0202810088877015,18
0,[],17,[],2019-02-05 03:07:59,0.0,0,0,6586234,2019-02-05 03:07:59,btc,0.0,0.0,0,btc,0.0,0.0,0.0,18
1,[],3,[],2019-02-05 03:59:59,109040.56735432666,0.000028500000000000001569057384021022016895585693418979644775390625,0.0000000009873312000000001,6586405,2019-02-05 03:59:59,btc,0.44343387309007737,5425.57127407,0.000028500000000000001569057384021022016895585693418979644775390625,btc,5119.527808218559,0.0,0.09827470079317303,19
1,[],4,[],2019-02-05 04:00:00,163528.96797858,0.00002884,0.0000000009991098880000001,6586406,2019-02-05 04:00:00,btc,0.1190169079115862,0.0,0.00002884,btc,3622.40793462,2.31776579,1.426487402032497,19
1,[],5,[],2019-02-05 04:00:02,0.00020455,0.00002560,0.0000000008868659200000001,6586407,2019-02-05 04:00:02,btc,0.27693387,0.01517019,0.00002560,btc,0.00313549,0.0,0.18234996,19
1,[],12,[],2019-02-05 04:00:03,133594.94518769,0.00002273999999999999911920282869015608184781740419566631317138671875,0.000000000787786368,6586408,2019-02-05 04:00:03,btc,1.9953821951278083,0.0,0.00002273999999999999911920282869015608184781740419566631317138671875,btc,517.40106483,0.00023009,0.031749213568070596,19
0,[],27,[],2019-02-05 04:00:05,0.0,0,0,6586409,2019-02-05 04:00:05,,0.0,0.0,0,btc,0.0,0.0,0.0,19
0,[],2,[],2019-01-20 23:24:19,0.0,0,0,6476924,2019-01-20 23:24:19,,0.0,0.0,0,,0.0,0.0,0.0,19
1,[],4,[],2019-02-05 04:00:06,8006180.3054235,0.00000013,0.000000000004503616000000001,6586410,2019-02-05 04:00:06,btc,0.8113580453728713,0.0,0.00000013,btc,1592888.36359222,0.00011984,0.2554230874915714,20
1,[],4,[],2019-02-05 03:10:06,122569461.40022224,0.00000002,0.000000000000692088,6586241,2019-02-05 03:10:06,btc,0.6364163187258483,0.0,0.00000002,btc,15811990.00329118,0.0083118,1.4609668122142851,21
1,[],12,[],2019-02-05 03:10:07,19029387.0,0.00000002,0.0000000000006920880000000001,6586242,2019-02-05 03:10:07,btc,668.5451868047564,0.0,0.00000002,btc,8549966.70429836,0.0,0.25352231000000003,21
0,[],17,[],2019-02-05 03:10:09,0.0,0,0,6586243,2019-02-05 03:10:09,btc,0.0,0.0,0,btc,0.0,0.0,0.0,21
1,[],12,[],2019-02-05 04:00:08,2157861441.5458817,0.0000000002,0.0000000000000069286400000000005,6586411,2019-02-05 04:00:08,btc,1729404717685.1025,0.0,0.0000000002,btc,5251738759.366847,0.02542090593966045,0.22040759145598685,23
0,[],27,[],2019-02-05 04:00:09,0.0,0,0,6586412,2019-02-05 04:00:09,,0.735147,0.0,0,eth,812759.0,0.0,0.0,23
1,[],4,[],2019-02-05 04:00:11,3610493.08955578,0.00000080,0.000000000027714560000000003,6586413,2019-02-05 04:00:11,btc,0.078297409470194,0.0,0.00000080,btc,71409.73220237,0.00279402,0.4501997023841857,24
1,[],22,[],2019-02-05 04:00:15,11.76,0.00000100,0.0000000000346432,6586414,2019-02-05 04:00:15,BTC,7.415e-05,0.0,0.00000100,BTC,23.919354838709676,0.0,1.176e-05,24
0.0,[],25,[],2019-02-05 04:00:17,0.0,0,0,6586415,2019-02-05 04:00:17,,0.0,0.0,0.0,btc,0.0,0.0,0.0,24
1,[],4,[],2019-02-05 03:10:18,27845298.43809931,0.00000700,0.0000000002422308,6586249,2019-02-05 03:10:18,btc,0.4718378737301781,0.0,0.00000700,btc,39785.12888099,0.07985521,0.4908642401855046,26
1,[],10,[],2019-02-05 03:10:20,730839.73533438,0.00000588,0.00000000020347387199999998,6586250,2019-02-05 03:10:20,btc,25.975773677598465,0.0,0.00000588,btc,13118.16646401,0.0,0.2070550833237349,26
0,[],2,[],2019-01-20 23:25:56,0.0,0,0,6476976,2019-01-20 23:25:56,,0.0,0.0,0,,0.0,0.0,0.0,26
1,[],3,[],2019-02-05 03:10:21,7740307.65301474,0.00000002,0.0000000000006920880000000001,6586251,2019-02-05 03:10:21,btc,2.5077877529370287,245366.77982,0.00000002,btc,16101561.97591972,0.0,0.08934488267178049,27
1,[],5,[],2019-02-05 03:10:22,1e-08,0.00000001,0.000000000000346044,6586252,2019-02-05 03:10:22,btc,1.1816894,0.00229648,0.00000001,btc,4.362e-05,0.0,0.12602079,27
1,[],11,[],2019-02-05 03:10:23,10065216.691211501,0.00000005,0.00000000000173022,6586253,2019-02-05 03:10:23,btc,370.63310344475406,550157.720616,0.00000005,btc,8170877.7193934005,0.0,0.4661316134459823,27
1,[],4,[],2019-02-05 04:00:17,392416334.98398155,0.00000003,0.0000000000010392960000000001,6586416,2019-02-05 04:00:17,btc,3.9947158797232043,0.0,0.00000003,"btc,ltc",117920428.34467447,0.8695108,3.04474483919618,29
1,[],7,[],2019-02-05 04:00:18,39719460.44287711,0.00000003,0.000000000001039296,6586417,2019-02-05 04:00:18,btc,44465206.20562431,45584.0875125,0.00000003,btc,40679762.41057531,0.0,0.7239454071361162,29
1,[],4,[],2019-02-05 04:00:19,1385223.18132726,0.00000029,0.000000000010046528000000001,6586418,2019-02-05 04:00:19,btc,0.2546291933488875,0.0,0.00000029,btc,542247.60905168,0.00966713,0.0851205093702465,30
0,[],17,[],2019-02-05 04:00:21,0.0,0,0,6586419,2019-02-05 04:00:21,btc,0.0,0.0,0,btc,0.0,0.0,0.0,30
1,[],4,[],2019-02-05 04:00:22,1133721.98659192,0.00006617,0.000000002292340544,6586420,2019-02-05 04:00:22,btc,1.557174780230277,0.0,0.00006617,btc,18703.09427373,0.88139294,1.7496353571444576,31
1,[],21,[],2019-02-05 04:00:23,74554.9488535,0.00006726999999999999798293293107,0.000000002330448064,6586421,2019-02-05 04:00:23,btc,2.1676655881146245,190237.02557815,0.00006726999999999999798293293107320778290159069001674652099609375,btc,28837.32018952,13.05422346,4.689529728992438,31
0,[],2,[],2019-01-20 23:28:43,0.0,0,0,6477009,2019-01-20 23:28:43,,0.0,0.0,0,,0.0,0.0,0.0,32
1,[],4,[],2019-02-05 04:00:24,144394578.29840255,0.00000005,0.0000000000017321600000000002,6586422,2019-02-05 04:00:24,btc,1.4577184178432165,0.0,0.00000005,"btc,ltc",29282780.22795286,0.76476934,2.452146044218705,33
1,[],12,[],2019-02-05 04:00:25,20223725.0,0.00000005,0.00000000000173216,6586423,2019-02-05 04:00:25,btc,17261782.27230877,0.0,0.00000005,btc,89574962.76823159,0.0413475338128672,0.72476496,33
1,[],4,[],2019-02-05 04:00:27,110308555.80015793,0.00000002,0.000000000000692864,6586424,2019-02-05 04:00:27,btc,0.7590371230124844,0.0,0.00000002,btc,25301237.43374948,2.3911836,1.1039688927915794,34
1,[],5,[],2019-02-05 04:00:28,1e-08,0.00000001,0.000000000000346432,6586425,2019-02-05 04:00:28,btc,3.81358774,0.76837799,0.00000001,btc,1.343e-05,0.0,0.87808723,34
0.0000000000987701,[],4,[],2019-02-05 04:00:29,1078951953.3146665,2.963103e-18,1.0265136984960001e-22,6586426,2019-02-05 04:00:29,ltc,7.99393080285574e-09,0.0,0.00000003,ltc,1589979458.4149253,0.0,2.126967032202805e-09,36
1,[],5,[],2019-02-05 04:00:30,0.0,0,0,6586427,2019-02-05 04:00:30,btc,204.29536467,0.0,0,btc,1.295e-05,0.0,0.0,36
0,[],17,[],2019-02-05 04:00:31,0.0,0,0,6586428,2019-02-05 04:00:31,btc,0.07494043759204674,0.0,0,btc,4134847.20243647,0.0,0.0,36
0.0000000000987701,[],27,[],2019-02-05 04:00:34,1000000.0,1.975402e-18,6.843424656640001e-23,6586429,2019-02-05 04:00:34,ltc,447.7307979714,0.0,0.00000002,"ltc,eth",3711879.16,0.0,1.975402e-12,36
1,[],4,[],2019-02-05 04:00:34,431699.43483614,0.00000142,0.000000000049193344000000005,6586430,2019-02-05 04:00:34,btc,0.3884376670473165,0.0,0.00000142,btc,206143.71963594,0.07332191,0.3903642138133178,37
1,[],12,[],2019-02-05 04:00:35,389295.70220277,0.00000145999999999999999745971430986646311112053808756172657012939453125,0.000000000050579072,6586431,2019-02-05 04:00:35,btc,1338.9260388786838,0.0,0.00000145999999999999999745971430986646311112053808756172657012939453125,btc,821300.65835459,0.3883487767249827,0.2541350020666779,37
1,[],17,[],2019-02-05 04:00:37,1752.74075282,0.00000025,0.0000000000086608,6586432,2019-02-05 04:00:37,btc,0.05548492396512074,0.0,0.00000025,btc,1387.19918473,0.0,0.00043818518820499993,37
1,[],27,[],2019-02-05 04:00:39,16943.0,0.0000005,0.0000000000173216,6586433,2019-02-05 04:00:39,btc,43.30929497030353,0.0,0.0000005,btc,29579.81438508,0.0,0.00566124,37
1,[],5,[],2019-02-05 04:00:42,1.69e-05,0.00000105,0.000000000036375360000000005,6586434,2019-02-05 04:00:42,btc,0.10459381,0.04895921,0.00000105,btc,0.00011523,0.0,0.04742969,42
1,[],12,[],2019-02-05 04:00:44,150018.73421217,0.00000110000000000000005610204141526242693771564518101513385772705078125,0.00000000003810752000000001,6586435,2019-02-05 04:00:44,btc,85.06799362764005,0.0,0.00000110000000000000005610204141526242693771564518101513385772705078125,btc,97932.06156129,8.35364635409e-05,0.0513414900000031,42
0,[],27,[],2019-02-05 04:00:46,0.0,0,0,6586436,2019-02-05 04:00:46,,0.00315028,0.0,0,"btc,eth",11.007,0.0,0.0,42
1,[],5,[],2019-02-05 04:00:47,3e-08,0.00000002,0.000000000000692864,6586437,2019-02-05 04:00:47,btc,6.09448901,0.00703657,0.00000002,btc,1.425e-05,0.0,0.52678241,43
1,[],12,[],2019-02-05 04:00:49,6502141.0,0.00000002,0.000000000000692864,6586438,2019-02-05 04:00:49,btc,20007456.464672454,0.0,0.00000002,btc,38833161.74765234,0.0,0.06502156,43
0,[],17,[],2019-02-05 04:00:51,0.0,0,0,6586439,2019-02-05 04:00:51,btc,0.0,0.0,0,btc,0.0,0.0,0.0,43
1,[],12,[],2019-02-05 04:00:53,861037.0,0.00000007,0.0000000000024250240000000004,6586440,2019-02-05 04:00:53,btc,11115166.022183454,0.0,0.00000007,btc,991895.32767233,0.0020070143756231,0.02540806,44
1,[],4,[],2019-02-05 04:00:54,234626898.33245036,0.00000002,0.000000000000692864,6586441,2019-02-05 04:00:54,btc,0.18982019635253244,0.0,0.00000002,"btc,ltc",8498520.51947867,0.00692066,0.534826578872484,49
0.0000000000987701,[],4,[],2019-02-05 04:00:55,4979030741.777097,1.975402e-18,6.843424656640001e-23,6586442,2019-02-05 04:00:55,ltc,4.64517350396836,0.0,0.00000002,ltc,1711347474.0709171,0.0,5.405769891240627e-09,52
0,[],22,[],2019-02-05 04:00:58,0.0,0,0,6586443,2019-02-05 04:00:58,,3693.1548887,0.0,0,,247203597.90882352,0.0,0.0,57
0,[],27,[],2019-02-05 04:01:00,0.0,0,0,6586444,2019-02-05 04:01:00,,0.0,0.0,0,"btc,eth",0.0,0.0,0.0,57
0.0000000000987701,[],4,[],2019-02-05 04:01:01,1619469551.5685742,4.938505e-18,1.71085616416e-22,6586445,2019-02-05 04:01:01,ltc,3.2882093413798774,0.0,0.00000005,ltc,1059249601.6210972,0.0,5.240884934897374e-09,58
1,[],12,[],2019-02-05 04:01:03,2070463213.843957,0.0000000005,0.0000000000000173216,6586446,2019-02-05 04:01:03,btc,625182683192.2798,0.0,0.0000000005,btc,3160992471.8132863,0.009957419815184852,0.7502311717011392,58
0,[],17,[],2019-02-05 04:01:04,0.0,0,0,6586447,2019-02-05 04:01:04,btc,1e+24,0.0,0,btc,41616695.95832568,0.0,0.0,58
0.0000000001238988,[],22,[],2019-02-05 04:01:08,137438.0,1.2389880000000002e-18,4.2922509081600004e-23,6586448,2019-02-05 04:01:08,XMR,69.8835922,0.0,0.00000001,XMR,9887963.0,0.0,0.00137438,58
1,[],5,[],2019-02-05 04:01:09,8.3e-06,0.00000066,0.000000000022864512000000003,6586449,2019-02-05 04:01:09,btc,0.32766673,0.00448642,0.00000066,btc,0.0001545,0.0,0.05150858,61
1,[],22,[],2019-02-05 04:01:12,5111.5,0.00000011,0.0000000000038107520000000004,6586450,2019-02-05 04:01:12,BTC,1002.29606732,0.0,0.00000011,BTC,15028.700278135757,0.0,0.00051178,61
1,[],26,[],2019-02-05 04:01:13,0.0,0.00000800,0.0000000002771456,6586451,2019-02-05 04:01:13,btc,0.0,0.0,0.00000800,btc,0.0,0.0,0.0,61
1,[],27,[],2019-02-05 04:01:15,100.0,0.00000032,0.000000000011085824,6586452,2019-02-05 04:01:15,btc,0.123916,4.0,0.00000032,"btc,eth",155.76,0.0024,3.1e-05,61
1,[],28,[],2019-02-05 04:01:17,6884.304,0.0000006,0.00000000002078592,6586453,2019-02-05 04:01:17,btc,2.064613633700105,686.0,0.0000006,btc,11345.10450005,0.0,0.00216611304,61
1,[],4,[],2019-02-05 04:01:18,1326617.21024478,0.00000183,0.000000000063397056,6586454,2019-02-05 04:01:18,btc,0.6296841317009485,0.0,0.00000183,btc,235383.37576933,0.08568438,0.9990374350461813,67
0.0,[],25,[],2019-02-05 04:01:19,0.0,0,0,6586455,2019-02-05 04:01:19,,0.0,0.0,0.0,btc,0.0,0.0,0.0,67
1,[],12,[],2019-02-05 04:01:20,2592071.66344444,0.00000015,0.00000000000519648,6586456,2019-02-05 04:01:20,btc,11115995.63455438,0.0,0.00000015,btc,2439874.49965588,0.0436352903496513,0.0816439664411108,71
,[],5,[],2018-11-20 23:02:39,1.5e-07,0.00000005,0.000000000002128045,4862160,2018-11-20 23:02:39,btc,2.84511358,0.0,,btc,0.00036572,0.0,0.07381892,74
1,[],5,[],2019-01-25 15:53:51,3.303e-05,0.00000156,0.000000000055588884,6499610,2019-01-25 15:53:51,btc,1.42844212,0.0,0.00000156,btc,0.00015937,0.0,0.49487621,75
1,[],4,[],2019-02-05 04:01:21,70997797.82492337,0.00000001,0.000000000000346432,6586457,2019-02-05 04:01:21,btc,0.8140611123105091,0.0,0.00000001,btc,15190754.69973608,0.00234377,0.7099779782492337,81
0,[],20,[],2019-01-25 09:30:31,0.0,0,0,6495923,2019-01-25 09:30:31,btc,0.0,0.0,0,btc,0.0,0.0,0.0,81
1,[],4,[],2019-02-05 04:01:23,23678.84846679,0.00007032,0.000000002436109824,6586458,2019-02-05 04:01:23,btc,0.4833877786640956,0.0,0.00007032,btc,4932.02837868,0.04442197,0.0798065570851271,82
1,[],21,[],2019-02-05 04:01:24,84932.85980886,0.00007525999999999999432852976211,0.000000002607247232,6586459,2019-02-05 04:01:24,btc,3.4078207959987874,3213.39856851,0.000075259999999999994328529762110946421671542339026927947998046875,btc,39032.55900154,0.24165413,4.331245726426545,82
0,[],17,[],2019-02-05 04:01:26,0.0,0,0,6586460,2019-02-05 04:01:26,btc,0.0447233088476774,0.0,0,btc,999127.19588126,0.0,0.0,84
0.0000000000987701,[],4,[],2019-02-05 04:01:26,334193027.582892,1.1852412e-17,4.1060547939840006e-22,6586461,2019-02-05 04:01:26,ltc,0.19579063227922727,0.0,0.00000012,ltc,69961293.00153106,0.0,1.3229082967251907e-09,85
,[],22,[],2018-11-20 23:09:34,3408.1,0.0000001,0.0000000000041895,4862324,2018-11-20 23:09:34,BTC,0.04624735,0.0,,BTC,4990.0,0.0,0.00033081,86
0,[],22,[],2019-02-05 04:01:29,0.0,0,0,6586462,2019-02-05 04:01:29,,2.07810912,0.0,0,,154826.94736842104,0.0,0.0,87
0,[],27,[],2019-02-05 04:01:31,0.0,0,0,6586463,2019-02-05 04:01:31,,0.0,0.0,0,btc,0.0,0.0,0.0,87
,[],2,[],2018-11-20 23:10:47,0.0,0,0,4862359,2018-11-20 23:10:47,,0.0,0.0,,,0.0,0.0,0.0,88
1,[],11,[],2019-02-05 04:01:32,101319.01196731,0.00018244999999999998957327107529380327832768671214580535888671875,0.00000000632065184,6586464,2019-02-05 04:01:32,btc,245.93989735732336,73.14794521,0.00018244999999999998957327107529380327832768671214580535888671875,btc,184353.86947277,0.0,7.374484563561392,89
0,[],2,[],2019-01-20 23:31:45,0.0,0,0,6477083,2019-01-20 23:31:45,,0.0,0.0,0,,0.0,0.0,0.0,91
1,[],12,[],2019-02-05 04:01:33,459857.08232956,0.00000358000000000000002858065346889038238487046328373253345489501953125,0.000000000124022656,6586465,2019-02-05 04:01:33,btc,1115.4422137368856,0.0,0.00000358000000000000002858065346889038238487046328373253345489501953125,btc,36137.4763252,0.0091660621617326,0.1200515436999051,91
0,[],17,[],2019-02-05 04:01:35,0.0,0,0,6586466,2019-02-05 04:01:35,btc,0.0,0.0,0,btc,0.0,0.0,0.0,91
0.0000000000987701,[],22,[],2019-02-05 04:01:39,29102392.0,5.926206e-18,2.0530273969920003e-22,6586467,2019-02-05 04:01:39,LTC,8.80658359,0.0,0.00000006,LTC,76329729.6,0.0,1.20422058,95
0.0000000000987701,[],4,[],2019-02-05 04:01:40,132143560.79807273,9.7782399e-17,3.3874952050368005e-21,6586468,2019-02-05 04:01:40,ltc,0.9489577137992369,0.0,0.00000099,ltc,49710740.03930873,0.24546407,6.728017321814295e-10,96
1,[],12,[],2019-02-05 04:01:41,222840.0,0.00000001,0.000000000000346432,6586469,2019-02-05 04:01:41,btc,255063.42180635562,0.0,0.00000001,btc,8938980.33297676,2.138e-05,0.0022284,96
0,[],17,[],2019-02-05 04:01:43,0.0,0,0,6586470,2019-02-05 04:01:43,btc,0.0,0.0,0,btc,0.0,0.0,0.0,96
1,[],4,[],2019-02-05 04:01:44,1444539.23571793,0.00000027,0.000000000009353664,6586471,2019-02-05 04:01:44,btc,0.1469561141749929,0.0,0.00000027,btc,298399.24821322,0.0756486,0.1143128415432251,99
1,[],4,[],2019-02-05 04:01:44,69747.7752822,0.00004350,0.0000000015069792,6586472,2019-02-05 04:01:44,btc,1.405149217897001,0.0,0.00004350,btc,29122.18269345,0.63014558,2.7211266354228822,100
0,[],2,[],2019-01-20 23:23:55,0.0,0,0,6476914,2019-01-20 23:23:55,,0.0,0.0,0,,0.0,0.0,0.0,100
1,[],22,[],2019-02-05 04:01:50,50000.0,0.00000001,0.000000000000346432,6586473,2019-02-05 04:01:50,BTC,23.50383609,0.0,0.00000001,BTC,11277.22,0.0,0.0005,101
1,[],4,[],2019-02-05 04:01:50,162222.06214348,0.00000100,0.0000000000346432,6586474,2019-02-05 04:01:50,btc,0.3901708664458584,0.0,0.00000100,btc,146265.19373704,0.02705625,0.1113813333532693,103
1,[],12,[],2019-02-05 04:01:53,88488804.5303887,0.000000016,0.0000000000005542912,6586475,2019-02-05 04:01:53,btc,138278909.981922,0.0,0.000000016,btc,133557009.42064688,0.1277605187882062,0.6716747874862192,105
1,[],27,[],2019-02-05 04:01:55,10159100.89,0.00000001,0.000000000000346432,6586476,2019-02-05 04:01:55,btc,0.620832568896094,2305.0,0.00000001,btc,708411.74181977,2.305e-05,0.1015910089,105
0,[],22,[],2019-02-05 04:01:57,0.0,0,0,6586477,2019-02-05 04:01:57,,1.07253299,0.0,0,,94300.0,0.0,0.0,107
1,[],26,[],2019-02-05 04:01:57,0.0,0.00000000,0,6586478,2019-02-05 04:01:57,btc,0.0,0.0,0.00000000,btc,0.0,0.0,0.0,107
1,[],5,[],2019-02-05 04:01:59,3e-08,0.00000002,0.000000000000692864,6586479,2019-02-05 04:01:59,btc,2.88732368,0.00728274,0.00000002,btc,1.649e-05,0.0,0.12729514,112
1,[],22,[],2019-02-05 04:02:03,2229188.0,0.00000002,0.000000000000692864,6586480,2019-02-05 04:02:03,BTC,2.81683288,0.0,0.00000002,BTC,808529.0833333334,0.0,0.02960411,112
0.0000000003099155,[],27,[],2019-02-05 04:02:05,500000.0,3.099155e-18,1.0736464649600002e-22,6586481,2019-02-05 04:02:05,eth,1.25356065,0.0,0.00000001,"btc,eth",1328.0,0.0,1.5495775e-12,112
1,[],4,[],2019-02-05 04:02:06,514152.50042422,0.00000436,0.000000000151044352,6586482,2019-02-05 04:02:06,btc,0.6371560853609946,0.0,0.00000436,btc,105128.85713227,0.19072382,0.4406955322376894,113
1,[],5,[],2019-02-05 04:02:07,2.455e-05,0.00000390,0.00000000013510848000000001,6586483,2019-02-05 04:02:07,btc,2.18181833,0.00010668,0.00000390,btc,0.00313804,0.0,0.20487071,113
1,[],17,[],2019-02-05 04:02:08,174538.724,0.00000004,0.000000000001385728,6586484,2019-02-05 04:02:08,btc,1.3368030274072442,0.0,0.00000004,btc,51896.221,0.0,0.00308154896,116
0,[],27,[],2019-02-05 04:02:10,0.0,0,0,6586485,2019-02-05 04:02:10,,0.0,0.0,0,btc,0.0,0.0,0.0,116
1,[],4,[],2019-02-05 04:02:12,39520.83223505,0.00002314,0.0000000008016436480000001,6586486,2019-02-05 04:02:12,btc,0.336110500467084,0.0,0.00002314,btc,10968.27134709,0.38464177,0.6836650119304841,120
1,[],7,[],2019-02-05 04:02:13,15075.03628485,0.00001826000000000000135481036112050645670024096034467220306396484375,0.0000000006325848320000001,6586487,2019-02-05 04:02:13,btc,88979.22564103336,0.0,0.00001826000000000000135481036112050645670024096034467220306396484375,btc,29734.94941578,0.0,0.1350106822383448,120
1,[],20,[],2019-02-05 04:02:15,1617028.1906,0.000000014,0.0000000000004850048,6586488,2019-02-05 04:02:15,btc,33.7487591931607,0.0,0.000000014,btc,1063782.1766,0.0,0.0089722132172,125
1,[],22,[],2019-02-05 04:02:18,3053.0,0.00000001,0.000000000000346432,6586489,2019-02-05 04:02:18,BTC,0.01444889,0.0,0.00000001,BTC,296264.5111111111,0.0,3.053e-05,126
1,[],4,[],2019-02-05 04:02:19,90124.07657615,0.00001682,0.000000000582698624,6586490,2019-02-05 04:02:19,btc,0.4981592569551938,0.0,0.00001682,btc,25240.48373291,0.45895789,0.614132222439781,131
0,[],17,[],2019-02-05 04:02:21,0.0,0,0,6586491,2019-02-05 04:02:21,btc,0.0009561751951600001,0.0,0,btc,35.42829368,0.0,0.0,131
0,[],2,[],2019-01-20 23:25:46,0.0,0,0,6476969,2019-01-20 23:25:46,,0.0,0.0,0,,0.0,0.0,0.0,131
1,[],4,[],2019-02-05 04:02:22,4608.10914938,0.00016000,0.0000000055429120000000005,6586492,2019-02-05 04:02:22,btc,1.6408279472428517,0.0,0.00016000,btc,302.35845559,0.0,0.0113649733493251,135
1,[],3,[],2019-02-05 04:02:23,1878143.33745658,0.00000007,0.0000000000024250240000000004,6586493,2019-02-05 04:02:23,btc,0.1504093891340531,66703.2284975,0.00000007,btc,375393.27221306,0.0,0.0704321114460393,136
1,[],4,[],2019-02-05 04:02:23,94403.84725957,0.00000177,0.000000000061318464,6586494,2019-02-05 04:02:23,btc,0.0957618348875403,0.0,0.00000177,btc,41823.35626013,0.060744,0.1305389695799545,137
1,[],12,[],2019-02-05 04:02:25,297247.8353582,0.000001799999999999999918546601286595265634105089702643454074859619140625,0.00000000006235776,6586495,2019-02-05 04:02:25,btc,11982.845300553925,0.0,0.000001799999999999999918546601286595265634105089702643454074859619140625,btc,124359.7680192,0.0513546715240677,0.0278222500000151,137
1,[],5,[],2019-02-05 04:02:26,0.00151839,0.00004283,0.000000001483768256,6586496,2019-02-05 04:02:26,btc,2.00733634,3.74713598,0.00004283,btc,0.00243823,0.0,1.72975297,142
1,[],17,[],2019-02-05 04:02:28,12500.0,0.0000001,0.00000000000346432,6586497,2019-02-05 04:02:28,btc,20.261021578999507,0.0,0.0000001,btc,5931.99821453,0.0,0.00125,142
1,[],20,[],2019-02-05 04:02:29,150253.302,0.00004007,0.000000001388153024,6586498,2019-02-05 04:02:29,btc,2.51826764758,6857.6259,0.00004007,btc,5189.8419,0.294382142967,0.2707746489863,142
1,[],22,[],2019-02-05 04:02:34,962.0,0.00001800,0.0000000006235776,6586499,2019-02-05 04:02:34,BTC,3.00449528,0.0,0.00001800,BTC,899.098,0.0,0.0001637,142
0.0,[],25,[],2019-02-05 04:02:35,0.0,0,0,6586500,2019-02-05 04:02:35,,0.0,0.0,0.0,btc,0.0,0.0,0.0,142
1,[],28,[],2019-02-05 04:02:38,78705.0,0.00002600,0.0000000009007232000000001,6586501,2019-02-05 04:02:38,btc,0.0404216555,1492.001,0.00002600,btc,805.999,0.0,0.0350237,142
0,[],22,[],2019-02-05 04:02:41,0.0,0,0,6586502,2019-02-05 04:02:41,,60.28602097,0.0,0,,808007048.8,0.0,0.0,143
1,[],21,[],2019-02-05 04:02:42,30349377.07703161,0.00000026,0.000000000009007232000000001,6586503,2019-02-05 04:02:42,btc,51.82245577842982,3318023.30891027,0.00000026,btc,90450994.98620161,0.88523662,4.067659385588439,145
0,[],22,[],2019-02-05 04:02:45,0.0,0,0,6586504,2019-02-05 04:02:45,,3.15871229,0.0,0,,1840927.5,0.0,0.0,146
,[],22,[],2018-11-20 23:01:11,0.0,0,0,4862114,2018-11-20 23:01:11,,2.56807021,0.0,,,61828.4988236,0.0,0.0,147
1,[],12,[],2019-02-05 04:02:46,8688698.10183893,0.0000041599999999999999811587346465469039458184852264821529388427734375,0.00000000014411571200000002,6586505,2019-02-05 04:02:46,btc,16.50482378358648,0.0,0.0000041599999999999999811587346465469039458184852264821529388427734375,btc,112571.23026009,0.0122495690008587,0.127672159999686,148
1,[],4,[],2019-02-05 04:02:47,317438.85056835,0.00000040,0.000000000013857280000000001,6586506,2019-02-05 04:02:47,btc,0.6849271965223368,0.0,0.00000040,btc,496866.15536978,0.00106399,0.0710347082879746,152
0,[],22,[],2019-02-05 04:02:50,0.0,0,0,6586507,2019-02-05 04:02:50,,0.0,0.0,0,,0.0,0.0,0.0,152
1,[],5,[],2019-02-05 04:02:51,0.0,0,0,6586508,2019-02-05 04:02:51,btc,4.41744381,0.0,0,btc,0.00161275,0.0,0.0,153
,[],16,[],2019-01-11 15:38:59,0.0,0,0,6366141,2019-01-11 15:38:59,btc,0.0,0.0,,btc,0.0,0.0,0.0,155
0,[],23,[],2019-01-20 23:24:29,0.0,0,0,6476932,2019-01-20 23:24:29,,0.0,0.0,0,,0.0,0.0,0.0,156
0,[],22,[],2019-02-05 04:02:54,0.0,0,0,6586509,2019-02-05 04:02:54,,6.73312347,0.0,0,,4564272.742592593,0.0,0.0,156
1,[],22,[],2019-02-05 04:02:57,7906.0,0.00000801,0.000000000277492032,6586510,2019-02-05 04:02:57,BTC,43.78801181,0.0,0.00000801,BTC,1067.5805334758436,0.0,0.00743836,157
0,[],22,[],2019-02-05 04:03:00,0.0,0,0,6586511,2019-02-05 04:03:00,,50175.6753658,0.0,0,,54007107.04179466,0.0,0.0,158
,[],17,[],2018-11-20 22:56:10,0.0,0,0,4861976,2018-11-20 22:56:10,btc,1.1265625,0.0,,btc,1000.0,0.0,0.0,159
,[],20,[],2018-11-20 22:56:12,0.0,0,0,4861977,2018-11-20 22:56:12,btc,11912.7940471,0.0,,btc,34413894.3617,0.0,0.0,159
1,[],12,[],2019-02-05 04:03:02,198572.81721711,0.000007900000000000000595422149085589325068212929181754589080810546875,0.00000000027368128000000005,6586512,2019-02-05 04:03:02,btc,6.687038071646349,0.0,0.000007900000000000000595422149085589325068212929181754589080810546875,btc,14825.29828389,0.0051006617097304,0.0868894895338785,168
1,[],17,[],2019-02-05 04:03:04,29784.95,0.000001,0.0000000000346432,6586513,2019-02-05 04:03:04,btc,0.03026736251542,0.0,0.000001,btc,144.46171372,0.0,0.00716147,168
0,[],22,[],2019-02-05 04:03:07,0.0,0,0,6586514,2019-02-05 04:03:07,,1.14681919,0.0,0,,721558.1900917594,0.0,0.0,169
1,[],22,[],2019-02-05 04:03:11,204444.9441532258,0.00000032,0.000000000011085824,6586515,2019-02-05 04:03:11,BTC,10.32458157,0.0,0.00000032,BTC,111591.32284706508,0.00440356,0.0258135,171
1,[],22,[],2019-02-05 04:03:14,243145.52380952382,0.0000003,0.00000000001039296,6586516,2019-02-05 04:03:14,BTC,2.65670975,0.0,0.0000003,BTC,218459.9104897285,0.00661402,0.02285534,173
1,[],5,[],2019-02-05 04:03:16,2.043e-05,0.00000317,0.00000000010981894400000001,6586517,2019-02-05 04:03:16,btc,0.36704861,0.08918685,0.00000317,btc,0.00030364,0.0,0.7183738,175
1,[],22,[],2019-02-05 04:03:20,49549.25714285715,0.0000004,0.000000000013857280000000001,6586518,2019-02-05 04:03:20,BTC,0.63358303,0.0,0.0000004,BTC,155090.40184992214,0.0,0.01679357,176
0,[],2,[],2019-01-20 23:28:34,0.0,0,0,6477001,2019-01-20 23:28:34,,0.0,0.0,0,,0.0,0.0,0.0,178
1,[],7,[],2019-02-05 03:15:23,0.0,0,0,6586347,2019-02-05 03:15:23,btc,233187.8026514405,0.0,0,btc,115099540.36229606,0.0,0.0,178
0,[],22,[],2019-02-05 03:15:26,0.0,0,0,6586348,2019-02-05 03:15:26,,1.00242428,0.0,0,,57512.0,0.0,0.0,178
0,[],23,[],2019-01-20 23:25:08,0.0,0,0,6476952,2019-01-20 23:25:08,,0.0,0.0,0,,0.0,0.0,0.0,179
1,[],5,[],2019-02-05 03:15:28,3e-08,0.00000002,0.000000000000692088,6586349,2019-02-05 03:15:28,btc,16.97582066,0.06011865,0.00000002,btc,2.088e-05,0.0,1.19642011,179
1,[],22,[],2019-02-05 03:15:38,8340773.0,0.00000002,0.000000000000692088,6586350,2019-02-05 03:15:38,BTC,5.51393082,0.0,0.00000002,"BTC,LTC",18589483.068656635,0.0001093800007541766,0.3940753,179
1,[],17,[],2019-02-05 03:15:40,10504.725,0.0000001,0.00000000000346044,6586351,2019-02-05 03:15:40,btc,5.206166879877291,0.0,0.0000001,btc,6755.0074587,0.0,0.0010504725,180
1,[],22,[],2019-02-05 03:15:44,39521.94545454546,0.00000011,0.0000000000038064840000000004,6586352,2019-02-05 03:15:44,BTC,0.09618191,0.0,0.00000011,"BTC,LTC",16812.39315481,3.08e-06,0.00413387,180
1,[],26,[],2019-02-05 03:15:44,0.0,0.00000010,0.00000000000346044,6586353,2019-02-05 03:15:44,btc,0.0,0.0,0.00000010,btc,0.0,0.0,0.0,180
,[],7,[],2018-11-20 22:58:01,562227.975654,0.00000085,0.000000000036176765,4862015,2018-11-20 22:58:01,btc,21836.6059674,2491.87645172,,btc,749999.041456,0.00211021,0.127565380455,183
,[],5,[],2019-01-10 08:11:41,0.0,0,0,6347036,2019-01-10 08:11:41,btc,82.15055501,0.00261,,btc,1.19002445,0.0,0.0,187
,[],17,[],2018-11-16 20:58:10,4062536.27273,0.00000001,0.000000000000550501,4708775,2018-11-16 20:58:10,btc,3.36492563466,0.195460381006,,"btc,eth",110697919.549,0.0,0.0157628953496,187
1,[],24,[],2019-02-05 03:15:44,0.0,0.000000000001,3.46044e-17,6586354,2019-02-05 03:15:44,btc,0.0,0.0,0.000000000001,btc,0.0,0.0,0.0,187
0,[],22,[],2019-02-05 03:15:47,0.0,0,0,6586355,2019-02-05 03:15:47,,1.19382741,0.0,0,,13380.036201072173,0.0,0.0,191
0,[],22,[],2019-02-05 03:15:52,0.0,0,0,6586356,2019-02-05 03:15:52,,0.0,0.0,0,,0.0,0.0,0.0,197
0,[],23,[],2019-01-20 23:31:41,0.0,0,0,6477079,2019-01-20 23:31:41,,0.0,0.0,0,,0.0,0.0,0.0,199
1,[],26,[],2019-02-05 03:15:52,0.0,0.00000000,0,6586357,2019-02-05 03:15:52,btc,0.0,628668.0,0.00000000,btc,0.0,0.0,0.0,199
0,[],17,[],2019-01-30 16:32:01,0.0,0,0,6540827,2019-01-30 16:32:01,btc,6.802544163788159,0.0,0,btc,105897.55575295,0.0,0.0,200
0,[],2,[],2019-01-20 23:30:49,0.0,0,0,6477059,2019-01-20 23:30:49,,0.0,0.0,0,,0.0,0.0,0.0,201
1,[],4,[],2019-01-25 15:51:35,2084389.58565343,0.00000936,0.000000000333526752,6499557,2019-01-25 15:51:35,btc,2.0092503037378524,0.0,0.00000936,btc,160195.80207885,0.19272417,1.242687955921835,211
1,[],7,[],2019-02-05 03:15:55,16390765.58836708,0.000001489999999999999921986774779891771203210737439803779125213623046875,0.000000000051560556,6586358,2019-02-05 03:15:55,btc,16567795.206540996,300425.541819,0.000001489999999999999921986774779891771203210737439803779125213623046875,btc,12592561.1463896,0.44753381,8.467853903264148,212
1,[],12,[],2019-01-25 02:44:32,207462.42853209,0.000001080000000000000035831255497387193287295303889550268650054931640625,0.000000000038610756000000006,6493050,2019-01-25 02:44:32,btc,85023.03793723314,0.0,0.000001080000000000000035831255497387193287295303889550268650054931640625,btc,43675.73520027,0.000146250909087,0.0348620860622024,213
1,[],5,[],2019-02-05 03:15:57,4.94e-06,0.00000034,0.000000000011765496000000001,6586359,2019-02-05 03:15:57,btc,1.13442849,0.14033109,0.00000034,btc,3.209e-05,0.0,0.22513418,213
1,[],24,[],2019-02-05 03:15:57,0.0,0.000000050000,0.00000000000173022,6586360,2019-02-05 03:15:57,btc,0.0,0.0,0.000000050000,btc,0.0,0.0,0.0,213
1,[],26,[],2019-02-05 03:15:58,0.0,0.00000009,0.0000000000031143960000000003,6586361,2019-02-05 03:15:58,btc,0.0,0.0,0.00000009,btc,0.0,0.0,0.0,213
1,[],22,[],2019-02-05 03:16:10,276400.0,0.00000002,0.000000000000692088,6586362,2019-02-05 03:16:10,BTC,70.20492877,0.0,0.00000002,BTC,291693.63137942314,0.0,0.004714,216
1,[],27,[],2019-02-05 03:16:12,5054645.0,0.00000015,0.00000000000519066,6586363,2019-02-05 03:16:12,btc,313.98421275996,18000.0,0.00000015,"btc,ltc",287278.49411,0.00666,0.0516735,216
1,[],22,[],2019-02-05 03:05:13,250365.48250399102,0.00000233,0.000000000080670425,6586166,2019-02-05 03:05:13,BTC,12677.92395726,0.0,0.00000233,BTC,493445.3028299485,0.00556574,0.31980442,217
1,[],7,[],2019-02-05 03:16:13,0.0,0,0,6586364,2019-02-05 03:16:13,btc,77970.02600413912,0.0,0,btc,134531561.1214003,0.0,0.0,219
0,[],27,[],2019-02-05 03:16:15,0.0,0,0,6586365,2019-02-05 03:16:15,,5.3418937883169715,0.0,0,btc,1605140.99226592,0.0,0.0,219
0.0000000000000055,[],28,[],2019-02-05 03:16:17,205554034.567,6.1325e-18,2.12211483e-22,6586366,2019-02-05 03:16:17,doge,88554.0318717675,12362.0,0.00111500,"btc,doge",4969437.84751,0.0,2.9397062286559605e-11,219
1,[],24,[],2019-02-05 03:16:20,0.0,0.000000550000,0.000000000019032420000000002,6586368,2019-02-05 03:16:20,btc,0.0,0.0,0.000000550000,btc,0.0,0.0,0.0,221
1,[],22,[],2019-02-05 03:16:20,213501.0,0.00000054,0.000000000018686376,6586367,2019-02-05 03:16:20,BTC,2.99954627,0.0,0.00000054,BTC,32610.55212317522,0.00185502,0.02576238,221
1,[],20,[],2019-02-05 03:16:22,5506483.4568,0.000000007,0.00000000000024223080000000003,6586369,2019-02-05 03:16:22,btc,5.6382131796278,222062.5384,0.000000007,btc,7352921.7904,0.0022847405562,0.0127874406566,224
0,[],22,[],2019-02-05 03:16:24,0.0,0,0,6586370,2019-02-05 03:16:24,,0.0,0.0,0,,0.0,0.0,0.0,224
1,[],26,[],2019-02-05 03:16:24,0.0,0.00000022,0.000000000007612968000000001,6586371,2019-02-05 03:16:24,btc,0.0,0.0,0.00000022,btc,0.0,0.0,0.0,231
1,[],26,[],2019-02-05 03:05:32,0.0,0.00000005,0.000000000001731125,6586174,2019-02-05 03:05:32,btc,0.0,100.0,0.00000005,btc,0.0,0.0,0.0,234
0,[],27,[],2019-02-05 03:05:34,0.0,0,0,6586175,2019-02-05 03:05:34,,0.0113483662182,0.0,0,"btc,eth",11462.99618,0.0,0.0,234
0.0000000000987918,[],22,[],2019-02-05 03:16:28,4910000.0,9.87918e-19,3.41863096392e-23,6586372,2019-02-05 03:16:28,LTC,2.82421019,0.0,0.00000001,LTC,99533768.06349206,9.87918e-15,0.0491,235
1,[],4,[],2019-02-05 03:05:38,812543.44568462,0.00000059,0.000000000020427275,6586177,2019-02-05 03:05:38,btc,0.1512950726079301,0.0,0.00000059,btc,144450.91403709,0.03025334,0.1760431888241216,236
1,[],24,[],2019-02-05 03:05:38,0.0,0.000000010000,0.000000000000346225,6586178,2019-02-05 03:05:38,btc,0.0,0.0,0.000000010000,btc,0.0,0.0,0.0,236
1,[],20,[],2019-02-05 03:16:29,20511510.1635,0.00000006,0.000000000002076264,6586373,2019-02-05 03:16:29,btc,16.2587925525082,11899605.1904,0.00000006,btc,26155639.7244,0.7286680493775,0.3653551108819,237
1,[],22,[],2019-02-05 03:16:32,10000.0,0.00000001,0.000000000000346044,6586374,2019-02-05 03:16:32,BTC,0.04083605,0.0,0.00000001,BTC,4179.0,0.0,0.0001,237
1,[],4,[],2019-02-05 03:05:51,3837691.93349109,0.00000034,0.000000000011771650000000001,6586181,2019-02-05 03:05:51,btc,0.529737584192535,0.0,0.00000034,btc,1297329.25710996,0.67323031,1.188254635282686,238
1,[],5,[],2019-02-05 03:05:52,4.29e-06,0.00000033,0.000000000011425425,6586182,2019-02-05 03:05:52,btc,0.72568933,0.00293819,0.00000033,btc,2.957e-05,0.0,0.26872891,238
1,[],22,[],2019-02-05 00:02:14,181969.0,0.00000003,0.0000000000010392,6584987,2019-02-05 00:02:14,BTC,15.41390197,0.0,0.00000003,BTC,299606.2639027493,0.00058724,0.00545907,249
0.0000000000987918,[],22,[],2019-02-05 03:16:42,1311049.0,2.963754e-18,1.025589289176e-22,6586375,2019-02-05 03:16:42,LTC,0.46385524,0.0,0.00000003,LTC,14489283.09,0.0,0.03833449,252
1,[],28,[],2019-02-05 03:16:49,2320788.578,0.00000009,0.0000000000031143960000000003,6586376,2019-02-05 03:16:49,btc,164692.29902255893,54032.011,0.00000009,btc,674053.1485,0.0,0.07894288099,256
1,[],22,[],2019-02-05 03:06:01,116442.0,0.00000001,0.000000000000346225,6586185,2019-02-05 03:06:01,BTC,35605.55906008,0.0,0.00000001,BTC,507089.34188300685,0.00096614,0.00116442,258
1,[],22,[],2019-01-26 20:58:41,368451.0,0.00000001,0.000000000000356135,6510120,2019-01-26 20:58:41,BTC,2.642917,0.0,0.00000001,"BTC,LTC",1862.0,0.0,0.02488451,259
1,[],22,[],2019-02-05 03:16:52,44934.09428571429,0.00000700,0.0000000002422308,6586377,2019-02-05 03:16:52,BTC,4.70992424,0.0,0.00000700,BTC,8475.446929624764,0.0,0.089659,262
1,[],5,[],2019-02-05 03:16:55,6.142e-05,0.00000316,0.000000000109349904,6586378,2019-02-05 03:16:55,btc,1.01815718,0.2482187,0.00000316,btc,0.0006146,0.0,0.2157496,264
1,[],20,[],2019-02-05 03:16:56,1164866.3596,0.000003001,0.00000000010384780440000001,6586379,2019-02-05 03:16:56,btc,4.9955276392801,9471.6716,0.000003001,btc,94330.642,0.040319138115,0.0183810804328,264
1,[],22,[],2019-02-05 03:17:00,131617.0,0.00000002,0.000000000000692088,6586380,2019-02-05 03:17:00,BTC,8.52098902,0.0,0.00000002,BTC,337937.0984647885,6.8e-05,0.00213471,271
0,[],22,[],2019-02-05 03:17:03,0.0,0,0,6586381,2019-02-05 03:17:03,,369.26513139,0.0,0,,14581807828.9,0.0,0.0,272
0.0000000000000055,[],28,[],2019-02-05 03:17:05,254269668996.792,6.6e-21,2.2838904000000004e-25,6586382,2019-02-05 03:17:05,doge,299028345.1856907,15779740471.335,0.00000120,doge,158440537338.041,0.0,8.950905489650234e-10,272
0,[],22,[],2019-02-05 03:06:21,0.0,0,0,6586192,2019-02-05 03:06:21,,0.0,0.0,0,,0.0,0.0,0.0,281
