pairValue,buyBook,exchangeId,sellBook,updated,buyTotal,satoshiPrice,usdPrice,exchangeLogId,created,bestPair,sellTotalBtc,volume,pairPrice,activePairs,sellTotal,volumeBtc,buyTotalBtc,coinId
1,[],3,[],2019-02-19 07:06:50,30563.636666345727,0.01314719999999999951179052715133366291411221027374267578125,0.00000051180603408,6716810,2019-02-19 07:06:50,btc,107.05978784369643,0.005,0.01314719999999999951179052715133366291411221027374267578125,btc,20.953152906307,0.0,0.36905516948344574,1
1,[],4,[],2019-02-19 07:06:51,79.73387925,0.01343933,0.000000523178333637,6716811,2019-02-19 07:06:51,btc,0.703293840470331,0.0,0.01343933,btc,48.42822343,1.38047394,1.0039881624459588,1
1,[],5,[],2019-02-19 07:06:53,0.0,0,0,6716812,2019-02-19 07:06:53,btc,0.0,0.20576203,0,btc,0.0,0.0,0.0,1
1,[],10,[],2019-02-19 07:06:55,414099.07672156,0.01137039,0.000000442636775271,6716813,2019-02-19 07:06:55,btc,6520.710788742432,1262.17607824,0.01137039,btc,891.66288045,0.0,4.0629526457917695,1
1,[],12,[],2019-02-19 07:06:58,10440.56853063,0.01307999999999999961308727591813294566236436367034912109375,0.000000509190012,6716814,2019-02-19 07:06:58,btc,0.321777562858,0.0,0.01307999999999999961308727591813294566236436367034912109375,btc,17.42894829,0.1735722477992,0.4024819506233,1
1,[],20,[],2019-02-19 07:07:00,1151.7372,0.010500212,0.0000004087617029268,6716815,2019-02-19 07:07:00,btc,0.0588401269655,0.0,0.010500212,btc,2.6354,0.0,0.0962413350083,1
1,[],21,[],2019-02-19 07:07:01,2563.09469217,0.01310942000000000010051515176,0.000000510335300238,6716816,2019-02-19 07:07:01,btc,27.09503320514633,2820.02321548,0.0131094200000000001005151517574631725437939167022705078125,"btc,eth",2564.92473671,31.61603567340765,24.069699200512026,1
1,[],22,[],2019-02-19 07:07:10,0.0163776,0.01300000,0.0000005060757,6716817,2019-02-19 07:07:10,BTC,0.31407927,0.0,0.01300000,BTC,0.10751954901960785,0.0,0.00020972,1
1,[],24,[],2019-02-19 07:07:10,0.0,0.000000000000,0,6716818,2019-02-19 07:07:10,btc,0.0,0.0,0.000000000000,btc,0.0,0.0,0.0,1
0.0,[],25,[],2019-02-19 07:07:11,0.0,0,0,6716819,2019-02-19 07:07:11,btc,27.103299997705882,941.26716799,0.0,btc,2018.93278813,12.443,0.0,1
1,[],26,[],2019-02-19 07:07:20,0.0,0,0,6716820,2019-02-19 07:07:20,,0.0,0.0,0,,0.0,0.0,0.0,1
1,[],28,[],2019-02-19 07:07:22,992.968,0.01231000,0.000000479214759,6716821,2019-02-19 07:07:22,btc,0.162839806,18140.1,0.01231000,btc,8.9,0.0,0.086870176,1
0,[],2,[],2019-01-20 23:28:45,0.0,0,0,6477011,2019-01-20 23:28:45,,0.0,0.0,0,,0.0,0.0,0.0,1
1,[],5,[],2019-02-19 07:07:23,0.0,0,0,6716822,2019-02-19 07:07:23,btc,0.0,0.0059375,0,btc,0.0,0.0,0.0,2
0,[],22,[],2019-02-19 07:07:27,0.0,0,0,6716823,2019-02-19 07:07:27,,0.0,0.0,0,,0.0,0.0,0.0,2
1,[],5,[],2019-02-19 07:07:29,0.0,0,0,6716824,2019-02-19 07:07:29,btc,0.0,0.01982354,0,btc,0.0,0.0,0.0,3
1,[],12,[],2019-02-19 07:07:30,12321775.30247912,0.000000171,0.0000000000066568419000000004,6716825,2019-02-19 07:07:30,btc,923823.8137896527,0.0,0.000000171,btc,9072572.1957564,0.05597632317580843,0.5203777614468736,3
0,[],28,[],2019-02-19 07:07:32,0.0,0,0,6716826,2019-02-19 07:07:32,,0.0,0.0,0,,0.0,0.0,0.0,3
0,[],2,[],2019-01-20 23:31:32,0.0,0,0,6477077,2019-01-20 23:31:32,,0.0,0.0,0,,0.0,0.0,0.0,4
1,[],4,[],2019-02-19 07:07:33,400705.04836527,0.00000032,0.000000000012457248,6716827,2019-02-19 07:07:33,btc,0.384785387488259,0.0,0.00000032,btc,337830.34099658,0.0,0.0548027983140441,4
1,[],12,[],2019-02-19 06:57:29,1355569.18866667,0.00000003,0.000000000001167852,6716626,2019-02-19 06:57:29,btc,11113878.271275336,0.0,0.00000003,btc,1230284.19484872,0.00025776,0.0217927504400001,5
0,[],2,[],2019-01-20 23:31:51,0.0,0,0,6477087,2019-01-20 23:31:51,,0.0,0.0,0,,0.0,0.0,0.0,6
1,[],11,[],2019-02-19 07:07:35,1381209.5,0.00000002,0.000000000000778578,6716828,2019-02-19 07:07:35,btc,9433.306063620637,10000.0,0.00000002,btc,40264064.15478057,0.0,0.019133885,6
1,[],3,[],2019-02-19 07:07:36,1098.405311876364,0.0001535800000000000034051927944034332540468312799930572509765625,0.000000005978700462,6716829,2019-02-19 07:07:36,btc,27.605796873748474,0.0,0.0001535800000000000034051927944034332540468312799930572509765625,btc,249.144760639695,0.0,0.03519822312984306,7
1,[],4,[],2019-02-19 07:07:37,14767.62948381,0.00021215,0.000000008258766135,6716830,2019-02-19 07:07:37,btc,3.198833960712629,0.0,0.00021215,btc,13283.23460346,4.63110757,2.848956022239276,7
1,[],5,[],2019-02-19 07:07:38,0.0,0,0,6716831,2019-02-19 07:07:38,btc,0.0,0.78683483,0,btc,0.0,0.0,0.0,7
1,[],20,[],2019-02-19 06:57:36,39399800.8418,0.000000001,0.0000000000000389284,6716631,2019-02-19 06:57:36,btc,116.9737581404545,0.0,0.000000001,btc,56932990.8895,0.0,0.0393998008418,8
0,[],2,[],2019-01-20 23:22:42,0.0,0,0,6476876,2019-01-20 23:22:42,,0.0,0.0,0,,0.0,0.0,0.0,9
0,[],23,[],2019-01-20 23:22:48,0.0,0,0,6476878,2019-01-20 23:22:48,,0.0,0.0,0,,0.0,0.0,0.0,9
1,[],4,[],2019-02-19 07:07:40,382442.24082076,0.00000180,0.00000000007007202,6716832,2019-02-19 07:07:40,btc,1.8244514987378524,0.0,0.00000180,btc,992147.0344777,2.06688273,0.653308956983741,9
1,[],28,[],2019-02-19 07:07:42,43300.0,0.00000166,0.000000000064621974,6716833,2019-02-19 07:07:42,btc,2709.147620057195,3626710.72,0.00000166,btc,204959.7701,0.0,0.043148,9
1,[],1,[],2019-02-17 23:31:42,1822507.21,0.00000181000000000000003456111265232042484285557293333113193511962890625,0.000000000066086901,6701244,2019-02-17 23:31:42,btc,3.6990969245,17153386.5,0.00000181000000000000003456111265232042484285557293333113193511962890625,btc,1997391.71,31.11772986,3.2610482446,9
1,[],4,[],2019-02-17 11:22:43,4341674.27126056,0.00000002,0.0000000000007272960000000001,6696112,2019-02-17 11:22:43,btc,0.1997230937751353,0.0,0.00000002,btc,4109766.79808031,0.00215132,0.0479381022052112,10
0,[],2,[],2019-01-20 23:23:08,0.0,0,0,6476890,2019-01-20 23:23:08,,0.0,0.0,0,,0.0,0.0,0.0,12
1,[],4,[],2019-02-19 07:07:43,2013658.80180549,0.00000152,0.000000000059171928,6716834,2019-02-19 07:07:43,btc,3.403774902280174,0.0,0.00000152,btc,1875413.88688668,6.22497515,2.882569851991498,12
1,[],5,[],2019-02-19 07:07:44,0.0,0,0,6716835,2019-02-19 07:07:44,btc,0.0,0.89248494,0,btc,0.0,0.0,0.0,12
0.0,[],25,[],2019-02-19 07:07:45,0.0,0,0,6716836,2019-02-19 07:07:45,,0.0,0.0,0.0,btc,0.0,0.0,0.0,12
1,[],10,[],2019-02-19 05:09:56,458625.06387018,0.00000578,0.00000000022550669999999999,6716038,2019-02-19 05:09:56,btc,666802.4545015516,6338.42012591,0.00000578,btc,721696.66187469,0.0,0.3916993880504011,13
1,[],4,[],2019-02-19 07:07:46,1310613.40207707,0.00000585,0.00000000022773406499999999,6716837,2019-02-19 07:07:46,btc,0.4104340229722516,0.0,0.00000585,btc,63883.53892644,1.20456526,1.3443785115402762,13
1,[],21,[],2019-02-19 07:07:49,463268.69596316,0.000005800000000000000372813759031,0.00000000022578762,6716838,2019-02-19 07:07:49,btc,4.309928732446203,1599609.27904811,0.000005800000000000000372813759030865554677802720107138156890869140625,btc,658280.06363506,9.5484961,2.390031585917449,13
0,[],17,[],2019-02-19 05:56:46,0.0,0,0,6716246,2019-02-19 05:56:46,btc,0.0,0.0,0,btc,0.0,0.0,0.0,14
1,[],4,[],2019-02-19 07:07:50,987545.27727787,0.00000153,0.000000000059561217,6716839,2019-02-19 07:07:50,btc,0.1309681589618146,0.0,0.00000153,btc,60986.47281025,0.09277685,0.4156668578933141,14
1,[],12,[],2019-02-19 07:07:51,87318.39881975,0.000001430000000000000072932653839841155019030338735319674015045166015625,0.000000000055668327000000004,6716840,2019-02-19 07:07:51,btc,5.30757764626373,0.0,0.000001430000000000000072932653839841155019030338735319674015045166015625,btc,31452.002997,0.0016767885073913,0.0118287899999621,14
1,[],26,[],2019-02-19 07:08:02,0.0,0.00000050,0.00000000001946445,6716841,2019-02-19 07:08:02,btc,0.0,0.0,0.00000050,btc,0.0,0.0,0.0,14
0,[],4,[],2019-02-19 07:08:03,0.0,0,0,6716842,2019-02-19 07:08:03,,0.0,0.0,0,,0.0,0.0,0.0,15
,[],12,[],2018-12-01 15:15:48,204241.84496,0.00000489,0.000000000202473384,5260204,2018-12-01 15:15:48,btc,49.5475654835,0.0,,btc,35763.2193806,0.0163153972027625,0.0203389899998,15
0,[],2,[],2019-01-20 23:23:38,0.0,0,0,6476906,2019-01-20 23:23:38,,0.0,0.0,0,,0.0,0.0,0.0,18
1,[],4,[],2019-02-19 07:08:05,28190.99550255,0.00001851,0.000000000720573939,6716843,2019-02-19 07:08:05,btc,1.239324484202869,0.0,0.00001851,btc,8262.31359029,0.02023136,0.1225164385783719,18
1,[],10,[],2019-02-19 07:08:07,784488.95506827,0.00001901,0.000000000740038389,6716844,2019-02-19 07:08:07,btc,15.517166813161571,22548.9364503,0.00001901,btc,9616.02694017,0.0,0.2231932960345381,18
1,[],12,[],2019-02-19 07:08:08,204454.87874922,0.00001775000000000000115554267543505062576514319516718387603759765625,0.0000000006909879750000001,6716845,2019-02-19 07:08:08,btc,21.90983052810737,0.0,0.00001775000000000000115554267543505062576514319516718387603759765625,btc,1744.51957689,0.0013814118635788,0.035224535351173,18
0,[],17,[],2019-02-19 07:08:20,0.0,0,0,6716846,2019-02-19 07:08:20,btc,0.0,0.0,0,btc,0.0,0.0,0.0,18
0,[],2,[],2019-01-20 23:24:19,0.0,0,0,6476924,2019-01-20 23:24:19,,0.0,0.0,0,,0.0,0.0,0.0,19
1,[],3,[],2019-02-19 07:08:21,121726.28303840898,0.0000229400000000000005924601087503589269545045681297779083251953125,0.0000000008930289660000001,6716847,2019-02-19 07:08:21,btc,0.48919632353939174,2070.81791577,0.0000229400000000000005924601087503589269545045681297779083251953125,btc,5244.077411380873,0.0,0.101458191605832,19
1,[],4,[],2019-02-19 07:08:21,311576.53893198,0.00002254,0.000000000877457406,6716848,2019-02-19 07:08:21,btc,0.2772713614979013,0.0,0.00002254,btc,10779.65428203,0.64168879,3.3760835088362353,19
1,[],5,[],2019-02-19 07:08:22,0.0,0,0,6716849,2019-02-19 07:08:22,btc,0.0,0.00489506,0,btc,0.0,0.0,0.0,19
1,[],12,[],2019-02-19 07:08:23,134813.18221638,0.00002282999999999999995157519416810742995949112810194492340087890625,0.000000000888746787,6716850,2019-02-19 07:08:23,btc,0.0291788367813548,0.0,0.00002282999999999999995157519416810742995949112810194492340087890625,btc,280.66393647,0.0003454945055518,0.0327022099999554,19
0,[],27,[],2019-02-19 07:08:26,0.0,0,0,6716851,2019-02-19 07:08:26,,0.0,0.0,0,btc,0.0,0.0,0.0,19
1,[],4,[],2019-02-19 07:08:27,8073339.77783351,0.00000015,0.000000000005839335,6716852,2019-02-19 07:08:27,btc,0.7494924035666204,0.0,0.00000015,btc,1601422.19540293,0.0,0.2590475804794153,20
1,[],4,[],2019-02-19 07:08:28,110774403.16461639,0.00000002,0.000000000000778578,6716853,2019-02-19 07:08:28,btc,0.4052000963908996,0.0,0.00000002,btc,11921192.93946572,0.0090464,1.2533285071729683,21
1,[],12,[],2019-02-19 07:08:29,18389644.0,0.00000002,0.000000000000778578,6716854,2019-02-19 07:08:29,btc,669.7773900317494,0.0,0.00000002,btc,8580697.27073194,0.00034938,0.24003316,21
0,[],17,[],2019-02-19 06:58:30,0.0,0,0,6716654,2019-02-19 06:58:30,btc,0.0,0.0,0,btc,0.0,0.0,0.0,21
1,[],12,[],2019-02-19 07:08:30,3379203103.043896,0.0000000002,0.00000000000000778578,6716855,2019-02-19 07:08:30,btc,880865841676.6705,0.0,0.0000000002,btc,4743344664.970481,0.029106136234165837,0.39077214085558976,23
0,[],27,[],2019-02-19 07:08:34,0.0,0,0,6716856,2019-02-19 07:08:34,,1.3429826565934113,0.0,0,eth,1964879.85514486,0.0,0.0,23
1,[],4,[],2019-02-19 07:08:35,313948.93306954,0.00000063,0.000000000024525207,6716857,2019-02-19 07:08:35,btc,0.1767375847563836,0.0,0.00000063,btc,183735.2882291,0.01131637,0.158635361909611,24
1,[],22,[],2019-02-19 07:08:41,11.76,0.00000100,0.0000000000389289,6716858,2019-02-19 07:08:41,BTC,7.415e-05,0.0,0.00000100,BTC,23.919354838709676,0.0,1.176e-05,24
0.0,[],25,[],2019-02-19 07:08:42,0.0,0,0,6716859,2019-02-19 07:08:42,,0.0,0.0,0.0,btc,0.0,0.0,0.0,24
0,[],2,[],2019-01-20 23:25:56,0.0,0,0,6476976,2019-01-20 23:25:56,,0.0,0.0,0,,0.0,0.0,0.0,26
1,[],4,[],2019-02-19 07:08:43,26860480.80601499,0.00000597,0.000000000232405533,6716860,2019-02-19 07:08:43,btc,0.5252941910770274,0.0,0.00000597,btc,43634.72752514,0.10303173,0.4427203560290734,26
1,[],10,[],2019-02-19 07:08:45,683124.19163166,0.0000054,0.00000000021021606,6716861,2019-02-19 07:08:45,btc,25.927272136924913,0.0,0.0000054,btc,14351.41452713,0.0,0.2138635226438311,26
1,[],3,[],2019-02-19 07:08:46,5972327.70213569,0.00000001,0.000000000000389289,6716862,2019-02-19 07:08:46,btc,2.7177458034899336,10056.257,0.00000001,btc,17631823.38485497,0.0,0.059723277021356894,27
1,[],5,[],2019-02-19 07:08:48,0.0,0,0,6716863,2019-02-19 07:08:48,btc,0.0,1e-05,0,btc,0.0,0.0,0.0,27
1,[],11,[],2019-02-19 07:08:49,9803584.35433359,0.00000005,0.000000000001946445,6716864,2019-02-19 07:08:49,btc,67506.53097482225,8080.0,0.00000005,btc,8171781.9463934,0.0,0.458287845339645,27
1,[],4,[],2019-02-19 07:08:50,552631415.3798625,0.00000002,0.000000000000778578,6716865,2019-02-19 07:08:50,btc,0.22158683022549977,0.0,0.00000002,"btc,ltc",26464587.90315658,0.16372337,7.080403840272884,29
1,[],7,[],2019-02-19 07:08:52,35538183.205262125,0.00000002,0.000000000000778578,6716866,2019-02-19 07:08:52,btc,44465227.339259334,2796548.7009,0.00000002,btc,58698432.74298487,0.05646856,0.3559042401445292,29
0,[],17,[],2019-02-19 06:07:29,0.0,0,0,6716471,2019-02-19 06:07:29,btc,0.0,0.0,0,btc,0.0,0.0,0.0,30
1,[],4,[],2019-02-19 06:58:52,1501247.20149966,0.00000029,0.000000000011289236,6716667,2019-02-19 06:58:52,btc,0.2487661663960973,0.0,0.00000029,btc,504344.84175899,0.00857777,0.1223945578471853,30
1,[],4,[],2019-02-19 07:08:52,18700.3328464,0.00006158,0.000000002397241662,6716867,2019-02-19 07:08:52,btc,2.055974117244499,0.0,0.00006158,btc,30988.54532012,2.3841925,0.9983008432274638,31
1,[],21,[],2019-02-19 07:08:53,59932.28514221,0.00006150000000000000409915157373,0.0000000023941273500000003,6716868,2019-02-19 07:08:53,btc,2.511989901509743,104966.94815346,0.00006150000000000000409915157373319516409537754952907562255859375,btc,38397.11699205,6.45123727,3.3646816671964164,31
0,[],2,[],2019-01-20 23:28:43,0.0,0,0,6477009,2019-01-20 23:28:43,,0.0,0.0,0,,0.0,0.0,0.0,32
1,[],4,[],2019-02-19 07:08:54,136033808.97686476,0.00000004,0.000000000001557156,6716869,2019-02-19 07:08:54,btc,4.066776236418495,0.0,0.00000004,"btc,ltc",84922240.65824255,0.59348714,2.30435971422898,33
1,[],12,[],2019-02-19 07:08:56,15139654.225,0.00000005,0.000000000001946445,6716870,2019-02-19 07:08:56,btc,35620096.540140174,0.0,0.00000005,btc,88814369.06992981,0.013926808041958,0.50032796125,33
1,[],4,[],2019-02-19 07:08:57,133916735.72663936,0.00000001,0.000000000000389289,6716871,2019-02-19 07:08:57,btc,0.913780395668849,0.0,0.00000001,btc,37858236.95889838,0.0247517,1.3391673572663936,34
1,[],5,[],2019-02-19 07:08:58,0.0,0,0,6716872,2019-02-19 07:08:58,btc,0.0,0.33039495,0,btc,0.0,0.0,0.0,34
0.000000000121863,[],4,[],2019-02-19 07:08:58,1050453029.1790978,2.43726e-18,9.487985081400001e-23,6716873,2019-02-19 07:08:58,ltc,9.248468387359989e-09,0.0,0.00000002,ltc,1830198993.726183,0.0,2.0894977441377437e-09,36
1,[],5,[],2019-02-19 07:08:59,0.0,0,0,6716874,2019-02-19 07:08:59,btc,0.0,0.0,0,btc,0.0,0.0,0.0,36
0,[],17,[],2019-02-19 07:09:11,0.0,0,0,6716875,2019-02-19 07:09:11,btc,0.0746458232965017,0.0,0,btc,4103573.70243647,0.0,0.0,36
0,[],27,[],2019-02-19 07:09:15,0.0,0,0,6716876,2019-02-19 07:09:15,,113.82128944818679,0.0,0,"ltc,eth",3757762.7424504,0.0,0.0,36
1,[],17,[],2019-02-19 06:59:19,1752.74075282,0.00000025,0.0000000000097321,6716679,2019-02-19 06:59:19,btc,0.05548492400542837,0.0,0.00000025,btc,1387.19918473,0.0,0.00043818518820499993,37
1,[],4,[],2019-02-19 07:09:16,427915.05302123,0.00000081,0.000000000031532409,6716877,2019-02-19 07:09:16,btc,0.2933389918990195,0.0,0.00000081,btc,215500.28620538,0.22573339,0.1625855931155089,37
1,[],12,[],2019-02-19 07:09:17,537721.92563919,0.00000088,0.000000000034257432000000004,6716878,2019-02-19 07:09:17,btc,1364.184301754957,0.0,0.00000088,btc,814637.98002427,0.1900978308048841,0.1801706375722082,37
1,[],27,[],2019-02-19 07:09:24,14752.0,0.00000045,0.000000000017518005,6716879,2019-02-19 07:09:24,btc,26.25770832162233,0.0,0.00000045,btc,6830.24738508,0.0,0.00483022,37
1,[],5,[],2019-02-19 07:09:41,0.0,0,0,6716880,2019-02-19 07:09:41,btc,0.0,0.09378742,0,btc,0.0,0.0,0.0,42
1,[],12,[],2019-02-19 07:09:42,133209.54310838,0.00000091,0.000000000035425299,6716881,2019-02-19 07:09:42,btc,94.67397951773427,0.0,0.00000091,btc,89479.29317003,0.000850258391606,0.040617099999996,42
0,[],27,[],2019-02-19 07:09:45,0.0,0,0,6716882,2019-02-19 07:09:45,,0.00315028,0.0,0,"btc,eth",11.007,0.0,0.0,42
1,[],5,[],2019-02-19 07:09:46,0.0,0,0,6716883,2019-02-19 07:09:46,btc,0.0,0.0,0,btc,0.0,0.0,0.0,43
1,[],12,[],2019-02-19 07:09:47,4098288.0,0.00000002,0.000000000000778578,6716884,2019-02-19 07:09:47,btc,20007435.274506606,0.0,0.00000002,btc,38974229.21618381,0.00015321002997,0.04098291,43
0,[],17,[],2019-02-19 07:09:49,0.0,0,0,6716885,2019-02-19 07:09:49,btc,0.0,0.0,0,btc,0.0,0.0,0.0,43
1,[],12,[],2019-02-19 06:59:34,678335.0,0.00000005,0.00000000000194642,6716687,2019-02-19 06:59:34,btc,11115167.675810482,0.0,0.00000005,btc,1069843.31470526,0.00081441,0.0172335,44
1,[],4,[],2019-02-19 07:09:49,324843325.2038739,0.00000002,0.000000000000778578,6716886,2019-02-19 07:09:49,btc,0.18822660694486887,0.0,0.00000002,"btc,ltc",4537751.25245401,0.00486098,0.42386877200253903,49
0.000000000121863,[],4,[],2019-02-19 07:09:50,99071342.236,1.21863e-18,4.7439925407000003e-23,6716887,2019-02-19 07:09:50,ltc,4.645173508083419,0.0,0.00000001,ltc,3529258786.0098734,0.0,1.207313097890567e-10,52
0,[],22,[],2019-02-19 07:09:56,0.0,0,0,6716888,2019-02-19 07:09:56,,4368.07440295,0.0,0,,262751443.67882353,0.0,0.0,57
0,[],27,[],2019-02-19 07:09:58,0.0,0,0,6716889,2019-02-19 07:09:58,,0.0,0.0,0,"btc,eth",0.0,0.0,0.0,57
0.000000000121863,[],4,[],2019-02-19 07:09:59,738941211.8938205,3.65589e-18,1.42319776221e-22,6716890,2019-02-19 07:09:59,ltc,3.2722090047624546,0.0,0.00000003,ltc,1300555970.0031757,0.0,1.632615072306699e-09,58
1,[],12,[],2019-02-19 07:10:00,1634414071.843957,0.0000000004,0.00000000000001557156,6716891,2019-02-19 07:10:00,btc,224005479821.38275,0.0,0.0000000004,btc,3707700512.090211,0.12118127194114615,0.5284967277011392,58
0,[],17,[],2019-02-19 07:10:02,0.0,0,0,6716892,2019-02-19 07:10:02,btc,1e+24,0.0,0,btc,41481695.95832568,0.0,0.0,58
0.0000000001289358,[],22,[],2019-02-19 07:10:15,137438.0,1.289358e-18,5.01932886462e-23,6716893,2019-02-19 07:10:15,XMR,69.8835922,0.0,0.00000001,XMR,9887963.0,0.0,0.00137438,58
1,[],5,[],2019-02-19 07:10:16,0.0,0,0,6716894,2019-02-19 07:10:16,btc,0.0,0.00796747,0,btc,0.0,0.0,0.0,61
1,[],22,[],2019-02-19 07:10:23,5149.5,0.00000011,0.000000000004282179,6716895,2019-02-19 07:10:23,BTC,1002.29597012,0.0,0.00000011,BTC,14947.700278135757,0.0,0.00051596,61
1,[],26,[],2019-02-19 07:10:23,0.0,0.00000800,0.0000000003114312,6716896,2019-02-19 07:10:23,btc,0.0,0.0,0.00000800,btc,0.0,0.0,0.0,61
1,[],27,[],2019-02-19 07:10:28,5582.64,0.00000045,0.000000000017518005,6716897,2019-02-19 07:10:28,btc,2.935325846318174,0.0,0.00000045,"btc,eth",18504.38399471,0.0,0.0009709972051658985,61
1,[],28,[],2019-02-19 07:10:30,13882.304,0.0000005,0.00000000001946445,6716898,2019-02-19 07:10:30,btc,2.062488404235105,717.0,0.0000005,btc,15611.87550005,0.0,0.00566491304,61
1,[],4,[],2019-02-19 07:10:31,357724.08153062,0.00000335,0.00000000013041181499999999,6716899,2019-02-19 07:10:31,btc,1.0284514150173731,0.0,0.00000335,btc,239250.88548545,0.47529246,0.733289654796554,67
0.0,[],25,[],2019-02-19 07:10:32,0.0,0,0,6716900,2019-02-19 07:10:32,,0.0,0.0,0.0,btc,0.0,0.0,0.0,67
1,[],12,[],2019-02-19 07:10:34,3109776.56820635,0.00000016,0.000000000006228624,6716901,2019-02-19 07:10:34,btc,11115995.891482072,0.0,0.00000016,btc,1843445.5628272,0.0097368005483117,0.1145445264411115,71
,[],5,[],2018-11-20 23:02:39,1.5e-07,0.00000005,0.000000000002128045,4862160,2018-11-20 23:02:39,btc,2.84511358,0.0,,btc,0.00036572,0.0,0.07381892,74
1,[],5,[],2019-02-19 07:10:35,0.0,0,0,6716902,2019-02-19 07:10:35,btc,0.0,0.0,0,btc,0.0,0.0,0.0,75
0,[],20,[],2019-01-25 09:30:31,0.0,0,0,6495923,2019-01-25 09:30:31,btc,0.0,0.0,0,btc,0.0,0.0,0.0,81
1,[],4,[],2019-02-19 07:10:35,17976001.10892337,0.00000001,0.000000000000389289,6716903,2019-02-19 07:10:35,btc,0.8634517537739842,0.0,0.00000001,btc,15391342.79181637,0.0,0.1797600110892337,81
1,[],4,[],2019-02-19 07:10:37,34827.07357505,0.00007630,0.00000000297027507,6716904,2019-02-19 07:10:37,btc,1.3178504891769725,0.0,0.00007630,btc,11165.65334912,0.02084958,0.6157716624248346,82
1,[],21,[],2019-02-19 07:10:38,168273.25355432,0.00008286999999999999770051994918,0.0000000032260379429999997,6716905,2019-02-19 07:10:38,btc,2.6589361821024293,6698.7872888,0.00008286999999999999770051994918418358793132938444614410400390625,btc,25549.32703957,0.53415608,3.3424276912970847,82
0,[],17,[],2019-02-19 07:10:49,0.0,0,0,6716906,2019-02-19 07:10:49,btc,0.0447233088476774,0.0,0,btc,999127.19588126,0.0,0.0,84
0.000000000121863,[],4,[],2019-02-19 07:10:50,129379056.99642955,7.31178e-18,2.84639552442e-22,6716907,2019-02-19 07:10:50,ltc,0.19541526441270604,0.0,0.00000006,ltc,101115429.99941565,0.0,5.244474784467723e-10,85
,[],22,[],2018-11-20 23:09:34,3408.1,0.0000001,0.0000000000041895,4862324,2018-11-20 23:09:34,BTC,0.04624735,0.0,,BTC,4990.0,0.0,0.00033081,86
0,[],22,[],2019-02-19 07:10:55,0.0,0,0,6716908,2019-02-19 07:10:55,,2.0760781,0.0,0,,140622.94736842104,0.0,0.0,87
0,[],27,[],2019-02-19 07:10:58,0.0,0,0,6716909,2019-02-19 07:10:58,,0.0,0.0,0,btc,0.0,0.0,0.0,87
,[],2,[],2018-11-20 23:10:47,0.0,0,0,4862359,2018-11-20 23:10:47,,0.0,0.0,,,0.0,0.0,0.0,88
1,[],11,[],2019-02-19 07:11:00,96839.4349834,0.0001435200000000000082438222914760217463481239974498748779296875,0.000000005587075728,6716910,2019-02-19 07:11:00,btc,610.2477936212177,396.38603982,0.0001435200000000000082438222914760217463481239974498748779296875,btc,95143.98216393,0.0,6.547531465568696,89
0,[],2,[],2019-01-20 23:31:45,0.0,0,0,6477083,2019-01-20 23:31:45,,0.0,0.0,0,,0.0,0.0,0.0,91
1,[],12,[],2019-02-19 07:11:02,437515.4678495,0.000001879999999999999999629744958096200235786454868502914905548095703125,0.000000000073186332,6716911,2019-02-19 07:11:02,btc,15.382083761633307,0.0,0.000001879999999999999999629744958096200235786454868502914905548095703125,btc,51888.36834005,0.004324779311378,0.06613709029997761,91
0,[],17,[],2019-02-19 07:11:14,0.0,0,0,6716912,2019-02-19 07:11:14,btc,0.0,0.0,0,btc,0.0,0.0,0.0,91
0.000000000121863,[],22,[],2019-02-19 07:11:20,3506520.0,4.87452e-18,1.8975970162800001e-22,6716913,2019-02-19 07:11:20,LTC,9.13211897,0.0,0.00000004,LTC,72065348.1,2.4372600000000003e-14,0.1050108,95
0.000000000121863,[],4,[],2019-02-19 07:11:22,135032367.11567372,9.505314000000001e-17,3.700314181746e-21,6716914,2019-02-19 07:11:22,ltc,0.6419271854046408,0.0,0.00000078,ltc,37043074.18079285,0.00798995,1.100647240423168e-09,96
1,[],12,[],2019-02-19 07:11:23,257630.0,0.00000001,0.000000000000389289,6716915,2019-02-19 07:11:23,btc,255075.83077264484,0.0,0.00000001,btc,8791501.79451522,0.0003672084815186,0.0025763,96
0,[],17,[],2019-02-19 07:11:25,0.0,0,0,6716916,2019-02-19 07:11:25,btc,0.0,0.0,0,btc,0.0,0.0,0.0,96
1,[],4,[],2019-02-19 07:11:26,1737025.95295419,0.00000040,0.00000000001557156,6716917,2019-02-19 07:11:26,btc,0.6048346068220674,0.0,0.00000040,btc,927443.97721086,1.5027613,0.2340527103886024,99
0,[],2,[],2019-01-20 23:23:55,0.0,0,0,6476914,2019-01-20 23:23:55,,0.0,0.0,0,,0.0,0.0,0.0,100
1,[],4,[],2019-02-19 07:11:27,194914.86219384,0.00003858,0.000000001501876962,6716918,2019-02-19 07:11:27,btc,0.897218239861713,0.0,0.00003858,btc,20620.3219794,0.4620024,1.1643665535709515,100
1,[],22,[],2019-02-19 07:11:33,50000.0,0.00000001,0.000000000000389289,6716919,2019-02-19 07:11:33,BTC,23.49896609,0.0,0.00000001,BTC,10277.22,0.0,0.0005,101
1,[],4,[],2019-02-19 07:11:34,441102.97111897,0.00000097,0.000000000037761033,6716920,2019-02-19 07:11:34,btc,0.3986861022656904,0.0,0.00000097,btc,158638.84091564,0.03165523,0.2304967250869652,103
1,[],12,[],2019-02-19 07:11:37,57360837.0,0.000000015,0.0000000000005839334999999999,6716921,2019-02-19 07:11:37,btc,137279442.54774278,0.0,0.000000015,btc,120745478.67856541,0.04701967408735758,0.20301247,105
1,[],27,[],2019-02-19 07:11:41,3997411.89,0.00000001,0.000000000000389289,6716922,2019-02-19 07:11:41,btc,0.2583299431492299,0.0,0.00000001,btc,303168.20460553,0.0,0.0399741189,105
1,[],22,[],2019-02-19 07:11:46,9328.0,0.00000001,0.000000000000389289,6716923,2019-02-19 07:11:46,BTC,51.10825004,0.0,0.00000001,BTC,468935.0,0.0,9.328e-05,107
1,[],26,[],2019-02-19 07:11:46,0.0,0.00000000,0,6716924,2019-02-19 07:11:46,btc,0.0,0.0,0.00000000,btc,0.0,0.0,0.0,107
1,[],5,[],2019-02-19 07:11:47,0.0,0,0,6716925,2019-02-19 07:11:47,btc,0.0,0.00402101,0,btc,0.0,0.0,0.0,112
1,[],22,[],2019-02-19 07:11:54,1966.0,0.00000001,0.000000000000389289,6716926,2019-02-19 07:11:54,BTC,2.81183288,0.0,0.00000001,BTC,808524.0833333334,0.0,1.966e-05,112
0,[],27,[],2019-02-19 07:11:57,0.0,0,0,6716927,2019-02-19 07:11:57,,1.35132491849924,0.0,0,"btc,eth",1328.641654,0.0,0.0,112
1,[],4,[],2019-02-19 07:11:58,462474.75596247,0.00000337,0.000000000131190393,6716928,2019-02-19 07:11:58,btc,0.3247773434588417,0.0,0.00000337,btc,79069.60099847,0.36908811,0.227679253059381,113
1,[],5,[],2019-02-19 07:11:58,0.0,0,0,6716929,2019-02-19 07:11:58,btc,0.0,0.0,0,btc,0.0,0.0,0.0,113
1,[],17,[],2019-02-19 07:12:00,152738.278,0.00000004,0.000000000001557156,6716930,2019-02-19 07:12:00,btc,1.33680302678,0.0,0.00000004,btc,50696.221,0.0,0.0022095311199999998,116
0,[],27,[],2019-02-19 07:12:04,0.0,0,0,6716931,2019-02-19 07:12:04,,0.0,0.0,0,btc,0.0,0.0,0.0,116
1,[],4,[],2019-02-19 07:12:05,27088.65785805,0.00003002,0.000000001168645578,6716932,2019-02-19 07:12:05,btc,0.9737489310585398,0.0,0.00003002,btc,28159.82461096,0.74502808,0.667568695807296,120
1,[],7,[],2019-02-19 07:12:06,18190.65388311,0.00002953000000000000017778313543548307507080608047544956207275390625,0.000000001149570417,6716933,2019-02-19 07:12:06,btc,115649.94447017429,41.62128753,0.00002953000000000000017778313543548307507080608047544956207275390625,btc,27630.69967963,0.00125102,0.0757009850998952,120
1,[],20,[],2019-02-19 07:12:14,1073509.3397,0.000000017,0.0000000000006617913,6716934,2019-02-19 07:12:14,btc,31.909191296025,3076.05,0.000000017,btc,1141578.7853,5.229285e-05,0.0050788561674,125
1,[],22,[],2019-02-19 07:12:20,3053.0,0.00000001,0.000000000000389289,6716935,2019-02-19 07:12:20,BTC,0.01444887,0.0,0.00000001,BTC,296263.5111111111,0.0,3.053e-05,126
1,[],4,[],2019-02-19 07:12:21,127363.79367623,0.00001691,0.000000000658287699,6716936,2019-02-19 07:12:21,btc,0.778275119698573,0.0,0.00001691,btc,38202.51393878,0.41676475,1.0577497046804436,131
0,[],17,[],2019-02-19 06:12:57,0.0,0,0,6716536,2019-02-19 06:12:57,btc,0.0009561751951600001,0.0,0,btc,35.42829368,0.0,0.0,131
0,[],2,[],2019-01-20 23:25:46,0.0,0,0,6476969,2019-01-20 23:25:46,,0.0,0.0,0,,0.0,0.0,0.0,131
1,[],4,[],2019-02-19 07:12:22,4559.21382336,0.00016225,0.000000006316214025,6716937,2019-02-19 07:12:22,btc,1.647401424516374,0.0,0.00016225,btc,334.44418488,0.0,0.0093088713506371,135
1,[],3,[],2019-02-19 07:01:57,1717523.63905174,0.00000005,0.00000000000194642,6716736,2019-02-19 07:01:57,btc,0.1305819625138315,19752.0,0.00000005,btc,546874.90940695,0.0,0.0625399017803675,136
1,[],4,[],2019-02-19 07:12:24,60368.85069929,0.00000171,0.000000000066568419,6716938,2019-02-19 07:12:24,btc,0.1194738985269734,0.0,0.00000171,btc,57077.66842963,0.07737955,0.0703136477377189,137
1,[],12,[],2019-02-19 07:12:24,295686.53810567,0.000001749999999999999973748754898694723891594549058936536312103271484375,0.000000000068125575,6716939,2019-02-19 07:12:24,btc,11807.70087645942,0.0,0.000001749999999999999973748754898694723891594549058936536312103271484375,btc,157899.15676263,0.0003202099994118,0.025354669832618,137
1,[],4,[],2019-02-19 07:12:25,199081.71174288,0.00005015,0.0000000019522843349999998,6716940,2019-02-19 07:12:25,btc,1.5627467591648512,0.0,0.00005015,btc,22037.39422344,1.70983447,0.2935768409175334,142
1,[],5,[],2019-02-19 07:12:27,0.0,0,0,6716941,2019-02-19 07:12:27,btc,0.0,0.90202029,0,btc,0.0,0.0,0.0,142
1,[],20,[],2019-02-19 07:12:39,134116.2952,0.00003387,0.000000001318521843,6716942,2019-02-19 07:12:39,btc,0.3650013293402,5089.7983,0.00003387,btc,3364.7313,0.389674957848,0.2585038296084,142
1,[],22,[],2019-02-19 07:12:45,1613.354305200341,0.00003220,0.00000000125351058,6716943,2019-02-19 07:12:45,BTC,3.0070065,0.0,0.00003220,BTC,896.9784641392417,0.0,0.0018856,142
0.0,[],25,[],2019-02-19 07:12:47,0.0,0,0,6716944,2019-02-19 07:12:47,,0.0,0.0,0.0,btc,0.0,0.0,0.0,142
1,[],28,[],2019-02-19 07:12:49,77743.0,0.00004500,0.0000000017518005,6716945,2019-02-19 07:12:49,btc,0.057100837,474.0,0.00004500,btc,356.4989,0.0,0.0519372,142
1,[],17,[],2019-02-19 07:02:02,22967.386363640002,0.00000088,0.000000000034256992,6716741,2019-02-19 07:02:02,btc,20.0699133484,0.0,0.00000088,btc,405.079105,0.0,0.0104613000000032,142
0,[],22,[],2019-02-19 07:12:53,0.0,0,0,6716946,2019-02-19 07:12:53,,67.24443376,0.0,0,,817363658.3,0.0,0.0,143
1,[],21,[],2019-02-19 07:12:55,33340977.35871898,0.00000025,0.000000000009732225,6716947,2019-02-19 07:12:55,btc,64.68001096521316,24871959.04630707,0.00000025,btc,104692448.27838121,6.38024722,4.75088230074642,145
0,[],22,[],2019-02-19 07:12:59,0.0,0,0,6716948,2019-02-19 07:12:59,,4.24946284,0.0,0,,1812156.0,0.0,0.0,146
,[],22,[],2018-11-20 23:01:11,0.0,0,0,4862114,2018-11-20 23:01:11,,2.56807021,0.0,,,61828.4988236,0.0,0.0,147
1,[],12,[],2019-02-19 07:02:25,8679014.95243715,0.000002810000000000000201067461291781768295550136826932430267333984375,0.00000000010938880400000002,6716749,2019-02-19 07:02:25,btc,16.564543503792326,0.0,0.000002810000000000000201067461291781768295550136826932430267333984375,btc,118283.3460165,0.0009772235703456,0.107240768,148
1,[],4,[],2019-02-19 07:13:01,247751.67438999,0.00000030,0.00000000001167867,6716949,2019-02-19 07:13:01,btc,0.7783761750058348,0.0,0.00000030,btc,593167.18068715,0.00020876,0.0586340587886126,152
0,[],22,[],2019-02-19 07:13:06,0.0,0,0,6716950,2019-02-19 07:13:06,,0.0,0.0,0,,0.0,0.0,0.0,152
1,[],5,[],2019-02-19 07:13:07,0.0,0,0,6716951,2019-02-19 07:13:07,btc,0.0,0.0,0,btc,0.0,0.0,0.0,153
,[],16,[],2019-01-11 15:38:59,0.0,0,0,6366141,2019-01-11 15:38:59,btc,0.0,0.0,,btc,0.0,0.0,0.0,155
0,[],22,[],2019-02-19 07:13:16,0.0,0,0,6716952,2019-02-19 07:13:16,,6.74608761,0.0,0,,4644402.242592593,0.0,0.0,156
0,[],23,[],2019-01-20 23:24:29,0.0,0,0,6476932,2019-01-20 23:24:29,,0.0,0.0,0,,0.0,0.0,0.0,156
1,[],22,[],2019-02-19 07:14:28,7073.8,0.00005300,0.0000000020632317,6716953,2019-02-19 07:14:28,BTC,43.78801181,0.0,0.00005300,BTC,1067.5805334758436,0.0,0.00104336,157
0,[],22,[],2019-02-19 07:14:36,0.0,0,0,6716954,2019-02-19 07:14:36,,50175.68008609,0.0,0,,54479136.04179466,0.0,0.0,158
,[],17,[],2018-11-20 22:56:10,0.0,0,0,4861976,2018-11-20 22:56:10,btc,1.1265625,0.0,,btc,1000.0,0.0,0.0,159
,[],20,[],2018-11-20 22:56:12,0.0,0,0,4861977,2018-11-20 22:56:12,btc,11912.7940471,0.0,,btc,34413894.3617,0.0,0.0,159
1,[],12,[],2019-02-19 07:14:38,188320.5233726,0.00000740000000000000030041073795228356857478502206504344940185546875,0.00000000028807386,6716955,2019-02-19 07:14:38,btc,6.657397397715184,0.0,0.00000740000000000000030041073795228356857478502206504344940185546875,btc,14477.21569509,0.0059088990657922,0.09403625349999149,168
1,[],17,[],2019-02-19 07:14:39,29784.95,0.000001,0.0000000000389289,6716956,2019-02-19 07:14:39,btc,0.03026736251542,0.0,0.000001,btc,144.46171372,0.0,0.00716147,168
0,[],22,[],2019-02-19 07:14:51,0.0,0,0,6716957,2019-02-19 07:14:51,,1.14655792,0.0,0,,759972.8900917594,0.0,0.0,169
1,[],22,[],2019-02-19 07:14:58,179295.22727272726,0.00000022,0.000000000008564358,6716958,2019-02-19 07:14:58,BTC,13.29299833,0.0,0.00000022,BTC,166886.79312179118,1.108e-05,0.02507459,171
1,[],22,[],2019-02-19 07:03:36,133596.6,0.00000005,0.00000000000194642,6716760,2019-02-19 07:03:36,BTC,2.66352328,0.0,0.00000005,BTC,268842.9072958534,0.00377032,0.00533987,173
1,[],5,[],2019-02-19 07:03:37,0.0,0,0,6716761,2019-02-19 07:03:37,btc,0.0,0.13070943,0,btc,0.0,0.0,0.0,175
1,[],22,[],2019-02-19 07:03:42,37430.0,0.0000003,0.00000000001167852,6716762,2019-02-19 07:03:42,BTC,0.53059598,0.0,0.0000003,BTC,143403.40970790636,0.0,0.0032426,176
1,[],7,[],2019-02-19 07:03:43,0.0,0,0,6716763,2019-02-19 07:03:43,btc,410918.63489866455,0.0,0,btc,115828955.16222881,0.0,0.0,178
0,[],22,[],2019-02-19 07:03:47,0.0,0,0,6716764,2019-02-19 07:03:47,,1.00242428,0.0,0,,57512.0,0.0,0.0,178
0,[],2,[],2019-01-20 23:28:34,0.0,0,0,6477001,2019-01-20 23:28:34,,0.0,0.0,0,,0.0,0.0,0.0,178
1,[],5,[],2019-02-19 07:03:48,0.0,0,0,6716765,2019-02-19 07:03:48,btc,0.0,0.93687273,0,btc,0.0,0.0,0.0,179
1,[],22,[],2019-02-19 07:03:54,7859285.0,0.00000002,0.000000000000778568,6716766,2019-02-19 07:03:54,BTC,5.49491223,0.0,0.00000002,"BTC,LTC",17558294.468656633,0.0,0.38444554,179
0,[],23,[],2019-01-20 23:25:08,0.0,0,0,6476952,2019-01-20 23:25:08,,0.0,0.0,0,,0.0,0.0,0.0,179
1,[],22,[],2019-02-19 07:04:11,128933.32,0.00000025,0.0000000000097321,6716767,2019-02-19 07:04:11,BTC,0.19903667,0.0,0.00000025,"BTC,LTC",57249.550688868796,0.00115418,0.00134617,180
1,[],26,[],2019-02-19 07:04:11,0.0,0.00000100,0.0000000000389284,6716768,2019-02-19 07:04:11,btc,0.0,0.0,0.00000100,btc,0.0,0.0,0.0,180
1,[],17,[],2019-02-19 06:03:07,10504.725,0.0000001,0.00000000000388189,6716374,2019-02-19 06:03:07,btc,5.201913593507951,0.0,0.0000001,btc,5427.1328087,0.0,0.0010504725,180
,[],7,[],2018-11-20 22:58:01,562227.975654,0.00000085,0.000000000036176765,4862015,2018-11-20 22:58:01,btc,21836.6059674,2491.87645172,,btc,749999.041456,0.00211021,0.127565380455,183
,[],5,[],2019-01-10 08:11:41,0.0,0,0,6347036,2019-01-10 08:11:41,btc,82.15055501,0.00261,,btc,1.19002445,0.0,0.0,187
1,[],24,[],2019-02-19 07:04:12,0.0,0.000000000001,3.8928400000000003e-17,6716769,2019-02-19 07:04:12,btc,0.0,0.0,0.000000000001,btc,0.0,0.0,0.0,187
,[],17,[],2018-11-16 20:58:10,4062536.27273,0.00000001,0.000000000000550501,4708775,2018-11-16 20:58:10,btc,3.36492563466,0.195460381006,,"btc,eth",110697919.549,0.0,0.0157628953496,187
0,[],22,[],2019-02-19 07:04:16,0.0,0,0,6716770,2019-02-19 07:04:16,,1.19374426,0.0,0,,16338.869534405507,0.0,0.0,191
0,[],22,[],2019-02-19 07:04:22,0.0,0,0,6716771,2019-02-19 07:04:22,,0.0,0.0,0,,0.0,0.0,0.0,197
0,[],23,[],2019-01-20 23:31:41,0.0,0,0,6477079,2019-01-20 23:31:41,,0.0,0.0,0,,0.0,0.0,0.0,199
0,[],22,[],2019-02-19 07:04:26,0.0,0,0,6716772,2019-02-19 07:04:26,,5.17330081,0.0,0,,21824453.0,0.0,0.0,199
1,[],26,[],2019-02-19 07:04:26,0.0,0.00000000,0,6716773,2019-02-19 07:04:26,btc,0.0,747759.0,0.00000000,btc,0.0,0.0,0.0,199
0,[],17,[],2019-01-30 16:32:01,0.0,0,0,6540827,2019-01-30 16:32:01,btc,6.802544163788159,0.0,0,btc,105897.55575295,0.0,0.0,200
0,[],2,[],2019-01-20 23:30:49,0.0,0,0,6477059,2019-01-20 23:30:49,,0.0,0.0,0,,0.0,0.0,0.0,201
1,[],4,[],2019-01-25 15:51:35,2084389.58565343,0.00000936,0.000000000333526752,6499557,2019-01-25 15:51:35,btc,2.0092503037378524,0.0,0.00000936,btc,160195.80207885,0.19272417,1.242687955921835,211
1,[],7,[],2019-02-19 07:04:30,4971042.64309921,0.000001410000000000000052661867921965921368609997443854808807373046875,0.00000000005488904400000001,6716774,2019-02-19 07:04:30,btc,15475875.699624216,1548561.44628,0.000001410000000000000052661867921965921368609997443854808807373046875,btc,12727203.30149377,0.0,3.4404227141216954,212
1,[],5,[],2019-02-19 07:04:31,0.0,0,0,6716775,2019-02-19 07:04:31,btc,0.0,0.22135632,0,btc,0.0,0.0,0.0,213
1,[],24,[],2019-02-19 07:04:31,0.0,0.000000050000,0.00000000000194642,6716776,2019-02-19 07:04:31,btc,0.0,20.0,0.000000050000,btc,0.0,1.76e-05,0.0,213
1,[],26,[],2019-02-19 07:04:31,0.0,0.00000009,0.000000000003503556,6716777,2019-02-19 07:04:31,btc,0.0,0.0,0.00000009,btc,0.0,0.0,0.0,213
1,[],12,[],2019-01-25 02:44:32,207462.42853209,0.000001080000000000000035831255497387193287295303889550268650054931640625,0.000000000038610756000000006,6493050,2019-01-25 02:44:32,btc,85023.03793723314,0.0,0.000001080000000000000035831255497387193287295303889550268650054931640625,btc,43675.73520027,0.000146250909087,0.0348620860622024,213
0,[],22,[],2019-02-19 07:04:35,0.0,0,0,6716778,2019-02-19 07:04:35,,2.19551377,0.0,0,,211112.59081706151,0.0,0.0,216
1,[],27,[],2019-02-19 07:04:39,5204157.5615,0.00000006,0.000000000002335704,6716779,2019-02-19 07:04:39,btc,362.0745472606,200.0,0.00000006,"btc,ltc",264161.775,2e-05,0.05478726246,216
1,[],22,[],2019-02-19 07:04:45,186611.22052495697,0.00000192,0.000000000074742528,6716780,2019-02-19 07:04:45,BTC,12676.7714325,0.0,0.00000192,BTC,397739.78051871946,0.05736613,0.21042763,217
1,[],7,[],2019-02-19 07:04:46,0.0,0,0,6716781,2019-02-19 07:04:46,btc,77969.6156418105,0.0,0,btc,137055636.5050253,0.0,0.0,219
0,[],27,[],2019-02-19 07:04:50,0.0,0,0,6716782,2019-02-19 07:04:50,,5.341833788316972,0.0,0,btc,1599140.99226595,0.0,0.0,219
0.0000000000000053,[],28,[],2019-02-19 07:04:53,168163313.092,4.399477e-18,1.7126460044680003e-22,6716783,2019-02-19 07:04:53,doge,84047.8870939895,14117.0,0.00083009,"btc,doge",4762557.44411,0.0,1.1688635191466321e-11,219
1,[],22,[],2019-02-19 07:04:59,245477.6,0.00000019,0.000000000007396396,6716784,2019-02-19 07:04:59,BTC,2.99452318,0.0,0.00000019,BTC,90991.46837794242,0.0,0.02663551,221
1,[],24,[],2019-02-19 07:04:59,0.0,0.000000180000,0.000000000007007112,6716785,2019-02-19 07:04:59,btc,0.0,0.0,0.000000180000,btc,0.0,0.0,0.0,221
1,[],20,[],2019-02-19 07:05:01,47081815.8425,0.000000002,0.0000000000000778568,6716786,2019-02-19 07:05:01,btc,47.9786214075211,0.0,0.000000002,btc,10194573.1132,0.0,0.0477109711063,224
0,[],22,[],2019-02-19 07:05:07,0.0,0,0,6716787,2019-02-19 07:05:07,,0.0,0.0,0,,0.0,0.0,0.0,224
1,[],26,[],2019-02-19 07:05:08,0.0,0.00000033,0.000000000012846372,6716788,2019-02-19 07:05:08,btc,0.0,0.0,0.00000033,btc,0.0,0.0,0.0,231
1,[],26,[],2019-02-19 07:05:08,0.0,0.00000006,0.000000000002335704,6716789,2019-02-19 07:05:08,btc,0.0,100.0,0.00000006,btc,0.0,0.0,0.0,234
0,[],27,[],2019-02-19 07:05:13,0.0,0,0,6716790,2019-02-19 07:05:13,,0.0113483662182,0.0,0,"btc,eth",11462.99618,0.0,0.0,234
0,[],22,[],2019-02-19 07:05:17,0.0,0,0,6716791,2019-02-19 07:05:17,,4.08286522,0.0,0,,104073927.81349206,0.0,0.0,235
1,[],4,[],2019-02-19 07:05:17,855307.21456578,0.00000080,0.00000000003114272,6716792,2019-02-19 07:05:17,btc,0.3099850848645476,0.0,0.00000080,btc,244198.62239383,0.0330822,0.2377298966101057,236
1,[],24,[],2019-02-19 07:05:18,0.0,0.000000020010,0.000000000000778957284,6716793,2019-02-19 07:05:18,btc,0.0,0.0,0.000000020010,btc,0.0,0.0,0.0,236
1,[],20,[],2019-02-19 07:05:20,70816788.6944,0.000000072,0.0000000000028028448,6716794,2019-02-19 07:05:20,btc,16.9954059973331,38648875.0431,0.000000072,btc,41429603.6022,2.9502139863358,0.6457937472278,237
1,[],22,[],2019-02-19 07:05:25,116403.0,0.00000004,0.000000000001557136,6716795,2019-02-19 07:05:25,BTC,0.0405823,0.0,0.00000004,"BTC,LTC",3164.0,0.0,0.00482009,237
1,[],4,[],2019-02-19 07:05:26,4793626.29352421,0.00000034,0.000000000013235656,6716796,2019-02-19 07:05:26,btc,0.5539397808034409,0.0,0.00000034,btc,1386702.83871696,0.36398029,1.5244981115945038,238
1,[],5,[],2019-02-19 07:05:27,0.0,0,0,6716797,2019-02-19 07:05:27,btc,0.0,0.05462305,0,btc,0.0,0.0,0.0,238
0,[],22,[],2019-02-19 07:05:32,0.0,0,0,6716798,2019-02-19 07:05:32,,27.41701007,0.0,0,,370860.0639027493,0.0,0.0,249
0.0000000001219737,[],22,[],2019-02-19 07:05:38,7021097.666666667,3.6592110000000006e-18,1.4244722949240002e-22,6716799,2019-02-19 07:05:38,LTC,0.56670218,0.0,0.00000003,LTC,15147487.09,0.0,0.20963595,252
1,[],28,[],2019-02-19 07:05:45,4391956.698,0.0000001,0.00000000000389284,6716800,2019-02-19 07:05:45,btc,164693.70150149014,69811.4,0.0000001,btc,1119203.9751,0.0,0.2663411375,256
1,[],22,[],2019-02-19 07:05:51,1494873.6666666667,0.00000003,0.000000000001167852,6716801,2019-02-19 07:05:51,BTC,31.39741955,0.0,0.00000003,BTC,406617.3791200279,0.0,0.04370093,258
1,[],22,[],2019-02-19 07:05:57,49651.0,0.00000002,0.000000000000778568,6716802,2019-02-19 07:05:57,BTC,2.629917,0.0,0.00000002,BTC,1762.0,0.0,0.00050551,259
1,[],22,[],2019-02-19 07:06:04,10631.0,0.00000800,0.0000000003114272,6716803,2019-02-19 07:06:04,BTC,1293.00671322,0.0,0.00000800,"BTC,LTC",5161.329812607565,0.00935328,0.01101185,262
1,[],5,[],2019-02-19 07:06:06,0.0,0,0,6716804,2019-02-19 07:06:06,btc,0.0,0.1059744,0,btc,0.0,0.0,0.0,264
1,[],20,[],2019-02-19 07:06:07,1235453.624,0.00000101,0.000000000039317684,6716805,2019-02-19 07:06:07,btc,8.6499703413184,18688.2542,0.00000101,btc,157608.054,0.06878833596,0.0183951445528,264
1,[],22,[],2019-02-19 07:06:13,62163.5,0.00000002,0.000000000000778568,6716806,2019-02-19 07:06:13,BTC,8.43553312,0.0,0.00000002,BTC,415509.1485028838,0.00015,0.00074564,271
0,[],22,[],2019-02-19 07:06:18,0.0,0,0,6716807,2019-02-19 07:06:18,,385.44178703,0.0,0,,15173097515.9,0.0,0.0,272
0.0000000000000053,[],28,[],2019-02-19 07:06:23,208848939445.506,4.187e-21,1.6299321080000002e-25,6716808,2019-02-19 07:06:23,doge,441789315.28991854,22256552879.603,0.00000079,doge,218592539057.33466,0.0,5.556869603731708e-10,272
1,[],22,[],2019-02-19 07:06:30,19113.156998003993,0.00000550,0.0000000002141062,6716809,2019-02-19 07:06:30,BTC,74.21378631,0.0,0.00000550,"BTC,LTC",4145.887704275736,0.05193403,0.07312473,281
