pairValue,buyBook,exchangeId,sellBook,updated,buyTotal,satoshiPrice,usdPrice,exchangeLogId,created,bestPair,sellTotalBtc,volume,pairPrice,activePairs,sellTotal,volumeBtc,buyTotalBtc,coinId
1,[],3,[],2019-02-27 05:08:35,30535.38788327046,0.01248984000000000031682656498333017225377261638641357421875,0.000000476770915368,6799735,2019-02-27 05:08:35,btc,61.076248400374745,0.000149206496,0.01248984000000000031682656498333017225377261638641357421875,btc,22.609098787709,0.0,0.24782483374625602,1
1,[],4,[],2019-02-27 05:08:36,303082.680824,0.01254806,0.000000478993329962,6799736,2019-02-27 05:08:36,btc,9.175642075848346,0.0,0.01254806,btc,260.53399683,0.6324923,2.742276350612964,1
1,[],5,[],2019-02-27 05:08:38,0.0,0,0,6799737,2019-02-27 05:08:38,btc,0.0,0.09847514,0,btc,0.0,0.0,0.0,1
1,[],10,[],2019-02-27 05:08:40,414640.08571003,0.011,0.00000041989969999999997,6799738,2019-02-27 05:08:40,btc,6521.299769073725,1679.53648888,0.011,btc,1016.09231355,0.0,5.445355551480271,1
1,[],12,[],2019-02-27 05:08:43,10429.98725849,0.01246000000000000058897331456364554469473659992218017578125,0.00000047563184200000004,6799739,2019-02-27 05:08:43,btc,0.4869758547916,0.0,0.01246000000000000058897331456364554469473659992218017578125,btc,29.380737030000002,0.2190411380742,0.265176514729,1
1,[],20,[],2019-02-27 05:08:45,1150.0464,0.01051,0.000000401195077,6799740,2019-02-27 05:08:45,btc,0.0665459125693,0.0307,0.01051,btc,3.0401,0.00037761,0.0875490456215,1
1,[],21,[],2019-02-27 05:08:47,2355.39167969,0.01252008999999999934449324002,0.000000477925639543,6799741,2019-02-27 05:08:47,btc,24.294028111195793,2311.00119726,0.01252008999999999934449324001661807415075600147247314453125,"btc,eth",2521.07235477,28.040009900412834,23.63563516072857,1
1,[],22,[],2019-02-27 05:08:51,0.0163776,0.01300000,0.0000004962451,6799742,2019-02-27 05:08:51,BTC,0.31423927,0.0,0.01300000,BTC,0.11751954901960784,0.0,0.00020972,1
1,[],24,[],2019-02-27 05:08:51,0.0,0.000000000000,0,6799743,2019-02-27 05:08:51,btc,0.0,0.0,0.000000000000,btc,0.0,0.0,0.0,1
0.0,[],25,[],2019-02-27 05:08:52,0.0,0,0,6799744,2019-02-27 05:08:52,btc,25.689599997998773,3443.96015069,0.0,btc,2004.66789224,44.0615,0.0,1
1,[],26,[],2019-02-27 05:08:53,0.0,0,0,6799745,2019-02-27 05:08:53,,0.0,0.0,0,,0.0,0.0,0.0,1
1,[],28,[],2019-02-27 05:08:54,993.142,0.01323000,0.000000505024821,6799746,2019-02-27 05:08:54,btc,0.162839806,18072.05,0.01323000,btc,8.9,0.0,0.089302756,1
0,[],2,[],2019-01-20 23:28:45,0.0,0,0,6477011,2019-01-20 23:28:45,,0.0,0.0,0,,0.0,0.0,0.0,1
1,[],5,[],2019-02-27 05:08:55,0.0,0,0,6799747,2019-02-27 05:08:55,btc,0.0,0.00051991,0,btc,0.0,0.0,0.0,2
0,[],22,[],2019-02-27 05:08:58,0.0,0,0,6799748,2019-02-27 05:08:58,,0.0,0.0,0,,0.0,0.0,0.0,2
1,[],5,[],2019-02-27 05:09:00,0.0,0,0,6799749,2019-02-27 05:09:00,btc,0.0,0.02669867,0,btc,0.0,0.0,0.0,3
1,[],12,[],2019-02-27 05:09:01,13630787.7753,0.000000172,0.0000000000065657044,6799750,2019-02-27 05:09:01,btc,924396.2326182097,0.0,0.000000172,btc,8101074.7172158295,0.02823244132118458,0.7224444031515,3
0,[],28,[],2019-02-27 05:09:02,0.0,0,0,6799751,2019-02-27 05:09:02,,0.0,0.0,0,,0.0,0.0,0.0,3
0,[],2,[],2019-01-20 23:31:32,0.0,0,0,6477077,2019-01-20 23:31:32,,0.0,0.0,0,,0.0,0.0,0.0,4
1,[],4,[],2019-02-27 05:09:04,411218.65443734,0.00000032,0.000000000012215264,6799752,2019-02-27 05:09:04,btc,31.987543716450773,0.0,0.00000032,btc,710510.44072273,0.00075548,0.0583397308328429,4
1,[],12,[],2019-02-22 14:50:14,1367032.5219999999,0.00000003,0.000000000001190475,6759350,2019-02-22 14:50:14,btc,11013869.583570713,0.0,0.00000003,btc,1211697.32371984,0.00024567976024,0.02065290044,5
0,[],2,[],2019-01-20 23:31:51,0.0,0,0,6477087,2019-01-20 23:31:51,,0.0,0.0,0,,0.0,0.0,0.0,6
1,[],11,[],2019-02-27 05:09:05,4272596.5,0.00000001,0.000000000000381727,6799753,2019-02-27 05:09:05,btc,9432.752678832814,110000.0,0.00000001,btc,41797017.57452957,0.0,0.042725965,6
1,[],3,[],2019-02-27 05:09:06,1085.537475048359,0.0001510600000000000072038208731584063571062870323657989501953125,0.000000005766368062,6799754,2019-02-27 05:09:06,btc,26.3363151709563,0.0,0.0001510600000000000072038208731584063571062870323657989501953125,btc,247.537822229004,0.0,0.03339742781632559,7
1,[],4,[],2019-02-27 05:09:07,101305.75650832,0.00023711,0.000000009051128897,6799755,2019-02-27 05:09:07,btc,10.453451950632932,0.0,0.00023711,btc,33727.59220145,3.21457194,5.963280406434821,7
1,[],5,[],2019-02-27 05:09:08,0.0,0,0,6799756,2019-02-27 05:09:08,btc,0.0,0.26952808,0,btc,0.0,0.0,0.0,7
1,[],20,[],2019-02-20 02:16:17,39399275.8418,0.000000001,0.0000000000000390183,6728586,2019-02-20 02:16:17,btc,116.9737569154545,525.0,0.000000001,btc,56932965.8895,5.25e-07,0.0393992758418,8
0,[],2,[],2019-01-20 23:22:42,0.0,0,0,6476876,2019-01-20 23:22:42,,0.0,0.0,0,,0.0,0.0,0.0,9
0,[],23,[],2019-01-20 23:22:48,0.0,0,0,6476878,2019-01-20 23:22:48,,0.0,0.0,0,,0.0,0.0,0.0,9
1,[],4,[],2019-02-27 05:09:11,1936655.54374,0.00000175,0.000000000066802225,6799757,2019-02-27 05:09:11,btc,5.944282603149149,0.0,0.00000175,btc,2315748.52895744,2.56588053,0.6999910193576355,9
1,[],28,[],2019-02-27 05:09:12,59857.48,0.00000179,0.000000000068329133,6799758,2019-02-27 05:09:12,btc,2708.762682539512,3588525.26,0.00000179,btc,12195.0788,0.0,0.0707718668,9
1,[],1,[],2019-02-17 23:31:42,1822507.21,0.00000181000000000000003456111265232042484285557293333113193511962890625,0.000000000066086901,6701244,2019-02-17 23:31:42,btc,3.6990969245,17153386.5,0.00000181000000000000003456111265232042484285557293333113193511962890625,btc,1997391.71,31.11772986,3.2610482446,9
1,[],4,[],2019-02-17 11:22:43,4341674.27126056,0.00000002,0.0000000000007272960000000001,6696112,2019-02-17 11:22:43,btc,0.1997230937751353,0.0,0.00000002,btc,4109766.79808031,0.00215132,0.0479381022052112,10
0,[],2,[],2019-01-20 23:23:08,0.0,0,0,6476890,2019-01-20 23:23:08,,0.0,0.0,0,,0.0,0.0,0.0,12
1,[],4,[],2019-02-27 05:09:13,4177473.56683395,0.00000120,0.00000000004580724,6799759,2019-02-27 05:09:13,btc,10.277321817333979,0.0,0.00000120,btc,5419245.92298587,1.55199829,2.517356877257049,12
1,[],5,[],2019-02-27 05:09:14,0.0,0,0,6799760,2019-02-27 05:09:14,btc,0.0,0.3125475,0,btc,0.0,0.0,0.0,12
0.0,[],25,[],2019-02-27 05:09:15,0.0,0,0,6799761,2019-02-27 05:09:15,,0.0,0.0,0.0,btc,0.0,0.0,0.0,12
1,[],4,[],2019-02-27 05:09:17,1164222.61517538,0.00000540,0.00000000020613258,6799762,2019-02-27 05:09:17,btc,3.0985053745828406,0.0,0.00000540,btc,438771.4992409,0.50905265,0.403819077882063,13
1,[],10,[],2019-02-27 05:09:19,474068.07236848,0.00000529,0.000000000201933583,6799763,2019-02-27 05:09:19,btc,666802.6211210422,8155.13282049,0.00000529,btc,746790.05852997,0.0,0.2850160004523205,13
1,[],21,[],2019-02-27 05:09:20,577525.89427467,0.000005519999999999999665506282553,0.00000000021071330399999998,6799764,2019-02-27 05:09:20,btc,5.376711925352431,804016.23937737,0.000005519999999999999665506282553462114037756691686809062957763671875,btc,859601.86406564,4.46525999,2.955688411703336,13
1,[],4,[],2019-02-27 05:09:21,698418.66388852,0.00000127,0.000000000048479329000000004,6799765,2019-02-27 05:09:21,btc,14.684096847692267,0.0,0.00000127,btc,899983.65565438,0.10364493,0.1439564801899875,14
1,[],12,[],2019-02-27 05:09:22,217265.91304348,0.000001120000000000000076372827333137660588135986472479999065399169921875,0.000000000042753424000000007,6799766,2019-02-27 05:09:22,btc,5.29429948623878,0.0,0.000001120000000000000076372827333137660588135986472479999065399169921875,btc,33863.19873547,0.0,0.0232142600000004,14
0,[],17,[],2019-02-27 05:09:24,0.0,0,0,6799767,2019-02-27 05:09:24,btc,0.0,0.0,0,btc,0.0,0.0,0.0,14
1,[],26,[],2019-02-27 05:09:24,0.0,0.00000050,0.000000000019086350000000002,6799768,2019-02-27 05:09:24,btc,0.0,0.0,0.00000050,btc,0.0,0.0,0.0,14
0,[],4,[],2019-02-27 05:09:25,0.0,0,0,6799769,2019-02-27 05:09:25,,0.0,0.0,0,,0.0,0.0,0.0,15
,[],12,[],2018-12-01 15:15:48,204241.84496,0.00000489,0.000000000202473384,5260204,2018-12-01 15:15:48,btc,49.5475654835,0.0,,btc,35763.2193806,0.0163153972027625,0.0203389899998,15
0,[],2,[],2019-01-20 23:23:38,0.0,0,0,6476906,2019-01-20 23:23:38,,0.0,0.0,0,,0.0,0.0,0.0,18
1,[],4,[],2019-02-27 05:09:27,26293.65631867,0.00001790,0.0000000006832913300000001,6799770,2019-02-27 05:09:27,btc,1.232376539922006,0.0,0.00001790,btc,9426.51247796,0.00735904,0.0891532960857109,18
1,[],10,[],2019-02-27 05:09:29,783653.75193633,0.00001728,0.000000000659624256,6799771,2019-02-27 05:09:29,btc,16.63252308944722,12726.7077986,0.00001728,btc,14933.19698742,0.0,0.1421494689127112,18
1,[],12,[],2019-02-27 05:09:29,193475.49450543,0.00001701999999999999967450516058509180084001854993402957916259765625,0.000000000649699354,6799772,2019-02-27 05:09:29,btc,23.63061582413882,0.0,0.00001701999999999999967450516058509180084001854993402957916259765625,btc,1872.37523886,0.000325566800809,0.0328789823942513,18
0,[],17,[],2019-02-27 05:09:41,0.0,0,0,6799773,2019-02-27 05:09:41,btc,0.0,0.0,0,btc,0.0,0.0,0.0,18
0,[],2,[],2019-01-20 23:24:19,0.0,0,0,6476924,2019-01-20 23:24:19,,0.0,0.0,0,,0.0,0.0,0.0,19
1,[],3,[],2019-02-27 05:09:41,118351.62863834214,0.0000200099999999999998462514583241755872222711332142353057861328125,0.000000000763835727,6799774,2019-02-27 05:09:41,btc,0.5286560728341213,0.0,0.0000200099999999999998462514583241755872222711332142353057861328125,btc,9053.568872553742,0.0,0.030907014098799864,19
1,[],4,[],2019-02-27 05:09:42,478972.8139803,0.00001993,0.000000000760781911,6799775,2019-02-27 05:09:42,btc,2.1184320896324236,0.0,0.00001993,btc,70164.39389372,0.29779267,2.5302084424944296,19
1,[],5,[],2019-02-27 05:09:44,0.0,0,0,6799776,2019-02-27 05:09:44,btc,0.0,0.00031489,0,btc,0.0,0.0,0.0,19
1,[],12,[],2019-02-27 05:09:45,135324.79940505,0.000018240000000000001546297812016206307816901244223117828369140625,0.000000000696270048,6799777,2019-02-27 05:09:45,btc,6.897426673616315,0.0,0.000018240000000000001546297812016206307816901244223117828369140625,btc,394.76220934,0.0010289003598136,0.1093658899999768,19
0,[],27,[],2019-02-27 05:09:47,0.0,0,0,6799778,2019-02-27 05:09:47,,0.0,0.0,0,btc,0.0,0.0,0.0,19
1,[],4,[],2019-02-27 05:09:48,2817409.12717412,0.00000013,0.000000000004962451,6799779,2019-02-27 05:09:48,btc,7.3751869476778715,0.0,0.00000013,btc,2837852.91225438,0.00064067,0.0813360639981472,20
1,[],4,[],2019-02-27 05:09:49,104036087.13737024,0.00000002,0.000000000000763454,6799780,2019-02-27 05:09:49,btc,1807.0981986415547,0.0,0.00000002,btc,54975780.27639335,0.0,1.1684621866280451,21
1,[],12,[],2019-02-27 05:09:50,18358332.0,0.00000002,0.000000000000763454,6799781,2019-02-27 05:09:50,btc,670.3772032734847,0.0,0.00000002,btc,8255366.32857329,0.00578088,0.23940688000000002,21
0,[],17,[],2019-02-27 05:09:52,0.0,0,0,6799782,2019-02-27 05:09:52,btc,0.0,0.0,0,btc,0.0,0.0,0.0,21
1,[],12,[],2019-02-27 05:09:53,3133379088.6808996,0.0000000002,0.000000000000007634540000000001,6799783,2019-02-27 05:09:53,btc,875865843029.986,0.0,0.0000000002,btc,4900103014.020418,0.03522637918241758,0.33294688998299043,23
0.0000000003557765,[],27,[],2019-02-27 05:09:55,2000.0,3.5577650000000006e-18,1.358094960155e-22,6799784,2019-02-27 05:09:55,eth,1.3829826565934114,0.0,0.00000001,eth,2164879.85514486,0.0,7.11553e-15,23
1,[],4,[],2019-02-27 05:09:56,464645.94578341,0.00000058,0.000000000022140166,6799785,2019-02-27 05:09:56,btc,9.12906385611695,0.0,0.00000058,btc,1523995.61553729,0.01110878,0.1489792646265978,24
1,[],22,[],2019-02-27 05:09:59,11.76,0.00000100,0.000000000038172700000000004,6799786,2019-02-27 05:09:59,BTC,7.415e-05,0.0,0.00000100,BTC,23.919354838709676,0.0,1.176e-05,24
0.0,[],25,[],2019-02-27 05:10:00,0.0,0,0,6799787,2019-02-27 05:10:00,,0.0,0.0,0.0,btc,0.0,0.0,0.0,24
1,[],4,[],2019-02-27 05:10:01,28279912.24875629,0.00000680,0.00000000025957436,6799788,2019-02-27 05:10:01,btc,167.5441796347354,0.0,0.00000680,btc,263175.63964113,0.09210151,0.4666825172383459,26
1,[],10,[],2019-02-27 05:10:03,699061.84566707,0.0000064,0.00000000024430527999999997,6799789,2019-02-27 05:10:03,btc,26.12577456267945,3981.91589187,0.0000064,btc,14020.45701015,0.0,0.2634679731942328,26
0,[],2,[],2019-01-20 23:25:56,0.0,0,0,6476976,2019-01-20 23:25:56,,0.0,0.0,0,,0.0,0.0,0.0,26
1,[],3,[],2019-02-27 05:10:04,6199746.70213569,0.00000001,0.000000000000381727,6799790,2019-02-27 05:10:04,btc,2.318476015292954,99246.3381024,0.00000001,btc,17672398.51502257,0.0,0.061997467021356896,27
1,[],5,[],2019-02-27 05:10:04,0.0,0,0,6799791,2019-02-27 05:10:04,btc,0.0,0.00476051,0,btc,0.0,0.0,0.0,27
1,[],11,[],2019-02-27 05:10:06,9491944.20350207,0.00000005,0.0000000000019086349999999998,6799792,2019-02-27 05:10:06,btc,67506.40605986067,169525.403564,0.00000005,btc,8002256.57282965,0.0,0.44249750446473557,27
1,[],4,[],2019-02-27 05:10:07,1568467407.726662,0.00000002,0.000000000000763454,6799793,2019-02-27 05:10:07,btc,2.5831232715260755,0.0,0.00000002,"btc,ltc",290396782.09618163,0.42875574,13.075709902304048,29
1,[],7,[],2019-02-27 05:10:09,47476687.7215207,0.00000002,0.000000000000763454,6799794,2019-02-27 05:10:09,btc,44462590.76774984,0.0,0.00000002,btc,47164116.521593474,0.0,0.6189312873043272,29
1,[],4,[],2019-02-27 05:10:10,1440201.17798168,0.00000029,0.000000000011070083,6799795,2019-02-27 05:10:10,btc,2.335667800006251,0.0,0.00000029,btc,1572919.47663893,0.00662183,0.0971713153718036,30
0,[],17,[],2019-02-27 05:02:18,0.0,0,0,6799598,2019-02-27 05:02:18,btc,0.0,0.0,0,btc,0.0,0.0,0.0,30
1,[],4,[],2019-02-27 05:10:11,1115307.15059982,0.00005151,0.000000001966275777,6799796,2019-02-27 05:10:11,btc,5.077597839293749,0.0,0.00005151,btc,64657.08742866,0.42240738,1.016557123717024,31
1,[],21,[],2019-02-27 05:10:12,69398.79972597,0.00005293000000000000314229545162,0.0000000020204810110000003,6799797,2019-02-27 05:10:12,btc,1.428249247205804,86262.43986133,0.0000529300000000000031422954516191481388887041248381137847900390625,btc,24469.64597341,4.48131161,2.8592971255655324,31
0,[],2,[],2019-01-20 23:28:43,0.0,0,0,6477009,2019-01-20 23:28:43,,0.0,0.0,0,,0.0,0.0,0.0,32
1,[],4,[],2019-02-27 05:10:13,370994606.5443353,0.00000004,0.000000000001526908,6799798,2019-02-27 05:10:13,btc,10.806432166745669,0.0,0.00000004,"btc,ltc",195385957.42339125,1.59809619,8.306336885934513,33
1,[],12,[],2019-02-27 05:10:15,16560274.0,0.00000004,0.000000000001526908,6799799,2019-02-27 05:10:15,btc,35630543.57920599,0.0,0.00000004,btc,90520261.8122464,0.0294864712087925,0.53586561,33
1,[],4,[],2019-02-27 05:10:16,124623996.93662757,0.00000001,0.000000000000381727,6799800,2019-02-27 05:10:16,btc,4.042263117617996,0.0,0.00000001,btc,101570786.9276837,0.01568462,1.2462399693662756,34
1,[],5,[],2019-02-27 05:10:17,0.0,0,0,6799801,2019-02-27 05:10:17,btc,0.0,0.23693132,0,btc,0.0,0.0,0.0,34
0,[],17,[],2019-02-27 04:09:03,0.0,0,0,6799417,2019-02-27 04:09:03,btc,0.0746458232965017,0.0,0,btc,4103573.70243647,0.0,0.0,36
0.0000000001172492,[],4,[],2019-02-27 05:10:18,2255765484.9733334,2.344984e-18,8.95143707368e-23,6799802,2019-02-27 05:10:18,ltc,2.986388903690585e-08,0.0,0.00000002,ltc,3956903635.5669875,0.0,4.3557651508375856e-09,36
1,[],5,[],2019-02-27 05:10:19,0.0,0,0,6799803,2019-02-27 05:10:19,btc,0.0,0.0,0,btc,0.0,0.0,0.0,36
0.0000000003557765,[],27,[],2019-02-27 05:10:33,1000000.0,3.5577650000000006e-18,1.358094960155e-22,6799804,2019-02-27 05:10:33,eth,222.5997971062634,0.0,0.00000001,"ltc,eth",11163566.48751039,0.0,1.177262546e-12,36
1,[],4,[],2019-02-27 05:10:34,392912.62799937,0.00000060,0.00000000002290362,6799805,2019-02-27 05:10:34,btc,19772.500948103443,0.0,0.00000060,btc,577351.36941515,0.0204157,0.1971677259078275,37
1,[],12,[],2019-02-27 05:10:35,598069.92513998,0.00000057,0.000000000021758439,6799806,2019-02-27 05:10:35,btc,1344.7386116291782,0.0,0.00000057,btc,989133.4394224,0.2095660657597558,0.1865190600000032,37
1,[],17,[],2019-02-27 05:10:46,1752.74075282,0.00000025,0.000000000009543175,6799807,2019-02-27 05:10:46,btc,0.055484923777095005,0.0,0.00000025,btc,1319.19918473,0.0,0.00043818518820499993,37
1,[],27,[],2019-02-27 05:10:49,14685.567,0.00000045,0.000000000017177715,6799808,2019-02-27 05:10:49,btc,25.82160393111233,0.0,0.00000045,btc,6804.86438508,0.0,0.00480032515,37
1,[],5,[],2019-02-27 05:10:53,0.0,0,0,6799809,2019-02-27 05:10:53,btc,0.0,0.09825483,0,btc,0.0,0.0,0.0,42
1,[],12,[],2019-02-27 05:10:53,240599.79936153,0.00000092,0.000000000035118884,6799810,2019-02-27 05:10:53,btc,94.70693792973977,0.0,0.00000092,btc,111943.38185943,0.0138305260981304,0.0470717300000007,42
0.0000000003557765,[],27,[],2019-02-27 05:10:56,2000.0,3.5577650000000006e-18,1.358094960155e-22,6799811,2019-02-27 05:10:56,eth,0.00315028,0.0,0.00000001,"btc,eth",11.007,0.0,7.11553e-15,42
0,[],17,[],2019-02-27 05:02:52,0.0,0,0,6799616,2019-02-27 05:02:52,btc,0.0,0.0,0,btc,0.0,0.0,0.0,43
1,[],5,[],2019-02-27 05:02:40,0.0,0,0,6799614,2019-02-27 05:02:40,btc,0.0,0.06496325,0,btc,0.0,0.0,0.0,43
1,[],12,[],2019-02-27 05:02:41,1793400.0,0.00000001,0.000000000000381939,6799615,2019-02-27 05:02:41,btc,3569.7539966245354,0.0,0.00000001,btc,12096636.57282716,6.2007992008e-05,0.017934000000000002,43
1,[],12,[],2019-02-27 05:10:57,656459.0,0.00000004,0.000000000001526908,6799812,2019-02-27 05:10:57,btc,11116047.727795307,0.0,0.00000004,btc,1102354.40161834,0.000406688201798,0.01624028,44
1,[],4,[],2019-02-27 05:10:58,290551281.33727527,0.00000002,0.000000000000763454,6799813,2019-02-27 05:10:58,btc,473.6043618207493,0.0,0.00000002,"btc,ltc",12155941.00365541,0.00315876,0.19885640864740553,49
0.0000000001172492,[],4,[],2019-02-27 05:11:00,107797648.54856344,1.172492e-18,4.47571853684e-23,6799814,2019-02-27 05:11:00,ltc,25.475336667536844,0.0,0.00000001,ltc,10239252169.218313,0.0,1.2639188054200225e-10,52
0.0000000001247328,[],22,[],2019-02-27 05:11:04,80845862.0,1.247328e-18,4.76138775456e-23,6799815,2019-02-27 05:11:04,XMR,4366.96886713,0.0,0.00000001,XMR,255240310.67882353,0.0,0.80845862,57
0.0000000003557765,[],27,[],2019-02-27 05:11:07,2000.0,3.5577650000000006e-18,1.358094960155e-22,6799816,2019-02-27 05:11:07,eth,0.0,0.0,0.00000001,"btc,eth",0.0,0.0,7.11553e-15,57
0.0000000001172492,[],4,[],2019-02-27 05:11:08,1051265664.217477,3.517476e-18,1.342715561052e-22,6799817,2019-02-27 05:11:08,ltc,18.807551005336325,0.0,0.00000003,ltc,4132999751.9015503,0.001619,2.537836241049818e-09,58
1,[],12,[],2019-02-27 05:11:09,1644846625.843957,0.0000000005,0.00000000000001908635,6799818,2019-02-27 05:11:09,btc,224005479678.6108,0.0,0.0000000005,btc,3689394462.5539217,0.11367186529586608,0.5324542489011391,58
0,[],17,[],2019-02-27 05:11:10,0.0,0,0,6799819,2019-02-27 05:11:10,btc,1e+24,0.0,0,btc,49306342.21952568,0.0,0.0,58
0.0000000001247328,[],22,[],2019-02-27 05:11:14,137438.0,1.247328e-18,4.76138775456e-23,6799820,2019-02-27 05:11:14,XMR,69.8835922,0.0,0.00000001,XMR,9887963.0,0.0,0.00137438,58
1,[],5,[],2019-02-27 05:11:15,0.0,0,0,6799821,2019-02-27 05:11:15,btc,0.0,0.01459512,0,btc,0.0,0.0,0.0,61
1,[],22,[],2019-02-27 05:11:19,5149.5,0.00000011,0.000000000004198997,6799822,2019-02-27 05:11:19,BTC,1002.29597012,0.0,0.00000011,BTC,14947.700278135757,0.0,0.00051596,61
1,[],26,[],2019-02-27 05:11:19,0.0,0.00000800,0.00000000030538160000000003,6799823,2019-02-27 05:11:19,btc,0.0,0.0,0.00000800,btc,0.0,0.0,0.0,61
1,[],27,[],2019-02-27 05:11:21,2563.55,0.00000055,0.000000000020994985000000002,6799824,2019-02-27 05:11:21,btc,7.841844928616269,0.0,0.00000055,"btc,eth",20831.38399471,0.0,0.0002655975034866097,61
1,[],28,[],2019-02-27 05:11:23,13880.304,0.0000005,0.000000000019086350000000002,6799825,2019-02-27 05:11:23,btc,2.056291378300105,1012.0,0.0000005,btc,9710.59500005,0.0,0.00566391304,61
1,[],4,[],2019-02-27 05:11:23,1423499.88566182,0.00000278,0.000000000106120106,6799826,2019-02-27 05:11:23,btc,11.195446569503208,0.0,0.00000278,btc,778458.64863457,0.31983666,1.3299119968386006,67
0.0,[],25,[],2019-02-27 05:11:25,0.0,0,0,6799827,2019-02-27 05:11:25,,0.0,0.0,0.0,btc,0.0,0.0,0.0,67
1,[],12,[],2019-02-27 05:11:25,2902814.82635171,0.00000025,0.000000000009543175,6799828,2019-02-27 05:11:25,btc,11115999.00799186,0.0,0.00000025,btc,2182785.01015293,0.0189899404107349,0.0927710664411111,71
,[],5,[],2018-11-20 23:02:39,1.5e-07,0.00000005,0.000000000002128045,4862160,2018-11-20 23:02:39,btc,2.84511358,0.0,,btc,0.00036572,0.0,0.07381892,74
1,[],5,[],2019-02-27 05:11:27,0.0,0,0,6799829,2019-02-27 05:11:27,btc,0.0,0.0,0,btc,0.0,0.0,0.0,75
0,[],20,[],2019-01-25 09:30:31,0.0,0,0,6495923,2019-01-25 09:30:31,btc,0.0,0.0,0,btc,0.0,0.0,0.0,81
1,[],4,[],2019-02-27 05:11:28,16180270.251575,0.00000001,0.000000000000381727,6799830,2019-02-27 05:11:28,btc,11388.6314586309,0.0,0.00000001,btc,34441504.9695017,0.00017764,0.16180270251575,81
1,[],4,[],2019-02-27 05:11:29,28499.78313406,0.00007424,0.000000002833941248,6799831,2019-02-27 05:11:29,btc,17.77488142974015,0.0,0.00007424,btc,12760.58721307,0.01335943,0.1295398152306991,82
1,[],21,[],2019-02-27 05:11:30,41065.55815093,0.00007567999999999999369542508232,0.0000000028889099359999997,6799832,2019-02-27 05:11:30,btc,2.255047952599974,5964.40472197,0.000075679999999999993695425082318450904494966380298137664794921875,btc,24465.80613874,0.45075128,2.1438296353044852,82
0,[],17,[],2019-02-27 05:11:32,0.0,0,0,6799833,2019-02-27 05:11:32,btc,0.0447233088476774,0.0,0,btc,999127.19588126,0.0,0.0,84
0.0000000001172492,[],4,[],2019-02-27 05:11:33,185154519.7926447,3.517476e-18,1.342715561052e-22,6799834,2019-02-27 05:11:33,ltc,1.7828321003728427,0.0,0.00000003,ltc,400596832.5913738,0.0,2.940188329714126e-10,85
,[],22,[],2018-11-20 23:09:34,3408.1,0.0000001,0.0000000000041895,4862324,2018-11-20 23:09:34,BTC,0.04624735,0.0,,BTC,4990.0,0.0,0.00033081,86
0,[],22,[],2019-02-22 12:52:35,0.0,0,0,6758847,2019-02-22 12:52:35,,2.0760781,0.0,0,,140622.94736842104,0.0,0.0,87
0,[],27,[],2019-02-22 12:52:37,0.0,0,0,6758848,2019-02-22 12:52:37,,0.0,0.0,0,btc,0.0,0.0,0.0,87
,[],2,[],2018-11-20 23:10:47,0.0,0,0,4862359,2018-11-20 23:10:47,,0.0,0.0,,,0.0,0.0,0.0,88
1,[],11,[],2019-02-27 05:11:34,86796.03763155,0.00014004999999999998895085229211332489285268820822238922119140625,0.000000005346086634999999,6799835,2019-02-27 05:11:34,btc,609.4866420899575,2.0,0.00014004999999999998895085229211332489285268820822238922119140625,btc,97745.99055267,0.0,5.392603174201448,89
1,[],12,[],2019-02-27 05:03:48,479603.14186192997,0.000001790000000000000014290326734445191192435231641866266727447509765625,0.000000000068367081,6799640,2019-02-27 05:03:48,btc,4.362872861030699,0.0,0.000001790000000000000014290326734445191192435231641866266727447509765625,btc,59670.4799919,0.001827107654341,0.0987910252937808,91
0,[],22,[],2019-02-27 05:03:51,0.0,0,0,6799641,2019-02-27 05:03:51,,3.1e-06,0.0,0,,2.0,0.0,0.0,91
0,[],2,[],2019-01-20 23:31:45,0.0,0,0,6477083,2019-01-20 23:31:45,,0.0,0.0,0,,0.0,0.0,0.0,91
0,[],17,[],2019-02-27 04:10:18,0.0,0,0,6799450,2019-02-27 04:10:18,btc,0.0,0.0,0,btc,0.0,0.0,0.0,91
0.0000000001172492,[],22,[],2019-02-27 05:11:38,2791021.0,4.689968e-18,1.790287414736e-22,6799836,2019-02-27 05:11:38,LTC,8.53161599,0.0,0.00000004,LTC,71994962.1,0.0,0.09164084,95
0,[],17,[],2019-02-27 05:04:08,0.0,0,0,6799645,2019-02-27 05:04:08,btc,0.0,0.0,0,btc,0.0,0.0,0.0,96
0.0000000001172492,[],4,[],2019-02-27 05:11:39,646988450.6151512,8.3246932e-17,3.1777601611564e-21,6799837,2019-02-27 05:11:39,ltc,11.890067413204092,0.0,0.00000071,ltc,136367520.44482967,0.00023037,1.8017322908859402e-09,96
0,[],12,[],2019-02-27 05:11:40,0.0,0,0,6799838,2019-02-27 05:11:40,btc,255077.86232305458,0.0,0,btc,8739592.61569404,5.004995005e-06,0.0,96
1,[],4,[],2019-02-27 05:11:51,1443477.65351121,0.00000031,0.000000000011833537,6799839,2019-02-27 05:11:51,btc,3.047043102085191,0.0,0.00000031,btc,2428907.73272614,0.00037865,0.1271164887854971,99
1,[],4,[],2019-02-27 05:04:10,149692.2786381,0.00004696,0.000000001793585544,6799647,2019-02-27 05:04:10,btc,11.627685647266356,0.0,0.00004696,btc,157829.41130767,3.8408059,3.0938938712199127,100
0,[],2,[],2019-01-20 23:23:55,0.0,0,0,6476914,2019-01-20 23:23:55,,0.0,0.0,0,,0.0,0.0,0.0,100
1,[],22,[],2019-02-27 05:12:00,50000.0,0.00000001,0.000000000000381727,6799840,2019-02-27 05:12:00,BTC,23.49896609,0.0,0.00000001,BTC,10277.22,0.0,0.0005,101
1,[],4,[],2019-02-27 05:12:00,479669.78515132,0.00000095,0.000000000036264065,6799841,2019-02-27 05:12:00,btc,256.2970475766357,0.0,0.00000095,btc,484980.39242893,0.02064824,0.2494676591109202,103
1,[],12,[],2019-02-27 05:12:03,61661896.0,0.00000001,0.000000000000381727,6799842,2019-02-27 05:12:03,btc,137278920.64485824,0.0,0.00000001,btc,122503443.58417857,0.01279885718679769,0.20848439500000002,105
1,[],27,[],2019-02-27 05:12:05,125810.89,0.00000001,0.000000000000381727,6799843,2019-02-27 05:12:05,btc,36.58510134075966,0.0,0.00000001,btc,575922.56793212,0.0,0.0012581089,105
1,[],22,[],2019-02-27 05:12:08,9328.0,0.00000001,0.000000000000381727,6799844,2019-02-27 05:12:08,BTC,51.10837004,0.0,0.00000001,BTC,470435.0,0.0,9.328e-05,107
1,[],26,[],2019-02-27 05:12:08,0.0,0.00000000,0,6799845,2019-02-27 05:12:08,btc,0.0,0.0,0.00000000,btc,0.0,0.0,0.0,107
1,[],5,[],2019-02-27 05:12:10,0.0,0,0,6799846,2019-02-27 05:12:10,btc,0.0,0.04812744,0,btc,0.0,0.0,0.0,112
1,[],22,[],2019-02-27 05:12:13,1966.0,0.00000001,0.000000000000381727,6799847,2019-02-27 05:12:13,BTC,2.81183288,0.0,0.00000001,BTC,808524.0833333334,0.0,1.966e-05,112
0.0000000003557765,[],27,[],2019-02-27 05:12:15,2000.0,3.5577650000000006e-18,1.358094960155e-22,6799848,2019-02-27 05:12:15,eth,1.35132491849924,0.0,0.00000001,"btc,eth",1328.641654,0.0,7.11553e-15,112
1,[],4,[],2019-02-27 05:12:16,391483.56552353,0.00000288,0.00000000010993737600000001,6799849,2019-02-27 05:12:16,btc,85.09327156794185,0.0,0.00000288,btc,327833.20552463,0.38750967,0.2085901237147651,113
1,[],5,[],2019-02-27 05:12:17,0.0,0,0,6799850,2019-02-27 05:12:17,btc,0.0,0.11864354,0,btc,0.0,0.0,0.0,113
0,[],27,[],2019-02-27 05:04:40,0.0,0,0,6799659,2019-02-27 05:04:40,,0.0,0.0,0,btc,0.0,0.0,0.0,116
1,[],17,[],2019-02-27 04:10:53,152738.278,0.00000004,0.0000000000015284360000000002,6799468,2019-02-27 04:10:53,btc,1.3368030275004876,0.0,0.00000004,btc,51896.221,0.0,0.0022095311199999998,116
1,[],4,[],2019-02-27 05:12:17,290885.77952975,0.00002469,0.000000000942483963,6799851,2019-02-27 05:12:17,btc,29.2404017480241,0.0,0.00002469,btc,85478.58583267,3.06498361,2.1672066591562102,120
1,[],7,[],2019-02-27 05:12:19,16258.97300152,0.00001769999999999999994019540816569957542014890350401401519775390625,0.00000000067565679,6799852,2019-02-27 05:12:19,btc,115647.56225696675,1384.34844247,0.00001769999999999999994019540816569957542014890350401401519775390625,btc,50956.44078309,0.03369558,0.061083642558149,120
1,[],20,[],2019-02-27 05:12:25,1501566.8795,0.00000004,0.000000000001526908,6799853,2019-02-27 05:12:25,btc,32.2909199151994,61082.6083,0.00000004,btc,945516.0386,0.0030820004613,0.010231303801,125
1,[],22,[],2019-02-27 05:12:28,3053.0,0.00000001,0.000000000000381727,6799854,2019-02-27 05:12:28,BTC,0.01444887,0.0,0.00000001,BTC,296263.5111111111,0.0,3.053e-05,126
1,[],4,[],2019-02-27 05:04:54,2680221.95325146,0.00001386,0.000000000529367454,6799664,2019-02-27 05:04:54,btc,8.79366496806872,0.0,0.00001386,btc,127836.62380295,0.09069908,0.7246950156585809,131
0,[],2,[],2019-01-20 23:25:46,0.0,0,0,6476969,2019-01-20 23:25:46,,0.0,0.0,0,,0.0,0.0,0.0,131
0,[],17,[],2019-02-27 04:03:32,0.0,0,0,6799275,2019-02-27 04:03:32,btc,0.0009561751951600001,0.0,0,btc,35.42829368,0.0,0.0,131
1,[],4,[],2019-02-27 05:04:56,4552.57850726,0.00016000,0.000000006111024,6799665,2019-02-27 05:04:56,btc,1.6205194316440832,0.0,0.00016000,btc,241.14413892,0.00100995,0.007699799738958,135
1,[],3,[],2019-02-27 05:04:56,1067833.16685176,0.00000004,0.000000000001527756,6799666,2019-02-27 05:04:56,btc,0.6402423705362453,17905.0,0.00000004,btc,2343705.33020365,0.0,0.0342510493370351,136
1,[],4,[],2019-02-27 05:12:29,271333.06249292,0.00000161,0.000000000061458047,6799855,2019-02-27 05:12:29,btc,38.963801595057596,0.0,0.00000161,btc,571006.36345353,0.39984972,0.0883086668149278,137
1,[],12,[],2019-02-27 05:12:30,294817.10136451,0.00000172000000000000004922169442866941579950434970669448375701904296875,0.00000000006565704400000001,6799856,2019-02-27 05:12:30,btc,11807.597023809223,0.0,0.00000172000000000000004922169442866941579950434970669448375701904296875,btc,122989.33537073,0.0041217156882909,0.020649359999978998,137
1,[],17,[],2019-02-27 04:03:50,22967.386363640002,0.00000088,0.000000000033605440000000005,6799282,2019-02-27 04:03:50,btc,20.0699133484,0.0,0.00000088,btc,405.079105,0.0,0.0104613000000032,142
1,[],4,[],2019-02-27 05:12:31,114434.01335033,0.00003493,0.000000001333372411,6799857,2019-02-27 05:12:31,btc,29.034349857503965,0.0,0.00003493,btc,42978.30954895,0.1953463,0.462429058058773,142
1,[],5,[],2019-02-27 05:12:31,0.0,0,0,6799858,2019-02-27 05:12:31,btc,0.0,0.34639717,0,btc,0.0,0.0,0.0,142
1,[],20,[],2019-02-27 05:12:34,133023.6247,0.000033891,0.0000000012937109757000001,6799859,2019-02-27 05:12:34,btc,0.2983041056899,8.7156,0.000033891,btc,1238.9328,0.000325058102,0.2281286845659,142
1,[],22,[],2019-02-27 05:12:37,1685.8988921568628,0.00004000,0.000000001526908,6799860,2019-02-27 05:12:37,BTC,3.00385504,0.0,0.00004000,BTC,891.218,0.0,0.00174536,142
0.0,[],25,[],2019-02-27 05:12:38,0.0,0,0,6799861,2019-02-27 05:12:38,,0.0,0.0,0.0,btc,0.0,0.0,0.0,142
1,[],28,[],2019-02-27 05:12:40,76600.0,0.00004400,0.0000000016795988000000001,6799862,2019-02-27 05:12:40,btc,0.0639742472,1263.99,0.00004400,btc,500.6113,0.0,0.0261072,142
0,[],22,[],2019-02-27 05:12:43,0.0,0,0,6799863,2019-02-27 05:12:43,,60.80280694,0.0,0,,704341446.3,0.0,0.0,143
0,[],22,[],2019-02-25 15:42:22,0.0,0,0,6783783,2019-02-25 15:42:22,,4.2131946,0.0,0,,2322156.0,0.0,0.0,146
,[],22,[],2018-11-20 23:01:11,0.0,0,0,4862114,2018-11-20 23:01:11,,2.56807021,0.0,,,61828.4988236,0.0,0.0,147
1,[],12,[],2019-02-27 05:12:44,218830.99999999,0.00000250000000000000020450763478507827386465578456409275531768798828125,0.00000000009543175000000002,6799864,2019-02-27 05:12:44,btc,16.291427137100985,0.0,0.00000250000000000000020450763478507827386465578456409275531768798828125,btc,117105.96563389,0.0016893581818127,0.0267427799999842,148
1,[],4,[],2019-02-27 05:12:45,245619.74504268,0.00000032,0.000000000012215264,6799865,2019-02-27 05:12:45,btc,219.96747661393132,0.0,0.00000032,btc,800814.6791546,0.00098764,0.0582338765710576,152
0,[],22,[],2019-02-27 05:12:51,0.0,0,0,6799866,2019-02-27 05:12:51,,0.0,0.0,0,,0.0,0.0,0.0,152
1,[],5,[],2019-02-27 05:12:52,0.0,0,0,6799867,2019-02-27 05:12:52,btc,0.0,0.0,0,btc,0.0,0.0,0.0,153
,[],16,[],2019-01-11 15:38:59,0.0,0,0,6366141,2019-01-11 15:38:59,btc,0.0,0.0,,btc,0.0,0.0,0.0,155
0,[],23,[],2019-01-20 23:24:29,0.0,0,0,6476932,2019-01-20 23:24:29,,0.0,0.0,0,,0.0,0.0,0.0,156
0,[],22,[],2019-02-27 05:12:55,0.0,0,0,6799868,2019-02-27 05:12:55,,6.74829967,0.0,0,,4646626.747643097,0.0,0.0,156
1,[],22,[],2019-02-27 05:12:59,7073.8,0.00005300,0.0000000020231531,6799869,2019-02-27 05:12:59,BTC,1.80343699,0.0,0.00005300,BTC,899.6422341958436,0.0,0.00104336,157
0,[],22,[],2019-02-27 05:13:07,0.0,0,0,6799870,2019-02-27 05:13:07,,50175.68008609,0.0,0,,54479136.04179466,0.0,0.0,158
,[],17,[],2018-11-20 22:56:10,0.0,0,0,4861976,2018-11-20 22:56:10,btc,1.1265625,0.0,,btc,1000.0,0.0,0.0,159
,[],20,[],2018-11-20 22:56:12,0.0,0,0,4861977,2018-11-20 22:56:12,btc,11912.7940471,0.0,,btc,34413894.3617,0.0,0.0,159
1,[],17,[],2019-02-27 05:13:10,29784.95,0.000001,0.0000000000381727,6799872,2019-02-27 05:13:10,btc,0.03026736251542,0.0,0.000001,btc,144.46171372,0.0,0.00716147,168
1,[],12,[],2019-02-27 05:13:08,181546.88915933,0.000007789999999999999954537234503337828073199489153921604156494140625,0.000000000297365333,6799871,2019-02-27 05:13:08,btc,6.642217962876793,0.0,0.000007789999999999999954537234503337828073199489153921604156494140625,btc,13614.44413222,0.0052129859076038,0.0904505620273698,168
1,[],22,[],2019-02-27 05:13:14,259690.0,0.00000001,0.000000000000381727,6799873,2019-02-27 05:13:14,BTC,1.14695792,0.0,0.00000001,BTC,779972.8900917594,2.792e-05,0.0025969,169
1,[],22,[],2019-02-27 05:13:18,200000.0,0.00000001,0.000000000000381727,6799874,2019-02-27 05:13:18,BTC,13.2501524,0.0,0.00000001,BTC,144336.2939341018,0.0,0.002,171
1,[],22,[],2019-02-27 05:06:01,33544.0,0.00000005,0.000000000001909695,6799686,2019-02-27 05:06:01,BTC,2.19694125,0.0,0.00000005,BTC,240047.10850564364,0.00062419,0.00033724,173
1,[],5,[],2019-02-27 05:06:02,0.0,0,0,6799687,2019-02-27 05:06:02,btc,0.0,0.16318397,0,btc,0.0,0.0,0.0,175
1,[],22,[],2019-02-27 05:06:05,45904.0,0.0000003,0.00000000001145817,6799688,2019-02-27 05:06:05,BTC,0.52955903,0.0,0.0000003,BTC,143368.41384013777,0.0,0.0052148,176
1,[],7,[],2019-02-27 05:06:07,0.0,0,0,6799689,2019-02-27 05:06:07,btc,410932.5281358376,0.0,0,btc,117881559.31901672,0.0,0.0,178
0,[],22,[],2019-02-27 05:06:14,0.0,0,0,6799690,2019-02-27 05:06:14,,1.00242428,0.0,0,,57512.0,0.0,0.0,178
0,[],2,[],2019-01-20 23:28:34,0.0,0,0,6477001,2019-01-20 23:28:34,,0.0,0.0,0,,0.0,0.0,0.0,178
1,[],5,[],2019-02-27 05:06:16,0.0,0,0,6799691,2019-02-27 05:06:16,btc,0.0,0.00562156,0,btc,0.0,0.0,0.0,179
1,[],22,[],2019-02-27 05:06:20,7046871.666666667,0.00000003,0.000000000001145817,6799692,2019-02-27 05:06:20,BTC,5.63366894,0.0,0.00000003,"BTC,LTC",17147700.756535422,0.00043856,0.38128759,179
0,[],23,[],2019-01-20 23:25:08,0.0,0,0,6476952,2019-01-20 23:25:08,,0.0,0.0,0,,0.0,0.0,0.0,179
0.0000000001172076,[],22,[],2019-02-27 05:06:34,128605.4,1.1720760000000001e-17,4.47661535364e-22,6799693,2019-02-27 05:06:34,LTC,0.20880296,0.0,0.0000001,LTC,64983.16024748961,0.0,0.00130544,180
1,[],26,[],2019-02-27 05:06:34,0.0,0.00000160,0.00000000006111024,6799694,2019-02-27 05:06:34,btc,0.0,0.0,0.00000160,btc,0.0,0.0,0.0,180
1,[],17,[],2019-02-27 04:12:30,10504.725,0.0000001,0.00000000000382109,6799499,2019-02-27 04:12:30,btc,5.201069583844945,0.0,0.0000001,btc,5033.45945,0.0,0.0010504725,180
,[],7,[],2018-11-20 22:58:01,562227.975654,0.00000085,0.000000000036176765,4862015,2018-11-20 22:58:01,btc,21836.6059674,2491.87645172,,btc,749999.041456,0.00211021,0.127565380455,183
,[],5,[],2019-01-10 08:11:41,0.0,0,0,6347036,2019-01-10 08:11:41,btc,82.15055501,0.00261,,btc,1.19002445,0.0,0.0,187
1,[],24,[],2019-02-27 05:06:35,0.0,0.000000000001,3.81939e-17,6799695,2019-02-27 05:06:35,btc,0.0,0.0,0.000000000001,btc,0.0,0.0,0.0,187
,[],17,[],2018-11-16 20:58:10,4062536.27273,0.00000001,0.000000000000550501,4708775,2018-11-16 20:58:10,btc,3.36492563466,0.195460381006,,"btc,eth",110697919.549,0.0,0.0157628953496,187
0,[],22,[],2019-02-27 04:05:17,0.0,0,0,6799309,2019-02-27 04:05:17,,1.19374396,0.0,0,,16308.869534405507,0.0,0.0,191
0,[],22,[],2019-02-27 05:13:24,0.0,0,0,6799875,2019-02-27 05:13:24,,0.0,0.0,0,,0.0,0.0,0.0,197
0,[],23,[],2019-01-20 23:31:41,0.0,0,0,6477079,2019-01-20 23:31:41,,0.0,0.0,0,,0.0,0.0,0.0,199
0,[],22,[],2019-02-27 05:06:43,0.0,0,0,6799697,2019-02-27 05:06:43,,5.19477622,0.0,0,,21058553.0,0.0,0.0,199
1,[],26,[],2019-02-27 05:06:43,0.0,0.00000000,0,6799698,2019-02-27 05:06:43,btc,0.0,4.0,0.00000000,btc,0.0,0.0,0.0,199
0,[],17,[],2019-01-30 16:32:01,0.0,0,0,6540827,2019-01-30 16:32:01,btc,6.802544163788159,0.0,0,btc,105897.55575295,0.0,0.0,200
0,[],2,[],2019-01-20 23:30:49,0.0,0,0,6477059,2019-01-20 23:30:49,,0.0,0.0,0,,0.0,0.0,0.0,201
1,[],4,[],2019-01-25 15:51:35,2084389.58565343,0.00000936,0.000000000333526752,6499557,2019-01-25 15:51:35,btc,2.0092503037378524,0.0,0.00000936,btc,160195.80207885,0.19272417,1.242687955921835,211
1,[],7,[],2019-02-27 05:13:27,4478193.86924932,0.0000013299999999999999715787242504649867669286322779953479766845703125,0.000000000050769691,6799876,2019-02-27 05:13:27,btc,15476655.346892526,546418.077369,0.0000013299999999999999715787242504649867669286322779953479766845703125,btc,13132880.05169367,0.0,3.50078132477676,212
1,[],5,[],2019-02-27 05:13:29,0.0,0,0,6799877,2019-02-27 05:13:29,btc,0.0,0.37760036,0,btc,0.0,0.0,0.0,213
1,[],24,[],2019-02-27 05:13:29,0.0,0.000000100000,0.00000000000381727,6799878,2019-02-27 05:13:29,btc,0.0,0.0,0.000000100000,btc,0.0,0.0,0.0,213
1,[],26,[],2019-02-27 05:13:29,0.0,0.00000010,0.00000000000381727,6799879,2019-02-27 05:13:29,btc,0.0,0.0,0.00000010,btc,0.0,0.0,0.0,213
1,[],12,[],2019-01-25 02:44:32,207462.42853209,0.000001080000000000000035831255497387193287295303889550268650054931640625,0.000000000038610756000000006,6493050,2019-01-25 02:44:32,btc,85023.03793723314,0.0,0.000001080000000000000035831255497387193287295303889550268650054931640625,btc,43675.73520027,0.000146250909087,0.0348620860622024,213
1,[],22,[],2019-02-27 05:06:52,29085.0,0.00000001,0.000000000000381939,6799703,2019-02-27 05:06:52,BTC,2.2293,0.0,0.00000001,BTC,574426.3963726171,0.00075806,0.00029085,216
1,[],27,[],2019-02-27 05:06:55,1301251.005988,0.00000007,0.000000000002673573,6799704,2019-02-27 05:06:55,btc,316.33345711644,580.0,0.00000007,"btc,ltc",234898.901,6.96e-05,0.03395747041937097,216
1,[],22,[],2019-02-27 05:06:58,253774.0040747906,0.00000230,0.00000000008784597,6799705,2019-02-27 05:06:58,BTC,12673.68000039,0.0,0.00000230,BTC,391839.1452312174,0.39438122,0.367091,217
1,[],7,[],2019-02-27 05:07:00,0.0,0,0,6799706,2019-02-27 05:07:00,btc,77969.77488735563,0.0,0,btc,137043486.5550253,0.0,0.0,219
0,[],27,[],2019-02-27 05:07:03,0.0,0,0,6799707,2019-02-27 05:07:03,,0.0740438339680921,0.0,0,btc,1536429.20709513,0.0,0.0,219
0.0000000000000052,[],28,[],2019-02-27 05:07:09,167609414.732,2.3404680000000002e-18,8.93916007452e-23,6799708,2019-02-27 05:07:09,doge,83883.3352434475,1217874.0,0.00045009,"btc,doge",4823713.77951,0.0,9.277680338775264e-12,219
1,[],22,[],2019-02-27 05:07:13,240665.0,0.00000002,0.000000000000763878,6799709,2019-02-27 05:07:13,BTC,3.01323916,0.0,0.00000002,BTC,129679.27041875875,0.0,0.00440665,221
1,[],24,[],2019-02-27 05:07:13,0.0,0.000000200000,0.00000000000763878,6799710,2019-02-27 05:07:13,btc,0.0,0.0,0.000000200000,btc,0.0,0.0,0.0,221
1,[],20,[],2019-02-27 05:07:14,40808456.2707,0.000000001,0.0000000000000381939,6799711,2019-02-27 05:07:14,btc,48.0255751569449,2030195.8282,0.000000001,btc,11203529.3145,0.0020301958282,0.0408084562707,224
0,[],22,[],2019-02-27 05:07:17,0.0,0,0,6799712,2019-02-27 05:07:17,,0.0,0.0,0,,0.0,0.0,0.0,224
1,[],26,[],2019-02-27 05:13:29,0.0,0.00000035,0.000000000013360445,6799880,2019-02-27 05:13:29,btc,0.0,0.0,0.00000035,btc,0.0,0.0,0.0,231
1,[],26,[],2019-02-27 05:13:30,0.0,0.00000006,0.000000000002290362,6799881,2019-02-27 05:13:30,btc,0.0,2050.0,0.00000006,btc,0.0,0.0,0.0,234
0.0000000003557765,[],27,[],2019-02-27 05:13:32,2000.0,3.5577650000000006e-18,1.358094960155e-22,6799882,2019-02-27 05:13:32,eth,0.0113483662182,0.0,0.00000001,"btc,eth",11462.99618,0.0,7.11553e-15,234
1,[],4,[],2019-02-27 05:13:33,902880.51588922,0.00000073,0.000000000027866071,6799883,2019-02-27 05:13:33,btc,4.435659094404258,0.0,0.00000073,btc,1073693.68445148,0.16058583,0.2731260793725971,236
1,[],24,[],2019-02-27 05:13:33,0.0,0.000000300000,0.00000000001145181,6799884,2019-02-27 05:13:33,btc,0.0,0.0,0.000000300000,btc,0.0,0.0,0.0,236
1,[],20,[],2019-02-27 05:07:24,70819989.3744,0.000000059,0.0000000000022534400999999998,6799718,2019-02-27 05:07:24,btc,9.3578891629277,10425236.7531,0.000000059,btc,46004040.4789,0.5844642467066,0.4280779675832,237
0.0000000001172076,[],22,[],2019-02-27 05:07:27,14400.0,1.1720760000000001e-17,4.47661535364e-22,6799719,2019-02-27 05:07:27,LTC,0.0405823,0.0,0.0000001,LTC,3164.0,0.0,0.00144,237
1,[],4,[],2019-02-27 05:13:34,7448718.41328998,0.00000034,0.000000000012978718,6799885,2019-02-27 05:13:34,btc,6.258204057218994,0.0,0.00000034,btc,9789923.59449878,0.15083645,1.65973566759443,238
1,[],5,[],2019-02-27 05:13:36,0.0,0,0,6799886,2019-02-27 05:13:36,btc,0.0,0.02404478,0,btc,0.0,0.0,0.0,238
0,[],22,[],2019-02-27 05:07:32,0.0,0,0,6799722,2019-02-27 05:07:32,,0.41356282,0.0,0,,316008.5639027493,0.0,0.0,249
0.0000000001172076,[],22,[],2019-02-27 05:07:36,7121097.666666667,3.516228e-18,1.3429846060920001e-22,6799723,2019-02-27 05:07:36,LTC,0.52925409,0.0,0.00000003,LTC,19096234.09,0.0,0.21263595,252
1,[],28,[],2019-02-27 05:07:41,4567665.434,0.00000022,0.000000000008402658,6799724,2019-02-27 05:07:41,btc,164706.66535178732,438409.551,0.00000022,btc,1967815.4669,0.0,0.38159691954,256
1,[],22,[],2019-02-27 05:07:45,1066287.3333333333,0.00000003,0.000000000001145817,6799725,2019-02-27 05:07:45,BTC,31.43427016,0.0,0.00000003,BTC,545727.8076914564,0.0004982,0.01084334,258
1,[],22,[],2019-02-27 05:07:49,48751.0,0.00000001,0.000000000000381939,6799726,2019-02-27 05:07:49,BTC,2.4175745,0.0,0.00000001,BTC,1762.0,0.0,0.00048751,259
1,[],5,[],2019-02-27 05:07:50,0.0,0,0,6799727,2019-02-27 05:07:50,btc,0.0,0.34283533,0,btc,0.0,0.0,0.0,264
1,[],20,[],2019-02-27 05:07:52,1224900.1436,0.000002022,0.0000000000772280658,6799728,2019-02-27 05:07:52,btc,7.3192992752518,81526.3086,0.000002022,btc,86425.7486,0.2531299371422,0.0263823464421,264
0,[],22,[],2019-02-27 05:07:55,0.0,0,0,6799729,2019-02-27 05:07:55,,8.43388524,0.0,0,,424741.8107878143,0.0,0.0,271
0,[],22,[],2019-02-27 05:07:57,0.0,0,0,6799730,2019-02-27 05:07:57,,255.79451411,0.0,0,,14042138615.9,0.0,0.0,272
0.0000000000000052,[],28,[],2019-02-27 05:08:05,254388131403.787,4.576e-21,1.747752864e-25,6799731,2019-02-27 05:08:05,doge,21997031.982845023,97732519531.82,0.00000088,doge,237794185350.9798,0.0,7.312134981049509e-10,272
1,[],22,[],2019-02-27 05:08:10,114648.74,0.00000200,0.0000000000763878,6799732,2019-02-27 05:08:10,BTC,74.32244193,0.0,0.00000200,"BTC,LTC",8380.527743939856,0.0,0.04337297,281
1,[],22,[],2019-02-27 05:08:13,863814.5,0.00000002,0.000000000000763878,6799733,2019-02-27 05:08:13,BTC,1.33236171,0.0,0.00000002,BTC,138490.6655455173,5.99e-06,0.01714417,286
0,[],22,[],2019-02-27 05:08:16,0.0,0,0,6799734,2019-02-27 05:08:16,,43634.52001853,0.0,0,,419066696.0,0.0,0.0,294
