pairValue,buyBook,exchangeId,sellBook,updated,buyTotal,satoshiPrice,usdPrice,exchangeLogId,created,bestPair,sellTotalBtc,volume,pairPrice,activePairs,sellTotal,volumeBtc,buyTotalBtc,coinId
1,[],12,[],2019-02-04 03:36:34,10430.6739212,0.01230000000000000016930901125533637241460382938385009765625,0.00000042509292,6576896,2019-02-04 03:36:34,btc,0.5451742697313,0.0,0.01230000000000000016930901125533637241460382938385009765625,btc,37.409830299999996,0.0430459879128,0.2797813048535,1
1,[],20,[],2019-02-04 03:36:36,1150.5457,0.01200001,0.000000414725145604,6576897,2019-02-04 03:36:36,btc,0.0566246204203,0.0354,0.01200001,btc,2.488,0.000424800354,0.0996904808161,1
1,[],21,[],2019-02-04 03:36:37,2792.51310614,0.01230001000000000010992096122,0.000000425093265604,6576898,2019-02-04 03:36:37,btc,21.80894129827904,2044.3314526000001,0.0123000100000000001099209612220874987542629241943359375,"btc,eth",2414.34065583,18.36506544963348,25.85183384975609,1
1,[],22,[],2019-02-04 03:36:47,0.0263776,0.01350000,0.0000004665654,6576899,2019-02-04 03:36:47,BTC,0.31397231,0.0,0.01350000,BTC,0.10124366666666666,0.0,0.00034472,1
1,[],24,[],2019-02-04 03:36:48,0.0,0.000000000000,0,6576900,2019-02-04 03:36:48,btc,0.0,0.0,0.000000000000,btc,0.0,0.0,0.0,1
0.0,[],25,[],2019-02-04 03:36:48,0.0,0,0,6576901,2019-02-04 03:36:48,btc,13.229699998103197,564.68160366,0.0,btc,1015.39153622,7.04,0.0,1
1,[],26,[],2019-02-04 02:43:33,0.0,0,0,6576754,2019-02-04 02:43:33,,0.0,0.0,0,,0.0,0.0,0.0,1
1,[],28,[],2019-02-04 02:43:38,987.9,0.01131000,0.000000391539759,6576755,2019-02-04 02:43:38,btc,0.162839806,17472.15,0.01131000,btc,8.9,0.0,0.024551096,1
0,[],2,[],2019-01-20 23:28:45,0.0,0,0,6477011,2019-01-20 23:28:45,,0.0,0.0,0,,0.0,0.0,0.0,1
1,[],3,[],2019-02-04 03:36:26,131.079580167021,0.012345609999999999917275061989130335859954357147216796875,0.000000426669219844,6576892,2019-02-04 03:36:26,btc,107.10116273647095,0.2238,0.012345609999999999917275061989130335859954357147216796875,btc,24.805665149306,0.0,0.39430928520499736,1
1,[],4,[],2019-02-04 03:36:27,25080.71284131,0.01234001,0.000000426475681604,6576893,2019-02-04 03:36:27,btc,1.0074644846524736,0.0,0.01234001,btc,77.67735393,0.38312801,1.1678443372736762,1
1,[],5,[],2019-02-04 03:36:30,0.19708608,0.01220008,0.000000421639644832,6576894,2019-02-04 03:36:30,btc,14578.46792877,0.08141834,0.01220008,btc,35555556.28976417,0.0,1.10953384,1
1,[],10,[],2019-02-04 03:36:32,272857.81298515,0.01212879,0.000000419175833916,6576895,2019-02-04 03:36:32,btc,6532.275125733917,1876.60645131,0.01212879,btc,957.49700995,0.0,4.9520540205172585,1
1,[],5,[],2019-02-04 02:43:39,2.001e-05,0.00000070,0.00000000002423323,6576756,2019-02-04 02:43:39,btc,0.14860458,0.00545813,0.00000070,btc,7.154e-05,0.0,0.48027454,2
0,[],22,[],2019-02-04 02:43:41,0.0,0,0,6576757,2019-02-04 02:43:41,,0.0,0.0,0,,0.0,0.0,0.0,2
1,[],5,[],2019-02-04 02:43:43,1.25e-06,0.00000016,0.000000000005539024,6576758,2019-02-04 02:43:43,btc,3.85339361,0.02234257,0.00000016,btc,2.204e-05,0.0,2.93714237,3
1,[],12,[],2019-02-04 02:43:44,12504314.71824546,0.000000167,0.0000000000057813563,6576759,2019-02-04 02:43:44,btc,921349.4206401759,0.0,0.000000167,btc,8319807.84489648,0.06537974613137809,0.5490480658459808,3
0,[],28,[],2019-02-04 02:43:50,0.0,0,0,6576760,2019-02-04 02:43:50,,0.0,0.0,0,,0.0,0.0,0.0,3
0,[],2,[],2019-01-20 23:31:32,0.0,0,0,6477077,2019-01-20 23:31:32,,0.0,0.0,0,,0.0,0.0,0.0,4
1,[],4,[],2019-02-04 02:43:50,572593.0158345,0.00000034,0.000000000011770426,6576761,2019-02-04 02:43:50,btc,0.3276530854392451,0.0,0.00000034,btc,333970.9081311,0.00919827,0.0847338295998975,4
1,[],12,[],2019-02-04 02:43:51,1554770.5219999999,0.00000006,0.000000000002077134,6576762,2019-02-04 02:43:51,btc,11014978.33540386,0.0,0.00000006,btc,915475.39031991,0.00444066,0.030991200439999998,5
0,[],2,[],2019-01-20 23:31:51,0.0,0,0,6477087,2019-01-20 23:31:51,,0.0,0.0,0,,0.0,0.0,0.0,6
1,[],11,[],2019-02-04 02:43:53,7452109.5,0.00000002,0.000000000000692378,6576763,2019-02-04 02:43:53,btc,9433.372946598096,287175.333333,0.00000002,btc,41353066.65164567,0.0,0.112602675,6
1,[],3,[],2019-02-04 02:43:53,1069.652384675756,0.000150559999999999995050348200464895853656344115734100341796875,0.000000005212221583999999,6576764,2019-02-04 02:43:53,btc,28.510202753279106,0.0,0.000150559999999999995050348200464895853656344115734100341796875,btc,234.145665820227,0.0,0.030997767816609203,7
1,[],4,[],2019-02-04 02:43:54,25121.44799911,0.00019701,0.000000006820269489,6576765,2019-02-04 02:43:54,btc,4.708589500329069,0.0,0.00019701,btc,20086.92125422,6.09371065,4.193777403166108,7
1,[],5,[],2019-02-04 02:43:56,0.00613174,0.00019191,0.000000006643713099,6576766,2019-02-04 02:43:56,btc,1.23336259,0.81652265,0.00019191,btc,0.01241759,0.0,1.44553363,7
1,[],20,[],2019-02-04 02:43:58,65771509.91,0.000000001,0.0000000000000346189,6576767,2019-02-04 02:43:58,btc,116.1335270767722,0.0,0.000000001,btc,29825029.7669,0.0,0.06577150991,8
0,[],2,[],2019-01-20 23:22:42,0.0,0,0,6476876,2019-01-20 23:22:42,,0.0,0.0,0,,0.0,0.0,0.0,9
0,[],23,[],2019-01-20 23:22:48,0.0,0,0,6476878,2019-01-20 23:22:48,,0.0,0.0,0,,0.0,0.0,0.0,9
1,[],1,[],2019-02-04 02:43:58,3515220.55,0.00000199999999999999990949622365177251737122787744738161563873291015625,0.0000000000692378,6576768,2019-02-04 02:43:58,btc,8.1589722911,8629947.19,0.00000199999999999999990949622365177251737122787744738161563873291015625,btc,3998087.31,17.22577636,6.9382718282,9
1,[],4,[],2019-02-04 02:43:59,392978.54595517,0.00000197,0.000000000068199233,6576769,2019-02-04 02:43:59,btc,0.7567843144494182,0.0,0.00000197,btc,366176.20411782,0.6230557,0.7270923378981367,9
1,[],28,[],2019-02-04 02:44:05,34500.0,0.00000165,0.000000000057121185,6576770,2019-02-04 02:44:05,btc,2708.771989488,3581908.31,0.00000165,btc,14954.28,0.0,0.02854,9
1,[],4,[],2019-02-04 02:44:06,7373260.37826053,0.00000002,0.000000000000692378,6576771,2019-02-04 02:44:06,btc,0.2044871152280866,0.0,0.00000002,btc,4158429.13835349,0.00061684,0.0792946118652106,10
0,[],2,[],2019-01-20 23:23:08,0.0,0,0,6476890,2019-01-20 23:23:08,,0.0,0.0,0,,0.0,0.0,0.0,12
1,[],4,[],2019-02-04 02:44:07,2093468.58019934,0.00000141,0.000000000048812649,6576772,2019-02-04 02:44:07,btc,0.6859959929134476,0.0,0.00000141,btc,462002.7759584,1.90289842,2.7658589676129592,12
1,[],5,[],2019-02-04 02:44:08,1.612e-05,0.00000134,0.000000000046389326,6576773,2019-02-04 02:44:08,btc,0.60922091,1.13489501,0.00000134,btc,0.00012269,0.0,0.29420499,12
0.0,[],25,[],2019-02-04 02:44:09,0.0,0,0,6576774,2019-02-04 02:44:09,,0.0,0.0,0.0,btc,0.0,0.0,0.0,12
1,[],4,[],2019-02-04 02:44:10,330813.51270133,0.00000622,0.00000000021532955799999999,6576775,2019-02-04 02:44:10,btc,0.5860427644546619,0.0,0.00000622,btc,85608.68365756,0.6420023,1.4774930837366922,13
1,[],10,[],2019-02-04 02:44:12,611693.51627156,0.0000061,0.00000000021117529,6576776,2019-02-04 02:44:12,btc,666809.6507804452,4388.73629946,0.0000061,btc,738260.54045102,0.0,0.8019221794014638,13
1,[],21,[],2019-02-04 02:44:13,958069.79841775,0.000006280000000000000012279673806,0.000000000217406692,6576777,2019-02-04 02:44:13,btc,4.308750153439167,513461.23155658,0.0000062800000000000000122796738055708232195684104226529598236083984375,btc,617271.54987776,3.25552563,5.048628829809196,13
1,[],4,[],2019-02-04 02:44:14,1119041.9903488,0.00000149,0.000000000051582161,6576778,2019-02-04 02:44:14,btc,0.1399500250850866,0.0,0.00000149,btc,67020.02198158,0.02072731,0.4100235408273882,14
1,[],12,[],2019-02-04 02:44:15,87598.95845998,0.00000141999999999999995691814247411599581027985550463199615478515625,0.000000000049158837999999996,6576779,2019-02-04 02:44:15,btc,1.7851168931737391,0.0,0.00000141999999999999995691814247411599581027985550463199615478515625,btc,37457.00592497,1.256e-05,0.0116865600000004,14
0,[],17,[],2019-02-04 02:44:16,0.0,0,0,6576780,2019-02-04 02:44:16,btc,0.0,0.0,0,btc,0.0,0.0,0.0,14
1,[],26,[],2019-02-04 02:44:16,0.0,0.00000049,0.000000000016963261,6576781,2019-02-04 02:44:16,btc,0.0,0.0,0.00000049,btc,0.0,0.0,0.0,14
0,[],4,[],2019-02-04 02:44:17,0.0,0,0,6576782,2019-02-04 02:44:17,,0.0,0.0,0,,0.0,0.0,0.0,15
,[],12,[],2018-12-01 15:15:48,204241.84496,0.00000489,0.000000000202473384,5260204,2018-12-01 15:15:48,btc,49.5475654835,0.0,,btc,35763.2193806,0.0163153972027625,0.0203389899998,15
0,[],2,[],2019-01-20 23:23:38,0.0,0,0,6476906,2019-01-20 23:23:38,,0.0,0.0,0,,0.0,0.0,0.0,18
1,[],4,[],2019-02-04 02:44:19,25430.76145318,0.00001880,0.00000000065083532,6576783,2019-02-04 02:44:19,btc,1.2262612945738107,0.0,0.00001880,btc,7484.10045303,0.04599228,0.0877768548982686,18
1,[],10,[],2019-02-04 02:44:21,406784.90240649,0.00001726,0.000000000597522214,6576784,2019-02-04 02:44:21,btc,15.587841743670978,12626.9478967,0.00001726,btc,12549.56889591,0.0,0.45916491363238,18
1,[],12,[],2019-02-04 02:44:22,201744.1426912,0.0000161099999999999999168547037964316359648364596068859100341796875,0.000000000557710479,6576785,2019-02-04 02:44:22,btc,0.185615826141548,0.0,0.0000161099999999999999168547037964316359648364596068859100341796875,btc,1704.4056175,0.0037436491419219,0.0316485389415608,18
0,[],17,[],2019-02-04 02:44:24,0.0,0,0,6576786,2019-02-04 02:44:24,btc,0.0,0.0,0,btc,0.0,0.0,0.0,18
0,[],2,[],2019-01-20 23:24:19,0.0,0,0,6476924,2019-01-20 23:24:19,,0.0,0.0,0,,0.0,0.0,0.0,19
1,[],3,[],2019-02-04 02:44:24,108478.10318980756,0.0000204000000000000011944438493838305248573306016623973846435546875,0.00000000070622556,6576787,2019-02-04 02:44:24,btc,0.415295960316479,4095.0090069,0.0000204000000000000011944438493838305248573306016623973846435546875,btc,5474.267623490557,0.0,0.09254665493169828,19
1,[],4,[],2019-02-04 02:44:25,70946.93616334,0.00002850,0.00000000098663865,6576788,2019-02-04 02:44:25,btc,0.2855482487770614,0.0,0.00002850,btc,8715.81300559,1.28172118,1.3458048214183886,19
1,[],5,[],2019-02-04 02:44:26,0.00021192,0.00002562,0.000000000886936218,6576789,2019-02-04 02:44:26,btc,0.27980399,0.01504745,0.00002562,btc,0.00319063,0.0,0.17676059,19
1,[],12,[],2019-02-04 02:44:27,133576.0,0.0000360000000000000009120308674948063298870692960917949676513671875,0.0000000012462804,6576790,2019-02-04 02:44:27,btc,1.9961339553432849,0.0,0.0000360000000000000009120308674948063298870692960917949676513671875,btc,536.9523619,0.0019343277822981,0.03133452,19
0,[],27,[],2019-02-04 02:44:29,0.0,0,0,6576791,2019-02-04 02:44:29,,0.0,0.0,0,btc,0.0,0.0,0.0,19
1,[],4,[],2019-02-04 02:44:30,9012496.97209015,0.00000013,0.000000000004500457,6576792,2019-02-04 02:44:30,btc,0.8116717874116198,0.0,0.00000013,btc,1595552.31051721,0.0,0.3452430874915699,20
1,[],4,[],2019-02-04 02:44:32,122892417.04022224,0.00000002,0.000000000000692378,6576793,2019-02-04 02:44:32,btc,0.6281874642312767,0.0,0.00000002,btc,14670793.38138166,0.00074043,1.4674259250142851,21
1,[],12,[],2019-02-04 02:44:33,19028843.0,0.00000002,0.000000000000692378,6576794,2019-02-04 02:44:33,btc,668.5451868047564,0.0,0.00000002,btc,8549966.70429836,4.36585014985e-05,0.25351687,21
0,[],17,[],2019-02-04 02:44:34,0.0,0,0,6576795,2019-02-04 02:44:34,btc,0.0,0.0,0,btc,0.0,0.0,0.0,21
1,[],12,[],2019-02-04 02:37:52,2184841630.531895,0.0000000001,0.0000000000000034614,6576591,2019-02-04 02:37:52,btc,1729404717664.0635,0.0,0.0000000001,btc,5060639777.055173,0.012303494691908248,0.21848416305318952,23
0,[],27,[],2019-02-04 02:37:53,0.0,0,0,6576592,2019-02-04 02:37:53,,0.424699,0.0,0,eth,424699.0,0.0,0.0,23
1,[],4,[],2019-02-04 02:44:36,3575103.59060581,0.00000080,0.00000000002769512,6576796,2019-02-04 02:44:36,btc,0.078010545270194,0.0,0.00000080,btc,70929.59220237,0.00954888,0.4210007010638034,24
1,[],22,[],2019-02-04 02:44:41,11.76,0.00000100,0.0000000000346189,6576797,2019-02-04 02:44:41,BTC,7.415e-05,0.0,0.00000100,BTC,23.919354838709676,0.0,1.176e-05,24
0.0,[],25,[],2019-02-04 02:44:42,0.0,0,0,6576798,2019-02-04 02:44:42,,0.0,0.0,0.0,btc,0.0,0.0,0.0,24
1,[],4,[],2019-02-04 02:44:43,27885700.72261138,0.00000652,0.000000000225715228,6576799,2019-02-04 02:44:43,btc,0.435616448184719,0.0,0.00000652,btc,37279.09111686,0.10968819,0.4334804439306835,26
1,[],10,[],2019-02-04 02:44:45,725860.70874179,0.00000588,0.00000000020355913199999998,6576800,2019-02-04 02:44:45,btc,25.975774463061523,27.0,0.00000588,btc,13118.16646401,0.0,0.2069550833237116,26
0,[],2,[],2019-01-20 23:25:56,0.0,0,0,6476976,2019-01-20 23:25:56,,0.0,0.0,0,,0.0,0.0,0.0,26
1,[],3,[],2019-02-04 02:44:45,7930778.43283504,0.00000002,0.000000000000692378,6576801,2019-02-04 02:44:45,btc,2.2900966590821166,22007.7728707,0.00000002,btc,15602290.51628244,0.0,0.0931469882681865,27
1,[],5,[],2019-02-04 02:44:47,3e-08,0.00000002,0.000000000000692378,6576802,2019-02-04 02:44:47,btc,1.5379056,0.00550471,0.00000002,btc,4.69e-05,0.0,0.10851137,27
1,[],11,[],2019-02-04 02:44:48,10615374.41182718,0.00000005,0.000000000001730945,6576803,2019-02-04 02:44:48,btc,370.6426334117441,1000.0,0.00000005,btc,8221035.4403934,0.0,0.4936394994767663,27
1,[],4,[],2019-02-04 02:44:49,317729106.194864,0.00000003,0.000000000001038567,6576804,2019-02-04 02:44:49,btc,3.9518849051149565,0.0,0.00000003,"btc,ltc",120488816.39173539,0.40865387,3.867406503917119,29
1,[],7,[],2019-02-04 02:44:51,39751269.22409589,0.00000003,0.000000000001038567,6576805,2019-02-04 02:44:51,btc,44465206.20744768,1937820.76077,0.00000003,btc,40725346.49808779,0.0,0.7246774827604918,29
1,[],4,[],2019-02-04 02:44:52,1362931.10005584,0.00000028,0.000000000009693292,6576806,2019-02-04 02:44:52,btc,0.2574314269307034,0.0,0.00000028,btc,543882.18984876,0.00148341,0.0786754831722456,30
0,[],17,[],2019-02-04 02:44:54,0.0,0,0,6576807,2019-02-04 02:44:54,btc,0.0,0.0,0,btc,0.0,0.0,0.0,30
1,[],4,[],2019-02-04 02:44:55,1135404.57234131,0.00007007,0.000000002425746323,6576808,2019-02-04 02:44:55,btc,1.5236162933898054,0.0,0.00007007,btc,18267.98495034,1.93115806,1.867918061745577,31
1,[],21,[],2019-02-04 02:44:57,59391.75597996,0.00007053000000000000403992811426,0.0000000024416710170000003,6576809,2019-02-04 02:44:57,btc,1.5305149035857175,90128.99132795,0.000070530000000000004039928114263346969892154447734355926513671875,btc,19949.131133,6.51457016,3.7945984027197652,31
0,[],2,[],2019-01-20 23:28:43,0.0,0,0,6477009,2019-01-20 23:28:43,,0.0,0.0,0,,0.0,0.0,0.0,32
1,[],4,[],2019-02-04 02:44:57,147654037.83858445,0.00000005,0.000000000001730945,6576810,2019-02-04 02:44:57,btc,2.3832239422519126,0.0,0.00000005,"btc,ltc",40739221.92913413,0.22541735,2.564001305494886,33
1,[],12,[],2019-02-04 02:44:59,18988762.278,0.00000006,0.000000000002077134,6576811,2019-02-04 02:44:59,btc,17261782.277511235,0.0,0.00000006,btc,89635864.72727256,0.0061863608391611,0.71137854668,33
1,[],4,[],2019-02-04 02:38:15,110268646.74115793,0.00000002,0.0000000000006922800000000001,6576609,2019-02-04 02:38:15,btc,0.7714334331524844,0.0,0.00000002,btc,25714447.77174948,2.5317012,1.1052052711015794,34
1,[],5,[],2019-02-04 02:38:18,1e-08,0.00000001,0.00000000000034614000000000003,6576610,2019-02-04 02:38:18,btc,3.84315884,0.77632451,0.00000001,btc,1.394e-05,0.0,0.73948784,34
0.0000000000974736,[],4,[],2019-02-04 02:38:18,1121057868.6848543,3.898944e-18,1.34958047616e-22,6576611,2019-02-04 02:38:18,ltc,8.063573633295504e-09,0.0,0.00000004,ltc,1595247195.0640776,0.0,2.249961416330476e-09,36
1,[],5,[],2019-02-04 02:38:19,0.0,0,0,6576612,2019-02-04 02:38:19,btc,204.33336467,0.0,0,btc,1.295e-05,0.0,0.0,36
0,[],17,[],2019-02-04 02:38:21,0.0,0,0,6576613,2019-02-04 02:38:21,btc,0.14185270833017397,0.0,0,btc,10826074.27743647,0.0,0.0,36
0.0000000000974736,[],27,[],2019-02-04 02:38:23,1000000.0,1.949472e-18,6.7479023808e-23,6576614,2019-02-04 02:38:23,ltc,447.7307979714,0.0,0.00000002,"ltc,eth",3711879.16,0.0,1.949472e-12,36
1,[],4,[],2019-02-04 01:38:39,416429.02211366,0.00000142,0.000000000049144496,6576409,2019-02-04 01:38:39,btc,0.3902703696026898,0.0,0.00000142,btc,204425.88944328,0.0149663,0.3714002373008272,37
1,[],12,[],2019-02-04 01:38:41,377945.13106888,0.00000146999999999999990171598886201653755279039614833891391754150390625,0.000000000050874936,6576410,2019-02-04 01:38:41,btc,1331.1026990637583,0.0,0.00000146999999999999990171598886201653755279039614833891391754150390625,btc,797174.31961252,0.5701683262908933,0.237867624821436,37
1,[],17,[],2019-02-04 01:38:42,1752.74075282,0.00000025,0.0000000000086522,6576411,2019-02-04 01:38:42,btc,0.05548492396492326,0.000668326222905,0.00000025,btc,1387.19918473,0.0,0.00043818518820499993,37
1,[],27,[],2019-02-04 01:38:44,16843.0,0.00000046,0.000000000015920048,6576412,2019-02-04 01:38:44,btc,24.43002247030353,0.0,0.00000046,btc,5579.81438508,0.0,0.00561124,37
1,[],5,[],2019-02-04 02:45:00,1.317e-05,0.00000097,0.000000000033580333,6576812,2019-02-04 02:45:00,btc,0.10726638,0.14000821,0.00000097,btc,0.00010339,0.0,0.0484969,42
1,[],12,[],2019-02-04 02:45:01,148620.4368932,0.000001080000000000000035831255497387193287295303889550268650054931640625,0.000000000037388412,6576813,2019-02-04 02:45:01,btc,85.06167653595514,0.0,0.000001080000000000000035831255497387193287295303889550268650054931640625,btc,95946.98763522,0.0462582333635673,0.050184809999996,42
0,[],27,[],2019-02-04 02:45:04,0.0,0,0,6576814,2019-02-04 02:45:04,,0.00315028,0.0,0,"btc,eth",11.007,0.0,0.0,42
1,[],5,[],2019-02-04 02:45:05,1e-07,0.00000004,0.000000000001384756,6576815,2019-02-04 02:45:05,btc,6.09400941,0.00114327,0.00000004,btc,1.475e-05,0.0,0.53381898,43
1,[],12,[],2019-02-04 02:45:07,6512129.0,0.00000002,0.000000000000692378,6576816,2019-02-04 02:45:07,btc,20007456.464722443,0.0,0.00000002,btc,38833161.74765234,0.0,0.06512143000000001,43
0,[],17,[],2019-02-04 02:45:08,0.0,0,0,6576817,2019-02-04 02:45:08,btc,0.0,0.0,0,btc,0.0,0.0,0.0,43
1,[],12,[],2019-02-04 02:38:34,884456.0,0.00000008,0.0000000000027691200000000002,6576621,2019-02-04 02:38:34,btc,11115205.991134198,0.0,0.00000008,btc,1006677.40359639,0.00017554955045,0.02718199,44
1,[],4,[],2019-02-04 02:45:09,234927387.33856228,0.00000002,0.000000000000692378,6576818,2019-02-04 02:45:09,btc,0.18028403446817537,0.0,0.00000002,"btc,ltc",8170730.78161888,0.002202,0.5408927653719818,49
0.00000000009756080000000001,[],4,[],2019-02-04 02:45:10,4944400876.40257,9.75608e-19,3.37744757912e-23,6576819,2019-02-04 02:45:10,ltc,4.645173503982556,0.0,0.00000001,ltc,1780732998.7967892,0.00011,4.8237970502253585e-09,52
0,[],22,[],2019-02-04 02:45:14,0.0,0,0,6576820,2019-02-04 02:45:14,,3693.16111,0.0,0,,247825727.90882352,0.0,0.0,57
0,[],27,[],2019-02-04 02:45:17,0.0,0,0,6576821,2019-02-04 02:45:17,,0.0,0.0,0,"btc,eth",0.0,0.0,0.0,57
0.00000000009756080000000001,[],4,[],2019-02-04 02:45:18,1309002385.878188,4.87804e-18,1.68872378956e-22,6576822,2019-02-04 02:45:18,ltc,3.2882093416811635,0.0,0.00000005,ltc,1072220719.1218766,0.021956,5.146933899458831e-09,58
1,[],12,[],2019-02-04 02:45:20,2036913830.843957,0.0000000006,0.000000000000020771339999999998,6576823,2019-02-04 02:45:20,btc,625179820102.1478,0.0,0.0000000006,btc,3152455062.404695,0.13397558492937062,0.7334482169011391,58
0,[],17,[],2019-02-04 02:45:21,0.0,0,0,6576824,2019-02-04 02:45:21,btc,1e+24,0.0,0,btc,41616695.95832568,0.0,0.0,58
0.0000000001220159,[],22,[],2019-02-04 02:45:25,137438.0,1.220159e-18,4.22405624051e-23,6576825,2019-02-04 02:45:25,XMR,69.8835922,0.0,0.00000001,XMR,9887963.0,0.0,0.00137438,58
1,[],5,[],2019-02-04 02:45:27,8.35e-06,0.00000076,0.000000000026310364,6576826,2019-02-04 02:45:27,btc,0.35361204,0.06345941,0.00000076,btc,0.00017503,0.0,0.05393934,61
1,[],22,[],2019-02-04 02:45:31,5111.5,0.00000011,0.000000000003808079,6576827,2019-02-04 02:45:31,BTC,1002.29606732,0.0,0.00000011,BTC,15028.700278135757,0.0,0.00051178,61
1,[],26,[],2019-02-04 02:45:31,0.0,0.00000800,0.0000000002769512,6576828,2019-02-04 02:45:31,btc,0.0,0.0,0.00000800,btc,0.0,0.0,0.0,61
0,[],27,[],2019-02-04 02:45:34,0.0,0,0,6576829,2019-02-04 02:45:34,,0.1550356,0.0,0,"btc,eth",155.72848,0.0,0.0,61
1,[],28,[],2019-02-04 02:45:38,6884.304,0.0000006,0.00000000002077134,6576830,2019-02-04 02:45:38,btc,2.064635633700105,805.0,0.0000006,btc,11325.10450005,0.0,0.00216611304,61
1,[],4,[],2019-02-04 02:38:59,1317428.61600389,0.00000178,0.00000000006161292,6576635,2019-02-04 02:38:59,btc,0.8229478115966727,0.0,0.00000178,btc,280616.3132392,0.09949893,0.9811534045631484,67
0.0,[],25,[],2019-02-04 02:39:00,0.0,0,0,6576636,2019-02-04 02:39:00,,0.0,0.0,0.0,btc,0.0,0.0,0.0,67
1,[],12,[],2019-02-04 02:45:40,3297705.219,0.0000001,0.00000000000346189,6576831,2019-02-04 02:45:40,btc,16893709.651754167,0.0,0.0000001,btc,2485043.635964,0.0006229954909108,0.1045723964411112,71
,[],5,[],2018-11-20 23:02:39,1.5e-07,0.00000005,0.000000000002128045,4862160,2018-11-20 23:02:39,btc,2.84511358,0.0,,btc,0.00036572,0.0,0.07381892,74
1,[],5,[],2019-01-25 15:53:51,3.303e-05,0.00000156,0.000000000055588884,6499610,2019-01-25 15:53:51,btc,1.42844212,0.0,0.00000156,btc,0.00015937,0.0,0.49487621,75
0,[],20,[],2019-01-25 09:30:31,0.0,0,0,6495923,2019-01-25 09:30:31,btc,0.0,0.0,0,btc,0.0,0.0,0.0,81
1,[],4,[],2019-02-04 02:45:41,70997797.82492337,0.00000001,0.000000000000346189,6576832,2019-02-04 02:45:41,btc,0.8164048853705091,0.0,0.00000001,btc,15307943.35273608,0.0,0.7099779782492337,81
1,[],21,[],2019-02-04 02:39:06,85784.87065483,0.00007558000000000000481725770385,0.0000000026161261200000002,6576640,2019-02-04 02:39:06,btc,3.5284159658891108,2319.55608642,0.0000755800000000000048172577038485542288981378078460693359375,btc,40145.20392134,0.17597049,4.395179479196281,82
1,[],4,[],2019-02-04 02:39:05,23879.11872666,0.00007003,0.00000000242401842,6576639,2019-02-04 02:39:05,btc,0.7053827979897158,0.0,0.00007003,btc,6711.12986895,0.07012201,0.0912442904944675,82
0,[],17,[],2019-02-04 02:39:07,0.0,0,0,6576641,2019-02-04 02:39:07,btc,0.0447233088476774,0.0,0,btc,999127.19588126,0.0,0.0,84
0.00000000009756080000000001,[],4,[],2019-02-04 02:45:42,336041648.69709927,1.1707296000000001e-17,4.052937094944e-22,6576833,2019-02-04 02:45:42,ltc,0.1957906323076964,0.0,0.00000012,ltc,71540219.8650066,0.00831051,1.3286544611211376e-09,85
,[],22,[],2018-11-20 23:09:34,3408.1,0.0000001,0.0000000000041895,4862324,2018-11-20 23:09:34,BTC,0.04624735,0.0,,BTC,4990.0,0.0,0.00033081,86
0,[],22,[],2019-02-04 02:39:11,0.0,0,0,6576643,2019-02-04 02:39:11,,2.07810912,0.0,0,,154826.94736842104,0.0,0.0,87
0,[],27,[],2019-02-04 02:39:12,0.0,0,0,6576644,2019-02-04 02:39:12,,0.0,0.0,0,btc,0.0,0.0,0.0,87
,[],2,[],2018-11-20 23:10:47,0.0,0,0,4862359,2018-11-20 23:10:47,,0.0,0.0,,,0.0,0.0,0.0,88
1,[],11,[],2019-02-04 02:45:44,97110.39131987,0.0001724100000000000111610720665566987008787691593170166015625,0.000000005968644549,6576834,2019-02-04 02:45:44,btc,246.04066436849956,2887.22075213,0.0001724100000000000111610720665566987008787691593170166015625,btc,184799.62024482,0.0,6.634660629171151,89
1,[],12,[],2019-02-04 02:39:16,493695.15160672,0.0000036200000000000000691222253046408496857111458666622638702392578125,0.00000000012530268000000002,6576646,2019-02-04 02:39:16,btc,4.265232843672479,0.0,0.0000036200000000000000691222253046408496857111458666622638702392578125,btc,34102.72581099,0.0577601874262612,0.1442525627998967,91
0,[],17,[],2019-02-04 02:39:18,0.0,0,0,6576647,2019-02-04 02:39:18,btc,0.0,0.0,0,btc,0.0,0.0,0.0,91
0,[],2,[],2019-01-20 23:31:45,0.0,0,0,6477083,2019-01-20 23:31:45,,0.0,0.0,0,,0.0,0.0,0.0,91
0.00000000009756080000000001,[],22,[],2019-02-04 02:45:47,25823826.0,4.87804e-18,1.68872378956e-22,6576835,2019-02-04 02:45:47,LTC,8.80623359,0.0,0.00000005,LTC,76324729.6,4.887796080000001e-16,0.95795662,95
0.00000000009756080000000001,[],4,[],2019-02-04 02:45:48,132301680.34883378,9.75608e-17,3.3774475791200002e-21,6576836,2019-02-04 02:45:48,ltc,1.0819808350727205,0.0,0.00000100,ltc,67563842.0669659,0.00020951,6.799603331071726e-10,96
1,[],12,[],2019-02-04 02:45:49,224978.0,0.00000001,0.000000000000346189,6576837,2019-02-04 02:45:49,btc,255063.42100976562,0.0,0.00000001,btc,8896986.33297676,1.26e-06,0.00224978,96
0,[],17,[],2019-02-04 02:45:50,0.0,0,0,6576838,2019-02-04 02:45:50,btc,0.0,0.0,0,btc,0.0,0.0,0.0,96
1,[],4,[],2019-02-04 02:45:52,1471371.01617362,0.00000034,0.000000000011770426,6576839,2019-02-04 02:45:52,btc,0.1649774763991474,0.0,0.00000034,btc,323099.93548346,0.02193559,0.128343017426645,99
0,[],2,[],2019-01-20 23:23:55,0.0,0,0,6476914,2019-01-20 23:23:55,,0.0,0.0,0,,0.0,0.0,0.0,100
1,[],4,[],2019-02-04 02:45:52,76720.98309772,0.00004412,0.000000001527385868,6576840,2019-02-04 02:45:52,btc,1.2579130673425256,0.0,0.00004412,btc,23130.67607747,3.35860657,3.024819588893824,100
1,[],22,[],2019-02-04 02:45:55,50000.0,0.00000001,0.000000000000346189,6576841,2019-02-04 02:45:55,BTC,23.50383609,0.0,0.00000001,BTC,11277.22,0.0,0.0005,101
1,[],4,[],2019-02-04 02:45:56,164906.57926564,0.00000097,0.000000000033580333,6576842,2019-02-04 02:45:56,btc,0.3955850540657229,0.0,0.00000097,btc,151662.62045767,0.00540119,0.1143580768392455,103
1,[],12,[],2019-02-04 02:46:00,75113164.65846993,0.000000015,0.0000000000005192835,6576843,2019-02-04 02:46:00,btc,138279087.16348335,0.0,0.000000015,btc,137352758.7095794,16.02444720043187,0.44778815287704893,105
1,[],27,[],2019-02-04 02:46:01,10159662.89,0.00000001,0.000000000000346189,6576844,2019-02-04 02:46:01,btc,0.6930134677960939,0.0,0.00000001,btc,708890.78181977,0.0,0.1015966289,105
0,[],22,[],2019-02-04 02:46:04,0.0,0,0,6576845,2019-02-04 02:46:04,,1.07253299,0.0,0,,94300.0,0.0,0.0,107
1,[],26,[],2019-02-04 02:46:04,0.0,0.00000000,0,6576846,2019-02-04 02:46:04,btc,0.0,10000.0,0.00000000,btc,0.0,0.0,0.0,107
1,[],5,[],2019-02-04 02:39:41,3e-08,0.00000002,0.0000000000006922800000000001,6576660,2019-02-04 02:39:41,btc,2.91337691,0.01294567,0.00000002,btc,1.773e-05,0.0,0.13171962,112
1,[],22,[],2019-02-04 02:39:44,1966.0,0.00000001,0.00000000000034614000000000003,6576661,2019-02-04 02:39:44,BTC,2.81683288,0.0,0.00000001,BTC,808529.0833333334,0.00324299,1.966e-05,112
0.0000000003090589,[],27,[],2019-02-04 02:39:47,500000.0,3.090589e-18,1.06977647646e-22,6576662,2019-02-04 02:39:47,eth,1.25356065,0.0,0.00000001,"btc,eth",1328.0,0.0,1.5452945e-12,112
1,[],4,[],2019-02-04 02:39:48,486113.35713317,0.00000406,0.00000000014053284000000002,6576663,2019-02-04 02:39:48,btc,0.4613001563046878,0.0,0.00000406,btc,79714.12078805,0.22081511,0.3197436255430577,113
1,[],5,[],2019-02-04 02:39:49,2.88e-05,0.00000379,0.00000000013118706,6576664,2019-02-04 02:39:49,btc,2.43143683,0.00324331,0.00000379,btc,0.00381016,0.0,0.2127564,113
1,[],17,[],2019-02-04 02:46:06,174538.724,0.00000004,0.000000000001384756,6576847,2019-02-04 02:46:06,btc,1.3368030274053293,0.0015204,0.00000004,btc,51896.221,0.0,0.00308154896,116
0,[],27,[],2019-02-04 02:46:08,0.0,0,0,6576848,2019-02-04 02:46:08,,0.0,0.0,0,btc,0.0,0.0,0.0,116
1,[],4,[],2019-02-04 02:46:09,44915.05521917,0.00002514,0.000000000870319146,6576849,2019-02-04 02:46:09,btc,0.8856956041708287,0.0,0.00002514,btc,27148.61549159,1.63963634,0.799593648761362,120
1,[],7,[],2019-02-04 02:46:10,11076.037599270001,0.00001796000000000000083899033553880286717685521580278873443603515625,0.0000000006217554440000001,6576850,2019-02-04 02:46:10,btc,88979.01186559025,43.90594602,0.00001796000000000000083899033553880286717685521580278873443603515625,btc,23620.42619447,0.00157698,0.09910650654919141,120
1,[],20,[],2019-02-04 02:39:57,1617028.1906,0.000000014,0.000000000000484596,6576669,2019-02-04 02:39:57,btc,33.7487591931607,10640.1551,0.000000014,btc,1063782.1766,0.0001850438476,0.0089722132172,125
1,[],22,[],2019-02-04 02:46:13,3053.0,0.00000001,0.000000000000346189,6576851,2019-02-04 02:46:13,BTC,0.01444889,0.0,0.00000001,BTC,296264.5111111111,0.0,3.053e-05,126
0,[],2,[],2019-01-20 23:25:46,0.0,0,0,6476969,2019-01-20 23:25:46,,0.0,0.0,0,,0.0,0.0,0.0,131
1,[],4,[],2019-02-04 02:46:14,93014.02781215,0.00001627,0.000000000563249503,6576852,2019-02-04 02:46:14,btc,0.6006363529225586,0.0,0.00001627,btc,30276.60154386,0.32471779,0.6106677745469743,131
0,[],17,[],2019-02-04 02:46:15,0.0,0,0,6576853,2019-02-04 02:46:15,btc,0.0008451375975800001,0.0,0,btc,30.89614684,0.0,0.0,131
1,[],4,[],2019-02-04 02:40:04,4610.35603448,0.00016000,0.00000000553824,6576673,2019-02-04 02:40:04,btc,1.6402635420316316,0.0,0.00016000,btc,302.35845559,0.0,0.0113649733382236,135
1,[],3,[],2019-02-04 02:46:16,1779211.66354937,0.00000007,0.000000000002423323,6576854,2019-02-04 02:46:16,btc,0.1491214133089911,79499.424825,0.00000007,btc,361070.79049994,0.0,0.0652396942725346,136
1,[],4,[],2019-02-04 02:40:06,96173.3996671,0.00000178,0.00000000006161292,6576675,2019-02-04 02:40:06,btc,0.3216353882878091,0.0,0.00000178,btc,131338.84342605,0.1223391,0.133817033392775,137
1,[],12,[],2019-02-04 02:40:07,296835.03016339,0.0000018599999999999999793589590402209665853661135770380496978759765625,0.00000000006438204,6576676,2019-02-04 02:40:07,btc,11982.8447024083,0.0,0.0000018599999999999999793589590402209665853661135770380496978759765625,btc,124155.90188533,0.1305669480740852,0.0271774300000077,137
1,[],5,[],2019-02-04 02:46:18,0.00172258,0.00004357,0.000000001508345473,6576855,2019-02-04 02:46:18,btc,23.36599261,2.42978946,0.00004357,btc,0.00743524,0.0,1.3407206,142
1,[],17,[],2019-02-04 02:46:20,12500.0,0.0000001,0.00000000000346189,6576856,2019-02-04 02:46:20,btc,20.261021578987695,0.0,0.0000001,btc,5931.99821453,0.0,0.00125,142
1,[],20,[],2019-02-04 02:46:22,151023.2067,0.00003175,0.0000000010991500749999999,6576857,2019-02-04 02:46:22,btc,4.181039610925,18124.467,0.00003175,btc,10652.4407,0.756444296159,0.2882501173958,142
1,[],22,[],2019-02-04 02:46:25,962.0,0.00001800,0.0000000006231401999999999,6576858,2019-02-04 02:46:25,BTC,3.00449528,0.0,0.00001800,BTC,899.098,0.0,0.0001637,142
0.0,[],25,[],2019-02-04 02:46:26,0.0,0,0,6576859,2019-02-04 02:46:26,,0.0,0.0,0.0,btc,0.0,0.0,0.0,142
1,[],28,[],2019-02-04 02:46:29,78710.001,0.00004450,0.00000000154054105,6576860,2019-02-04 02:46:29,btc,0.0403772,4099.77,0.00004450,btc,805.0,0.0,0.0352462445,142
0,[],22,[],2019-02-04 02:46:31,0.0,0,0,6576861,2019-02-04 02:46:31,,61.2899348,0.0,0,,793945978.8,0.0,0.0,143
1,[],21,[],2019-02-04 02:46:32,34301795.80599921,0.00000026,0.000000000009000914,6576862,2019-02-04 02:46:32,btc,52.17151574418389,3097562.25096899,0.00000026,btc,90039249.38129665,0.83888437,5.039213635916506,145
0,[],22,[],2019-02-03 23:38:45,0.0,0,0,6575666,2019-02-03 23:38:45,,4.57529384,0.0,0,,1918760.5,0.0,0.0,146
,[],22,[],2018-11-20 23:01:11,0.0,0,0,4862114,2018-11-20 23:01:11,,2.56807021,0.0,,,61828.4988236,0.0,0.0,147
1,[],12,[],2019-02-04 02:40:26,8691243.62472459,0.0000036100000000000001648659507524907752440412878058850765228271484375,0.00000000012495654000000002,6576685,2019-02-04 02:40:26,btc,16.500514773819567,0.0,0.0000036100000000000001648659507524907752440412878058850765228271484375,btc,112323.49863061,0.0004485811089,0.1241368700000099,148
1,[],4,[],2019-02-04 02:40:27,305496.48682785,0.00000027,0.00000000000934578,6576686,2019-02-04 02:40:27,btc,0.6871423511150532,0.0,0.00000027,btc,502731.63828901,0.0,0.0676574566747395,152
0,[],22,[],2019-02-04 02:40:30,0.0,0,0,6576687,2019-02-04 02:40:30,,0.0,0.0,0,,0.0,0.0,0.0,152
1,[],5,[],2019-02-04 02:46:34,0.0,0,0,6576863,2019-02-04 02:46:34,btc,4.41744381,0.0,0,btc,0.00161275,0.0,0.0,153
,[],16,[],2019-01-11 15:38:59,0.0,0,0,6366141,2019-01-11 15:38:59,btc,0.0,0.0,,btc,0.0,0.0,0.0,155
0,[],22,[],2019-02-04 02:40:34,0.0,0,0,6576689,2019-02-04 02:40:34,,6.73312347,0.0,0,,4564272.742592593,0.0,0.0,156
0,[],23,[],2019-01-20 23:24:29,0.0,0,0,6476932,2019-01-20 23:24:29,,0.0,0.0,0,,0.0,0.0,0.0,156
1,[],22,[],2019-02-04 02:46:38,7906.0,0.00000801,0.00000000027729738899999997,6576864,2019-02-04 02:46:38,BTC,43.78801181,0.0,0.00000801,BTC,1067.5805334758436,0.0,0.00743836,157
0,[],22,[],2019-02-04 02:46:40,0.0,0,0,6576865,2019-02-04 02:46:40,,50175.6753658,0.0,0,,54007107.04179466,0.0,0.0,158
,[],17,[],2018-11-20 22:56:10,0.0,0,0,4861976,2018-11-20 22:56:10,btc,1.1265625,0.0,,btc,1000.0,0.0,0.0,159
,[],20,[],2018-11-20 22:56:12,0.0,0,0,4861977,2018-11-20 22:56:12,btc,11912.7940471,0.0,,btc,34413894.3617,0.0,0.0,159
1,[],12,[],2019-02-04 02:40:41,188854.29077751,0.00000770000000000000081623076353398715809817076660692691802978515625,0.00000000026652780000000003,6576692,2019-02-04 02:40:41,btc,6.684514924227617,0.0,0.00000770000000000000081623076353398715809817076660692691802978515625,btc,14593.13704513,0.005770219940484,0.0849591599450049,168
1,[],17,[],2019-02-04 02:40:43,29784.95,0.000001,0.000000000034614,6576693,2019-02-04 02:40:43,btc,0.03026736251542,0.0,0.000001,btc,144.46171372,0.0,0.00716147,168
1,[],22,[],2019-02-04 02:46:43,3800.0,0.00000001,0.000000000000346189,6576866,2019-02-04 02:46:43,BTC,1.14964814,0.0,0.00000001,BTC,689592.4758060451,0.0,3.8e-05,169
1,[],22,[],2019-02-04 02:46:52,213512.2879032258,0.00000032,0.000000000011078048,6576867,2019-02-04 02:46:52,BTC,10.32326613,0.0,0.00000032,BTC,114715.83067487646,0.00396332,0.02736505,171
1,[],22,[],2019-02-04 02:46:56,266995.8988095238,0.00000024,0.000000000008308536,6576868,2019-02-04 02:46:56,BTC,2.67107786,0.0,0.00000024,BTC,224543.5631633917,0.01443592,0.02732599,173
1,[],5,[],2019-02-04 02:46:57,4.452e-05,0.00000385,0.000000000133282765,6576869,2019-02-04 02:46:57,btc,0.36368445,0.00231481,0.00000385,btc,0.00031208,0.0,0.78892147,175
1,[],22,[],2019-02-04 02:47:01,49549.25714285715,0.0000004,0.00000000001384756,6576870,2019-02-04 02:47:01,BTC,0.63358303,0.0,0.0000004,BTC,155090.40184992214,0.0,0.01679357,176
0,[],2,[],2019-01-20 23:28:34,0.0,0,0,6477001,2019-01-20 23:28:34,,0.0,0.0,0,,0.0,0.0,0.0,178
1,[],7,[],2019-02-04 02:47:02,0.0,0,0,6576871,2019-02-04 02:47:02,btc,233208.5809029795,0.0,0,btc,115100187.61861145,0.0,0.0,178
0,[],22,[],2019-02-04 02:47:05,0.0,0,0,6576872,2019-02-04 02:47:05,,1.00242428,0.0,0,,57512.0,0.0,0.0,178
0,[],23,[],2019-01-20 23:25:08,0.0,0,0,6476952,2019-01-20 23:25:08,,0.0,0.0,0,,0.0,0.0,0.0,179
1,[],5,[],2019-02-04 02:47:06,3e-08,0.00000002,0.000000000000692378,6576873,2019-02-04 02:47:06,btc,17.13244344,0.02462518,0.00000002,btc,2.088e-05,0.0,1.3951333,179
1,[],22,[],2019-02-04 02:47:10,7842169.0,0.00000003,0.000000000001038567,6576874,2019-02-04 02:47:10,BTC,5.52570121,0.0,0.00000003,"BTC,LTC",18396229.401989967,4.2e-07,0.38978475,179
1,[],17,[],2019-02-04 02:47:13,10504.725,0.0000001,0.00000000000346189,6576875,2019-02-04 02:47:13,btc,5.2061668798772045,0.0,0.0000001,btc,6755.0074587,0.0,0.0010504725,180
1,[],22,[],2019-02-04 02:47:17,39549.94545454546,0.00000011,0.000000000003808079,6576876,2019-02-04 02:47:17,BTC,0.09611861,0.0,0.00000011,"BTC,LTC",16601.39315481,0.00208654,0.00413695,180
1,[],26,[],2019-02-04 02:47:17,0.0,0.00000010,0.00000000000346189,6576877,2019-02-04 02:47:17,btc,0.0,100.0,0.00000010,btc,0.0,0.0,0.0,180
,[],7,[],2018-11-20 22:58:01,562227.975654,0.00000085,0.000000000036176765,4862015,2018-11-20 22:58:01,btc,21836.6059674,2491.87645172,,btc,749999.041456,0.00211021,0.127565380455,183
,[],5,[],2019-01-10 08:11:41,0.0,0,0,6347036,2019-01-10 08:11:41,btc,82.15055501,0.00261,,btc,1.19002445,0.0,0.0,187
,[],17,[],2018-11-16 20:58:10,4062536.27273,0.00000001,0.000000000000550501,4708775,2018-11-16 20:58:10,btc,3.36492563466,0.195460381006,,"btc,eth",110697919.549,0.0,0.0157628953496,187
1,[],24,[],2019-02-04 02:47:17,0.0,0.000000000001,3.4618899999999997e-17,6576878,2019-02-04 02:47:17,btc,0.0,0.0,0.000000000001,btc,0.0,0.0,0.0,187
0,[],22,[],2019-02-04 02:41:19,0.0,0,0,6576707,2019-02-04 02:41:19,,1.19382741,0.0,0,,13380.036201072173,0.0,0.0,191
0,[],22,[],2019-01-29 02:57:02,0.0,0,0,6524994,2019-01-29 02:57:02,,0.0,0.0,0,,0.0,0.0,0.0,197
0,[],23,[],2019-01-20 23:31:41,0.0,0,0,6477079,2019-01-20 23:31:41,,0.0,0.0,0,,0.0,0.0,0.0,199
1,[],26,[],2019-02-04 02:47:18,0.0,0.00000000,0,6576879,2019-02-04 02:47:18,btc,0.0,772655.0,0.00000000,btc,0.0,0.0,0.0,199
0,[],17,[],2019-01-30 16:32:01,0.0,0,0,6540827,2019-01-30 16:32:01,btc,6.802544163788159,0.0,0,btc,105897.55575295,0.0,0.0,200
0,[],2,[],2019-01-20 23:30:49,0.0,0,0,6477059,2019-01-20 23:30:49,,0.0,0.0,0,,0.0,0.0,0.0,201
1,[],4,[],2019-01-25 15:51:35,2084389.58565343,0.00000936,0.000000000333526752,6499557,2019-01-25 15:51:35,btc,2.0092503037378524,0.0,0.00000936,btc,160195.80207885,0.19272417,1.242687955921835,211
1,[],7,[],2019-02-04 02:47:21,17075130.87076324,0.000001359999999999999896105784720490294859018831630237400531768798828125,0.000000000047081703999999995,6576880,2019-02-04 02:47:21,btc,16567795.391193924,440547.219818,0.000001359999999999999896105784720490294859018831630237400531768798828125,btc,12683719.72407353,0.0,8.541371569208296,212
1,[],12,[],2019-01-25 02:44:32,207462.42853209,0.000001080000000000000035831255497387193287295303889550268650054931640625,0.000000000038610756000000006,6493050,2019-01-25 02:44:32,btc,85023.03793723314,0.0,0.000001080000000000000035831255497387193287295303889550268650054931640625,btc,43675.73520027,0.000146250909087,0.0348620860622024,213
1,[],5,[],2019-02-04 02:47:23,5.29e-06,0.00000035,0.000000000012116615,6576881,2019-02-04 02:47:23,btc,1.11917151,0.05332585,0.00000035,btc,3.171e-05,0.0,0.25110978,213
1,[],24,[],2019-02-04 02:47:23,0.0,0.000000050000,0.000000000001730945,6576882,2019-02-04 02:47:23,btc,0.0,0.0,0.000000050000,btc,0.0,0.0,0.0,213
1,[],26,[],2019-02-04 02:47:23,0.0,0.00000009,0.000000000003115701,6576883,2019-02-04 02:47:23,btc,0.0,0.0,0.00000009,btc,0.0,0.0,0.0,213
1,[],22,[],2019-02-04 02:41:30,276400.0,0.00000002,0.0000000000006922800000000001,6576713,2019-02-04 02:41:30,BTC,70.20492877,0.0,0.00000002,BTC,291693.63137942314,0.0,0.004714,216
1,[],27,[],2019-02-04 02:41:32,5050645.0,0.0000001,0.0000000000034614,6576714,2019-02-04 02:41:32,btc,313.98413178316,0.0,0.0000001,"btc,ltc",287018.13411,0.0,0.0510735,216
1,[],22,[],2019-02-04 02:47:26,244740.52442015868,0.00000233,0.000000000080662037,6576884,2019-02-04 02:47:26,BTC,12677.92169828,0.0,0.00000233,BTC,489930.71921883733,0.0114531,0.30994646,217
1,[],7,[],2019-02-04 02:47:28,0.0,0,0,6576885,2019-02-04 02:47:28,btc,77970.02600413912,0.0,0,btc,134531561.1214003,0.0,0.0,219
0,[],27,[],2019-02-04 02:47:30,0.0,0,0,6576886,2019-02-04 02:47:30,,0.0741038339680918,0.0,0,btc,1542429.2070951,0.0,0.0,219
0.0000000000000056,[],28,[],2019-02-04 02:47:32,205085365.436,6.244000000000001e-18,2.161604116e-22,6576887,2019-02-04 02:47:32,doge,88554.0318717675,14212.0,0.00111500,"btc,doge",4969437.84751,0.0,3.063770626176434e-11,219
1,[],22,[],2019-02-04 02:47:35,206701.0754716981,0.00000053,0.000000000018348017,6576888,2019-02-04 02:47:35,BTC,3.00140129,0.0,0.00000053,BTC,35272.55212317522,0.0,0.02224742,221
1,[],24,[],2019-02-04 02:47:35,0.0,0.000000500000,0.00000000001730945,6576889,2019-02-04 02:47:35,btc,0.0,0.0,0.000000500000,btc,0.0,0.0,0.0,221
1,[],20,[],2019-02-04 02:47:38,9504477.8917,0.000000005,0.0000000000001730945,6576890,2019-02-04 02:47:38,btc,5.5495719325305,358880.6547,0.000000005,btc,6729572.4059,0.002544457006,0.0151528534543,224
0,[],22,[],2019-02-04 02:47:40,0.0,0,0,6576891,2019-02-04 02:47:40,,0.0,0.0,0,,0.0,0.0,0.0,224
1,[],26,[],2019-02-04 02:41:54,0.0,0.00000022,0.00000000000761508,6576723,2019-02-04 02:41:54,btc,0.0,20.0,0.00000022,btc,0.0,0.0,0.0,231
1,[],26,[],2019-02-04 02:41:55,0.0,0.00000004,0.0000000000013845600000000001,6576724,2019-02-04 02:41:55,btc,0.0,0.0,0.00000004,btc,0.0,0.0,0.0,234
0,[],27,[],2019-02-04 02:41:57,0.0,0,0,6576725,2019-02-04 02:41:57,,0.0113483662182,0.0,0,"btc,eth",11462.99618,0.0,0.0,234
0.0000000000974736,[],22,[],2019-02-04 02:42:00,4920000.0,9.74736e-19,3.3739511904e-23,6576726,2019-02-04 02:42:00,LTC,2.84381691,0.0,0.00000001,LTC,97369440.06349206,0.0,0.0492,235
1,[],4,[],2019-02-04 02:42:01,763957.01398063,0.00000065,0.0000000000224991,6576727,2019-02-04 02:42:01,btc,0.163968336819439,0.0,0.00000065,btc,143184.80577847,0.02935977,0.1686233838980328,236
1,[],24,[],2019-02-04 02:42:01,0.0,0.000000010000,0.00000000000034614000000000003,6576728,2019-02-04 02:42:01,btc,0.0,0.0,0.000000010000,btc,0.0,0.0,0.0,236
1,[],20,[],2019-02-04 02:42:03,12828053.1072,0.000000062,0.000000000002146068,6576729,2019-02-04 02:42:03,btc,16.2535042291939,13496220.2336,0.000000062,btc,26072698.3385,0.8583107884454,0.3798274792383,237
1,[],22,[],2019-02-04 02:42:06,10000.0,0.00000001,0.00000000000034614000000000003,6576730,2019-02-04 02:42:06,BTC,0.04083605,0.0,0.00000001,BTC,4179.0,0.0,0.0001,237
1,[],4,[],2019-02-04 02:42:07,4439895.67478788,0.00000035,0.0000000000121149,6576731,2019-02-04 02:42:07,btc,0.8001553788112967,0.0,0.00000035,btc,1922498.73194088,1.49402513,1.4054222805290617,238
1,[],5,[],2019-02-04 02:42:08,4.29e-06,0.00000033,0.000000000011422620000000001,6576732,2019-02-04 02:42:08,btc,0.79641182,0.08919393,0.00000033,btc,3.008e-05,0.0,0.2663185,238
1,[],22,[],2019-02-04 02:42:11,199988.0,0.00000003,0.0000000000010384200000000001,6576733,2019-02-04 02:42:11,BTC,15.41443542,0.0,0.00000003,BTC,308208.7139027493,0.00199057,0.00599964,249
0.0000000000974736,[],22,[],2019-02-04 02:42:15,1327637.0,3.898944e-18,1.34958047616e-22,6576734,2019-02-04 02:42:15,LTC,0.69591719,0.0,0.00000004,LTC,14505870.99,0.0,0.03899801,252
1,[],28,[],2019-02-04 02:42:20,2425504.525,0.0000001,0.0000000000034614,6576735,2019-02-04 02:42:20,btc,164692.26139700625,143158.6,0.0000001,btc,592092.3995,0.0,0.08899729622,256
1,[],22,[],2019-02-04 02:42:23,102436.0,0.00000006,0.0000000000020768400000000003,6576736,2019-02-04 02:42:23,BTC,35605.55895719,0.0,0.00000006,BTC,505765.34188300685,0.0006498,0.00218642,258
1,[],22,[],2019-01-26 20:58:41,368451.0,0.00000001,0.000000000000356135,6510120,2019-01-26 20:58:41,BTC,2.642917,0.0,0.00000001,"BTC,LTC",1862.0,0.0,0.02488451,259
1,[],22,[],2019-02-04 02:42:27,5834.094285714285,0.00000700,0.000000000242298,6576737,2019-02-04 02:42:27,BTC,4.70952382,0.0,0.00000700,BTC,8435.00951078709,0.01502586,5.9e-05,262
1,[],5,[],2019-02-04 02:42:28,7.266e-05,0.00000292,0.00000000010107288,6576738,2019-02-04 02:42:28,btc,1.50423735,0.36385385,0.00000292,btc,0.0013314,0.0,0.22617604,264
1,[],20,[],2019-02-04 02:42:29,1165505.3312,0.00000256,0.00000000008861184000000001,6576739,2019-02-04 02:42:29,btc,5.0083184347931,6776.456,0.00000256,btc,96400.943,0.028989624349,0.0197976342044,264
1,[],22,[],2019-02-04 02:42:33,135017.0,0.00000002,0.0000000000006922800000000001,6576740,2019-02-04 02:42:33,BTC,8.61565716,0.0,0.00000002,BTC,338294.0960910512,8.4e-05,0.00220271,271
0,[],22,[],2019-02-04 02:42:35,0.0,0,0,6576741,2019-02-04 02:42:35,,368.98163014,0.0,0,,14553457703.9,0.0,0.0,272
0.0000000000000056,[],28,[],2019-02-04 02:42:39,233574367416.815,9.016e-21,3.1207982400000003e-25,6576742,2019-02-04 02:42:39,doge,299227756.07270664,19541615970.6139,0.00000161,doge,165355400170.45508,0.0,8.287793457251726e-10,272
0,[],22,[],2019-02-04 02:42:42,0.0,0,0,6576743,2019-02-04 02:42:42,,0.0,0.0,0,,0.0,0.0,0.0,281
