pairValue,buyBook,exchangeId,sellBook,updated,buyTotal,satoshiPrice,usdPrice,exchangeLogId,created,bestPair,sellTotalBtc,volume,pairPrice,activePairs,sellTotal,volumeBtc,buyTotalBtc,coinId
1,[],3,[],2019-03-18 09:38:22,31033.835103769397,0.01294431000000000053784532383360783569514751434326171875,0.000000511161740883,6963348,2019-03-18 09:38:22,btc,60.13945568211433,0.060822884419,0.01294431000000000053784532383360783569514751434326171875,btc,24.024343121684,0.0,0.2326194205676267,1
1,[],4,[],2019-03-18 09:38:23,207753.04446189,0.01290229,0.0000005095024004969999,6963349,2019-03-18 09:38:23,btc,13.199964165269636,0.0,0.01290229,btc,234.96230042,0.69397461,1.1507113455598614,1
1,[],5,[],2019-03-18 09:38:25,0.0,0,0,6963350,2019-03-18 09:38:25,btc,0.0,0.12394602,0,btc,0.0,0.0,0.0,1
1,[],10,[],2019-03-18 09:38:27,413708.91540033,0.0110783,0.00000043747431218999996,6963351,2019-03-18 09:38:27,btc,6523.143758477999,1728.05038137,0.0110783,btc,999.82392678,0.0,4.534489165071981,1
1,[],12,[],2019-03-18 09:38:29,49.05097264,0.0129599999999999992983390484369010664522647857666015625,0.0000005117813279999999,6963352,2019-03-18 09:38:29,btc,0.1447116703264,0.0,0.0129599999999999992983390484369010664522647857666015625,btc,10.63758191,0.1437277023194,0.3430455570221,1
1,[],20,[],2019-03-18 09:38:31,1152.6072,0.01070001,0.000000422535904893,6963353,2019-03-18 09:38:31,btc,0.0533371999966,0.1455,0.01070001,btc,2.311,0.0018713069031,0.0974085903251,1
1,[],21,[],2019-03-18 09:38:32,1946.34454561,0.01296968000000000079130479946,0.000000512163584424,6963354,2019-03-18 09:38:32,btc,63.25960762985487,9992.25311209,0.0129696800000000007913047994634325732477009296417236328125,"btc,eth",5715.70590097,127.1999015309484,21.15005627709648,1
0,[],22,[],2019-03-18 09:39:21,0.0,0,0,6963355,2019-03-18 09:39:21,,0.0,0.0,0,,0.0,0.0,0.0,1
1,[],24,[],2019-03-18 09:39:21,0.0,0.000000000000,0,6963356,2019-03-18 09:39:21,btc,0.0,0.0,0.000000000000,btc,0.0,0.0,0.0,1
0.0,[],25,[],2019-03-18 09:39:22,0.0,0,0,6963357,2019-03-18 09:39:22,btc,37.291199998330896,102.59093067,0.0,btc,2809.71312799,1.3682,0.0,1
1,[],26,[],2019-03-18 09:39:23,0.0,0,0,6963358,2019-03-18 09:39:23,,0.0,0.0,0,,0.0,0.0,0.0,1
0,[],28,[],2019-03-18 09:41:14,0.0,0,0,6963359,2019-03-18 09:41:14,,0.0,0.0,0,,0.0,0.0,0.0,1
0,[],2,[],2019-01-20 23:28:45,0.0,0,0,6477011,2019-01-20 23:28:45,,0.0,0.0,0,,0.0,0.0,0.0,1
1,[],5,[],2019-03-18 09:41:15,0.0,0,0,6963360,2019-03-18 09:41:15,btc,0.0,0.02095352,0,btc,0.0,0.0,0.0,2
0,[],22,[],2019-03-18 09:42:04,0.0,0,0,6963361,2019-03-18 09:42:04,,0.0,0.0,0,,0.0,0.0,0.0,2
1,[],5,[],2019-03-18 09:42:06,0.0,0,0,6963362,2019-03-18 09:42:06,btc,0.0,0.03291956,0,btc,0.0,0.0,0.0,3
1,[],12,[],2019-03-18 09:42:06,2814336.56277776,0.000000193,0.0000000000076214349,6963363,2019-03-18 09:42:06,btc,23454.546085057173,0.0,0.000000193,btc,1363849.95176004,0.02887805191341058,0.4062447565049968,3
0,[],28,[],2019-03-18 09:46:07,0.0,0,0,6963364,2019-03-18 09:46:07,,0.0,0.0,0,,0.0,0.0,0.0,3
0,[],2,[],2019-01-20 23:31:32,0.0,0,0,6477077,2019-01-20 23:31:32,,0.0,0.0,0,,0.0,0.0,0.0,4
1,[],4,[],2019-03-18 09:46:08,359109.45231857,0.00000031,0.000000000012241683,6963365,2019-03-18 09:46:08,btc,32.08725129329981,0.0,0.00000031,btc,725153.97080371,0.00095848,0.0366290843399955,4
1,[],12,[],2019-03-18 09:46:10,392575.0,0.00000002,0.000000000000789786,6963366,2019-03-18 09:46:10,btc,1111853.28843344,0.0,0.00000002,btc,786424.33266733,0.0,0.00431124,5
0,[],2,[],2019-01-20 23:31:51,0.0,0,0,6477087,2019-01-20 23:31:51,,0.0,0.0,0,,0.0,0.0,0.0,6
1,[],11,[],2019-03-18 09:46:12,3935711.8988200002,0.00000002,0.000000000000789786,6963367,2019-03-18 09:46:12,btc,9574.30034761844,10000.0,0.00000002,btc,43081567.92614274,0.0,0.0449565813342,6
1,[],3,[],2019-03-18 09:46:12,1104.681999615087,0.00016001000000000000791054721727135756736970506608486175537109375,0.000000006318682893,6963368,2019-03-18 09:46:12,btc,29.634654231634162,0.0,0.00016001000000000000791054721727135756736970506608486175537109375,btc,241.020514578101,0.0,0.037154957817789276,7
1,[],4,[],2019-03-18 09:46:14,94166.6119681,0.00022136,0.000000008741351448,6963369,2019-03-18 09:46:14,btc,11.979757358606962,0.0,0.00022136,btc,43924.82133503,3.95362391,8.40201316195299,7
1,[],5,[],2019-03-18 09:46:15,0.0,0,0,6963370,2019-03-18 09:46:15,btc,0.0,1.46450049,0,btc,0.0,0.0,0.0,7
1,[],20,[],2019-02-20 02:16:17,39399275.8418,0.000000001,0.0000000000000390183,6728586,2019-02-20 02:16:17,btc,116.9737569154545,525.0,0.000000001,btc,56932965.8895,5.25e-07,0.0393992758418,8
0,[],2,[],2019-01-20 23:22:42,0.0,0,0,6476876,2019-01-20 23:22:42,,0.0,0.0,0,,0.0,0.0,0.0,9
0,[],23,[],2019-01-20 23:22:48,0.0,0,0,6476878,2019-01-20 23:22:48,,0.0,0.0,0,,0.0,0.0,0.0,9
1,[],4,[],2019-03-18 09:46:18,1779822.7300756,0.00000158,0.00000000006239309399999999,6963371,2019-03-18 09:46:18,btc,7.0219506941261285,0.0,0.00000158,btc,3139125.93436677,2.36468176,1.211110018072445,9
0,[],28,[],2019-03-18 09:46:20,0.0,0,0,6963372,2019-03-18 09:46:20,,0.0,0.0,0,,0.0,0.0,0.0,9
1,[],1,[],2019-02-17 23:31:42,1822507.21,0.00000181000000000000003456111265232042484285557293333113193511962890625,0.000000000066086901,6701244,2019-02-17 23:31:42,btc,3.6990969245,17153386.5,0.00000181000000000000003456111265232042484285557293333113193511962890625,btc,1997391.71,31.11772986,3.2610482446,9
1,[],4,[],2019-02-17 11:22:43,4341674.27126056,0.00000002,0.0000000000007272960000000001,6696112,2019-02-17 11:22:43,btc,0.1997230937751353,0.0,0.00000002,btc,4109766.79808031,0.00215132,0.0479381022052112,10
0,[],2,[],2019-01-20 23:23:08,0.0,0,0,6476890,2019-01-20 23:23:08,,0.0,0.0,0,,0.0,0.0,0.0,12
1,[],4,[],2019-03-18 09:46:21,5669941.43239645,0.00000184,0.000000000072660312,6963373,2019-03-18 09:46:21,btc,13.689327421806771,0.0,0.00000184,btc,5267828.30932453,2.6572135,6.802415448548505,12
1,[],5,[],2019-03-18 09:46:23,0.0,0,0,6963374,2019-03-18 09:46:23,btc,0.0,0.04827383,0,btc,0.0,0.0,0.0,12
0.0,[],25,[],2019-03-18 09:46:24,0.0,0,0,6963375,2019-03-18 09:46:24,,0.0,0.0,0.0,btc,0.0,0.0,0.0,12
1,[],10,[],2019-03-18 05:27:14,458419.82510457,0.00001058,0.00000000042294396400000003,6962590,2019-03-18 05:27:14,btc,666776.7437905276,25538.9835613,0.00001058,btc,663942.75189362,0.0,0.465388817810915,13
1,[],4,[],2019-03-18 09:46:25,32912788.29516207,0.00001105,0.000000000436356765,6963376,2019-03-18 09:46:25,btc,3.7072883023324463,0.0,0.00001105,btc,274097.40425182,2.99171307,1.3033186771079626,13
1,[],21,[],2019-03-18 09:46:29,1522954.9826792001,0.00001110000000000000045061610693,0.00000000043833123,6963377,2019-03-18 09:46:29,btc,16.300094565728866,6710274.7621815,0.000011100000000000000450616106928425352862177533097565174102783203125,btc,1286399.20823786,77.28170682,15.138253880149787,13
1,[],4,[],2019-03-18 09:46:30,1095428.04101225,0.00000084,0.000000000033171011999999996,6963378,2019-03-18 09:46:30,btc,5.373717366305851,0.0,0.00000084,btc,985610.60342998,0.02655616,0.1818192756944384,14
1,[],12,[],2019-03-18 09:46:31,303585.0,0.000001,0.0000000000394893,6963379,2019-03-18 09:46:31,btc,0.0560828882585684,0.0,0.000001,btc,13816.8948088,0.0,0.03215312,14
0,[],17,[],2019-03-18 09:46:43,0.0,0,0,6963380,2019-03-18 09:46:43,btc,0.0,0.0,0,btc,0.0,0.0,0.0,14
1,[],26,[],2019-03-18 09:46:43,0.0,0.00000050,0.00000000001974465,6963381,2019-03-18 09:46:43,btc,0.0,0.0,0.00000050,btc,0.0,0.0,0.0,14
,[],12,[],2018-12-01 15:15:48,204241.84496,0.00000489,0.000000000202473384,5260204,2018-12-01 15:15:48,btc,49.5475654835,0.0,,btc,35763.2193806,0.0163153972027625,0.0203389899998,15
0,[],4,[],2019-03-18 09:46:45,0.0,0,0,6963382,2019-03-18 09:46:45,,0.0,0.0,0,,0.0,0.0,0.0,15
0,[],2,[],2019-01-20 23:23:38,0.0,0,0,6476906,2019-01-20 23:23:38,,0.0,0.0,0,,0.0,0.0,0.0,18
0,[],17,[],2019-03-18 06:33:39,0.0,0,0,6962797,2019-03-18 06:33:39,btc,0.0,0.0,0,btc,0.0,0.0,0.0,18
1,[],4,[],2019-03-18 09:46:46,74993.17627665,0.00001496,0.0000000005907599279999999,6963383,2019-03-18 09:46:46,btc,3.7842911733059794,0.0,0.00001496,btc,18842.5385582,0.03371878,0.0608303591059035,18
1,[],10,[],2019-03-18 09:46:48,783242.06048617,0.00001485,0.0000000005864161049999999,6963384,2019-03-18 09:46:48,btc,15.398884210286118,2973.46473033,0.00001485,btc,12987.26755923,0.0,0.122958167210386,18
1,[],12,[],2019-03-18 09:46:49,338661.63777519,0.00001552999999999999869372720173732460580140468664467334747314453125,0.0000000006132688289999999,6963385,2019-03-18 09:46:49,btc,33214.72764301691,0.0,0.00001552999999999999869372720173732460580140468664467334747314453125,btc,801.90602614,0.0035443992721387,0.0647744157499328,18
0,[],2,[],2019-01-20 23:24:19,0.0,0,0,6476924,2019-01-20 23:24:19,,0.0,0.0,0,,0.0,0.0,0.0,19
1,[],3,[],2019-03-18 09:47:01,119684.49007490826,0.00001881000000000000117110314501456258540201815776526927947998046875,0.0000000007427937330000001,6963386,2019-03-18 09:47:01,btc,0.6919407325489582,0.0,0.00001881000000000000117110314501456258540201815776526927947998046875,btc,15054.205445313173,0.0,0.04451421609871577,19
1,[],4,[],2019-03-18 09:47:02,220787.99400807,0.00001951,0.000000000770436243,6963387,2019-03-18 09:47:02,btc,2.2253251237268454,0.0,0.00001951,btc,77952.27029663,0.3218963,2.300536139213871,19
1,[],5,[],2019-03-18 09:47:03,0.0,0,0,6963388,2019-03-18 09:47:03,btc,0.0,2.21e-06,0,btc,0.0,0.0,0.0,19
1,[],12,[],2019-03-18 09:47:04,193499.54581819,0.0000187400000000000001472433286409113861736841499805450439453125,0.000000000740029482,6963389,2019-03-18 09:47:04,btc,0.1518210076677109,0.0,0.0000187400000000000001472433286409113861736841499805450439453125,btc,638.96647568,0.0042402645663027,0.0497012799982329,19
0,[],27,[],2019-03-18 09:47:06,0.0,0,0,6963390,2019-03-18 09:47:06,,0.0,0.0,0,btc,0.0,0.0,0.0,19
1,[],4,[],2019-03-18 09:47:07,2832269.9335836,0.00000013,0.000000000005133609,6963391,2019-03-18 09:47:07,btc,7.3815737746397,0.0,0.00000013,btc,2871716.96906976,0.0,0.0850072404891473,20
1,[],4,[],2019-03-18 09:47:08,93485962.14946245,0.00000002,0.000000000000789786,6963392,2019-03-18 09:47:08,btc,39417.23870714514,0.0,0.00000002,btc,54940465.44673696,0.06675354,0.9981242958898894,21
1,[],12,[],2019-03-18 09:47:09,2175593.0,0.00000001,0.000000000000394893,6963393,2019-03-18 09:47:09,btc,2870.5374195801896,0.0,0.00000001,btc,2922667.50949051,1.37087912088e-05,0.02175593,21
0,[],17,[],2019-03-18 09:47:11,0.0,0,0,6963394,2019-03-18 09:47:11,btc,0.0,0.0,0,btc,0.0,0.0,0.0,21
1,[],12,[],2019-03-18 09:47:12,3171711824.0,0.0000000001,0.00000000000000394893,6963395,2019-03-18 09:47:12,btc,1951142.8847466195,0.0,0.0000000001,btc,1677891321.0423467,0.06789866262427573,0.31717118240000003,23
0,[],27,[],2019-03-18 09:47:14,0.0,0,0,6963396,2019-03-18 09:47:14,,13.972018501006241,0.0,0,eth,6275713.95973186,0.0,0.0,23
1,[],4,[],2019-03-18 09:47:15,674935.89244665,0.00000045,0.000000000017770185,6963397,2019-03-18 09:47:15,btc,9.901049573660032,0.0,0.00000045,btc,1612508.78464652,0.00459705,0.1704118930267956,24
0,[],22,[],2019-03-18 09:48:05,0.0,0,0,6963398,2019-03-18 09:48:05,,0.0,0.0,0,,0.0,0.0,0.0,24
0.0,[],25,[],2019-03-18 09:48:06,0.0,0,0,6963399,2019-03-18 09:48:06,,0.0,0.0,0.0,btc,0.0,0.0,0.0,24
0,[],2,[],2019-01-20 23:25:56,0.0,0,0,6476976,2019-01-20 23:25:56,,0.0,0.0,0,,0.0,0.0,0.0,26
1,[],4,[],2019-03-18 09:48:07,28219024.03132507,0.00000660,0.00000000026062938,6963400,2019-03-18 09:48:07,btc,140.29410487063637,0.0,0.00000660,btc,250887.00584457,0.26319431,0.6822929050116182,26
1,[],10,[],2019-03-18 09:48:09,602925.23251558,0.00000543,0.00000000021442689899999998,6963401,2019-03-18 09:48:09,btc,25.233548091698545,2395.15899004,0.00000543,btc,14324.4645187,0.0,0.1443916358988472,26
1,[],3,[],2019-03-18 09:48:09,10188166.54084747,0.00000001,0.000000000000394893,6963402,2019-03-18 09:48:09,btc,2.0565801810436755,185.0,0.00000001,btc,15720086.39008366,0.0,0.1018816654084747,27
1,[],5,[],2019-03-18 09:48:11,0.0,0,0,6963403,2019-03-18 09:48:11,btc,0.0,0.00032839,0,btc,0.0,0.0,0.0,27
1,[],11,[],2019-03-18 09:48:13,8493678.24590115,0.00000006,0.0000000000023693579999999996,6963404,2019-03-18 09:48:13,btc,67506.1992155516,5956.66666667,0.00000006,btc,7966196.08369704,0.0,0.4691399049180229,27
1,[],4,[],2019-03-18 09:48:14,2171259899.01767,0.00000001,0.000000000000394893,6963405,2019-03-18 09:48:14,btc,3.312860751526628,0.0,0.00000001,"btc,ltc",280830212.09895474,0.14543326,9.921648733176013,29
1,[],7,[],2019-03-18 09:48:16,35613182.13418711,0.00000001,0.000000000000394893,6963406,2019-03-18 09:48:16,btc,44461604.29079431,1330.0,0.00000001,btc,52325034.42656505,0.0,0.3561318213418711,29
0,[],17,[],2019-03-18 05:29:07,0.0,0,0,6962621,2019-03-18 05:29:07,btc,0.0,0.0,0,btc,0.0,0.0,0.0,30
1,[],4,[],2019-03-18 09:48:17,4114860.1772176,0.00000017,0.000000000006713181,6963407,2019-03-18 09:48:17,btc,2.803038224394497,0.0,0.00000017,btc,2303226.38670629,0.00121381,0.1145741703974415,30
1,[],4,[],2019-03-18 09:48:29,188404.09949318,0.00005841,0.000000002306570013,6963408,2019-03-18 09:48:29,btc,6.539747920493255,0.0,0.00005841,btc,67310.44154556,1.08533204,2.352809468457243,31
1,[],21,[],2019-03-18 09:48:30,71197.38297592,0.00005921999999999999882366666371,0.0000000023385563459999997,6963409,2019-03-18 09:48:30,btc,5.727832837702872,479351.27377777,0.0000592199999999999988236666637053673412083298899233341217041015625,btc,84340.77601493,29.78349921,3.8953477454328618,31
0,[],2,[],2019-01-20 23:28:43,0.0,0,0,6477009,2019-01-20 23:28:43,,0.0,0.0,0,,0.0,0.0,0.0,32
1,[],4,[],2019-03-18 09:48:31,400056811.9800827,0.00000004,0.000000000001579572,6963410,2019-03-18 09:48:31,btc,8.85220659092171,0.0,0.00000004,"btc,ltc",183703405.87199408,0.4682216,8.564483077315106,33
1,[],12,[],2019-03-18 09:48:32,29687428.658999998,0.00000004,0.000000000001579572,6963411,2019-03-18 09:48:32,btc,4127597.5737298504,0.0,0.00000004,btc,23336723.69443056,0.1468336604033469,0.72160512672,33
1,[],4,[],2019-03-18 09:48:33,90415684.88817006,0.00000001,0.000000000000394893,6963412,2019-03-18 09:48:33,btc,3.2742824730105347,0.0,0.00000001,btc,103283899.16533832,0.00022,0.9041568488817007,34
1,[],5,[],2019-03-18 09:48:35,0.0,0,0,6963413,2019-03-18 09:48:35,btc,0.0,0.07295096,0,btc,0.0,0.0,0.0,34
0.0000000001488237,[],4,[],2019-03-18 09:48:36,5090352890.492448,1.4882370000000001e-18,5.87694373641e-23,6963414,2019-03-18 09:48:36,ltc,4.971147110259617e-08,0.0,0.00000001,ltc,6357364527.702046,0.0,7.57565151468781e-09,36
1,[],5,[],2019-03-18 09:48:38,0.0,0,0,6963415,2019-03-18 09:48:38,btc,0.0,0.0,0,btc,0.0,0.0,0.0,36
0,[],17,[],2019-03-18 09:48:50,0.0,0,0,6963416,2019-03-18 09:48:50,btc,0.0746458232965017,0.0,0,btc,4103573.70243647,0.0,0.0,36
0.00000000034617179999999996,[],27,[],2019-03-18 09:48:52,992184.46325,3.461718e-18,1.367008206174e-22,6963417,2019-03-18 09:48:52,eth,223.80326422180784,5815.7,0.00000001,"ltc,eth",12159580.61058689,8.655586392000001e-15,1.4766059512045636e-12,36
1,[],17,[],2019-03-18 05:29:23,1752.74075282,0.00000025,0.00000000000999395,6962634,2019-03-18 05:29:23,btc,0.055484923989100494,0.0,0.00000025,btc,1387.19918473,0.0,0.00043818518820499993,37
1,[],4,[],2019-03-18 09:48:53,187338.0008323,0.00000059,0.000000000023298687,6963418,2019-03-18 09:48:53,btc,19772.471577847886,0.0,0.00000059,btc,590096.20471469,0.05904454,0.0706104724745277,37
1,[],12,[],2019-03-18 09:48:54,692824.26788354,0.00000059,0.000000000023298686999999998,6963419,2019-03-18 09:48:54,btc,21.621069632189137,0.0,0.00000059,btc,365444.88763842,0.031278942629745,0.2437749556041412,37
1,[],27,[],2019-03-18 09:49:06,14685.567,0.00000045,0.000000000017770185,6963420,2019-03-18 09:49:06,btc,24.25536383611233,0.0,0.00000045,btc,6518.38138508,0.0,0.00480032515,37
1,[],5,[],2019-03-18 09:49:08,0.0,0,0,6963421,2019-03-18 09:49:08,btc,0.0,0.10673725,0,btc,0.0,0.0,0.0,42
1,[],12,[],2019-03-18 09:49:09,254475.56591864,0.00000092,0.000000000036330156,6963422,2019-03-18 09:49:09,btc,5.579440215167736,0.0,0.00000092,btc,29136.54757757,0.0187871834682125,0.019885739999994198,42
0.00000000034617179999999996,[],27,[],2019-03-18 09:49:11,22000.0,4.1540616e-17,1.6404098474087999e-21,6963423,2019-03-18 09:49:11,eth,0.00315028,0.0,0.00000012,"btc,eth",11.007,0.0,8.37735756e-13,42
1,[],12,[],2019-03-13 09:13:29,1112112.0,0.00000001,0.000000000000386531,6919902,2019-03-13 09:13:29,btc,29058.00478931866,0.0,0.00000001,btc,5967681.93306694,9.99000999e-07,0.01112112,43
1,[],5,[],2019-03-18 09:49:12,0.0,0,0,6963424,2019-03-18 09:49:12,btc,0.0,0.01813389,0,btc,0.0,0.0,0.0,43
0,[],17,[],2019-03-18 09:49:23,0.0,0,0,6963425,2019-03-18 09:49:23,btc,0.0,0.0,0,btc,0.0,0.0,0.0,43
1,[],12,[],2019-03-05 01:54:08,639326.02,0.00000004,0.000000000001486676,6845775,2019-03-05 01:54:08,btc,11116042.728239931,0.0,0.00000004,btc,1103841.4595604,0.0003330765234764,0.014975410599999999,44
1,[],4,[],2019-03-18 09:49:24,298151345.2748583,0.00000002,0.000000000000789786,6963426,2019-03-18 09:49:24,btc,497.81290294238005,0.0,0.00000002,"btc,ltc",16751314.84219975,0.00572631,0.2839204469030381,49
0.0000000001488237,[],4,[],2019-03-18 09:49:25,515738587.8666691,1.4882370000000001e-18,5.87694373641e-23,6963427,2019-03-18 09:49:25,ltc,25.901654672533784,0.0,0.00000001,ltc,8614125116.009727,0.0,7.675412487909281e-10,52
0,[],22,[],2019-03-18 09:50:14,0.0,0,0,6963428,2019-03-18 09:50:14,,0.0,0.0,0,,0.0,0.0,0.0,57
0.00000000034617179999999996,[],27,[],2019-03-18 09:50:17,2000.0,3.461718e-18,1.367008206174e-22,6963429,2019-03-18 09:50:17,eth,0.0,0.0,0.00000001,"btc,eth",0.0,0.0,6.9234359999999995e-15,57
0,[],17,[],2019-03-18 08:49:56,0.0,0,0,6963233,2019-03-18 08:49:56,btc,1e+24,0.0,0,btc,49306342.21952568,0.0,0.0,58
0.0000000001488237,[],4,[],2019-03-18 09:50:19,789601002.751,2.9764740000000003e-18,1.175388747282e-22,6963430,2019-03-18 09:50:19,ltc,18.657617501913922,0.0,0.00000002,ltc,4686446040.785704,0.0,1.7870076678063153e-09,58
1,[],12,[],2019-03-18 09:50:20,1431237277.0,0.0000000003,0.00000000000001184679,6963431,2019-03-18 09:50:20,btc,4265307.5279431455,0.0,0.0000000003,btc,1605470519.070929,0.00241065440309691,0.3676952772,58
0,[],22,[],2019-03-18 09:51:19,0.0,0,0,6963432,2019-03-18 09:51:19,,0.0,0.0,0,,0.0,0.0,0.0,58
1,[],5,[],2019-03-18 09:51:21,0.0,0,0,6963433,2019-03-18 09:51:21,btc,0.0,0.00438534,0,btc,0.0,0.0,0.0,61
0,[],22,[],2019-03-18 09:52:10,0.0,0,0,6963434,2019-03-18 09:52:10,,0.0,0.0,0,,0.0,0.0,0.0,61
1,[],26,[],2019-03-18 09:52:10,0.0,0.00000800,0.0000000003159144,6963435,2019-03-18 09:52:10,btc,0.0,0.0,0.00000800,btc,0.0,0.0,0.0,61
1,[],27,[],2019-03-18 09:52:13,2138.56798,0.00000047,0.000000000018559971,6963436,2019-03-18 09:52:13,btc,2.8850305703141323,0.0,0.00000047,"btc,eth",19862.59257617,0.0,0.00019833999351171443,61
1,[],28,[],2019-03-18 09:53:32,13880.304,0.0000005,0.00000000001974465,6963437,2019-03-18 09:53:32,btc,2.056312978300105,151.0,0.0000005,btc,9730.59500005,0.0,0.00566391304,61
1,[],4,[],2019-03-18 09:53:34,1396137.3191317,0.00000251,0.000000000099118143,6963438,2019-03-18 09:53:34,btc,9.69172124148303,0.0,0.00000251,btc,801369.12573025,0.20349286,1.2832139321277871,67
0.0,[],25,[],2019-03-18 09:53:35,0.0,0,0,6963439,2019-03-18 09:53:35,,0.0,0.0,0.0,btc,0.0,0.0,0.0,67
1,[],12,[],2019-03-18 09:53:37,835105.13312695,0.00000015,0.000000000005923395,6963440,2019-03-18 09:53:37,btc,1111615.21090403,0.0,0.00000015,btc,924878.46103,0.0012303417582424,0.0656911041918152,71
,[],5,[],2018-11-20 23:02:39,1.5e-07,0.00000005,0.000000000002128045,4862160,2018-11-20 23:02:39,btc,2.84511358,0.0,,btc,0.00036572,0.0,0.07381892,74
1,[],5,[],2019-03-18 09:53:39,0.0,0,0,6963441,2019-03-18 09:53:39,btc,0.0,0.0,0,btc,0.0,0.0,0.0,75
0,[],20,[],2019-01-25 09:30:31,0.0,0,0,6495923,2019-01-25 09:30:31,btc,0.0,0.0,0,btc,0.0,0.0,0.0,81
1,[],4,[],2019-03-18 09:53:40,13382103.94481309,0.00000001,0.000000000000394893,6963442,2019-03-18 09:53:40,btc,11370.01956508711,0.0,0.00000001,btc,39949505.59932191,0.0,0.1338210394481309,81
1,[],4,[],2019-03-18 09:53:42,23620.21425011,0.00008067,0.000000003185601831,6963443,2019-03-18 09:53:42,btc,17.913229688366357,0.0,0.00008067,btc,12079.2877079,0.0311718,0.080594795206783,82
1,[],21,[],2019-03-18 09:53:43,911056.40214876,0.00007527999999999999752517410023,0.0000000029727545039999996,6963444,2019-03-18 09:53:43,btc,2.740428812449383,11997.49504935,0.0000752799999999999975251741002324479268281720578670501708984375,btc,30599.73760694,0.92233993,3.0934634741895137,82
0,[],17,[],2019-03-18 09:53:55,0.0,0,0,6963445,2019-03-18 09:53:55,btc,0.0447233088476774,0.0,0,btc,999127.19588126,0.0,0.0,84
0.0000000001488237,[],4,[],2019-03-18 09:53:56,149291050.4678183,4.464711000000001e-18,1.763083120923e-22,6963446,2019-03-18 09:53:56,ltc,1.6750569785892722,0.0,0.00000003,ltc,390909604.6929961,0.00123456,3.235020585511196e-10,85
,[],22,[],2018-11-20 23:09:34,3408.1,0.0000001,0.0000000000041895,4862324,2018-11-20 23:09:34,BTC,0.04624735,0.0,,BTC,4990.0,0.0,0.00033081,86
0,[],22,[],2019-03-18 09:54:45,0.0,0,0,6963447,2019-03-18 09:54:45,,0.0,0.0,0,,0.0,0.0,0.0,87
1,[],27,[],2019-03-18 09:54:47,50.0,0.00000001,0.000000000000394893,6963448,2019-03-18 09:54:47,btc,5.0620453089352,0.0,0.00000001,btc,27725.9038596,0.0,5e-07,87
,[],2,[],2018-11-20 23:10:47,0.0,0,0,4862359,2018-11-20 23:10:47,,0.0,0.0,,,0.0,0.0,0.0,88
1,[],11,[],2019-03-18 09:54:49,109273.96641844,0.00015020999999999998654291732957943850124138407409191131591796875,0.000000005931687752999999,6963449,2019-03-18 09:54:49,btc,612.0837529844963,1496.01115503,0.00015020999999999998654291732957943850124138407409191131591796875,btc,101206.15651481,0.0,8.709115874312575,89
0,[],2,[],2019-01-20 23:31:45,0.0,0,0,6477083,2019-01-20 23:31:45,,0.0,0.0,0,,0.0,0.0,0.0,91
1,[],12,[],2019-03-18 09:54:51,312802.97308098,0.00000093,0.000000000036725049,6963450,2019-03-18 09:54:51,btc,58.444390313413344,0.0,0.00000093,btc,89085.2630187,6.29644593424e-05,0.0314665912999829,91
0,[],17,[],2019-03-18 09:54:52,0.0,0,0,6963451,2019-03-18 09:54:52,btc,0.0,0.0,0,btc,0.0,0.0,0.0,91
0,[],22,[],2019-03-18 09:55:41,0.0,0,0,6963452,2019-03-18 09:55:41,,0.0,0.0,0,,0.0,0.0,0.0,91
0,[],22,[],2019-03-18 09:56:30,0.0,0,0,6963453,2019-03-18 09:56:30,,0.0,0.0,0,,0.0,0.0,0.0,95
0,[],17,[],2019-03-18 08:59:35,0.0,0,0,6963257,2019-03-18 08:59:35,btc,0.0,0.0,0,btc,0.0,0.0,0.0,96
0.0000000001488237,[],4,[],2019-03-18 09:56:32,540922801.2512879,7.441185000000001e-17,2.9384718682050003e-21,6963454,2019-03-18 09:56:32,ltc,11.88322916674627,0.0,0.0000005,ltc,134875865.11121503,0.0,1.1753472452996843e-09,96
0,[],12,[],2019-03-18 09:56:33,0.0,0,0,6963455,2019-03-18 09:56:33,btc,10.668965504735265,0.0,0,btc,3148038.47352644,0.0001875224775226,0.0,96
1,[],4,[],2019-03-18 09:56:45,4162979.65293425,0.00000055,0.000000000021719115,6963456,2019-03-18 09:56:45,btc,6.3193564888699045,0.0,0.00000055,btc,3160811.69050296,0.83587534,0.93230784762362,99
1,[],4,[],2019-03-18 09:56:46,290574.98322533,0.00003475,0.000000001372253175,6963457,2019-03-18 09:56:46,btc,10.710627613754314,0.0,0.00003475,btc,167697.60393133,0.75008056,1.3395667743666593,100
0,[],2,[],2019-01-20 23:23:55,0.0,0,0,6476914,2019-01-20 23:23:55,,0.0,0.0,0,,0.0,0.0,0.0,100
0,[],22,[],2019-03-18 09:57:35,0.0,0,0,6963458,2019-03-18 09:57:35,,0.0,0.0,0,,0.0,0.0,0.0,101
1,[],4,[],2019-03-18 09:57:37,365309.90330776,0.00000095,0.000000000037514835,6963459,2019-03-18 09:57:37,btc,292.588488043872,0.0,0.00000095,btc,555667.23919217,0.07982876,0.1975277525870928,103
1,[],12,[],2019-03-18 09:57:40,32770437.0,0.000000006,0.0000000000002369358,6963460,2019-03-18 09:57:40,btc,3219028.6604803847,0.0,0.000000006,btc,65328450.99241756,0.02868262301715383,0.04735802,105
0,[],27,[],2019-03-18 09:57:41,0.0,0,0,6963461,2019-03-18 09:57:41,,36.61213037936601,0.0,0,btc,1531551.60039724,0.0,0.0,105
0,[],22,[],2019-03-18 09:58:31,0.0,0,0,6963462,2019-03-18 09:58:31,,0.0,0.0,0,,0.0,0.0,0.0,107
1,[],26,[],2019-03-18 09:58:31,0.0,0.00000000,0,6963463,2019-03-18 09:58:31,btc,0.0,0.0,0.00000000,btc,0.0,0.0,0.0,107
1,[],5,[],2019-03-18 09:58:32,0.0,0,0,6963464,2019-03-18 09:58:32,btc,0.0,0.0011647,0,btc,0.0,0.0,0.0,112
0,[],22,[],2019-03-18 09:59:22,0.0,0,0,6963465,2019-03-18 09:59:22,,0.0,0.0,0,,0.0,0.0,0.0,112
0.00000000034617179999999996,[],27,[],2019-03-18 09:59:24,2000.0,3.461718e-18,1.367008206174e-22,6963466,2019-03-18 09:59:24,eth,1.24996908,0.0,0.00000001,"btc,eth",1289.0,0.0,6.9234359999999995e-15,112
1,[],4,[],2019-03-18 09:59:25,798394.8624993,0.00000205,0.000000000080953065,6963467,2019-03-18 09:59:25,btc,5.043217587209829,0.0,0.00000205,btc,411949.95901829,0.21230156,0.8129590868898865,113
1,[],5,[],2019-03-18 09:59:27,0.0,0,0,6963468,2019-03-18 09:59:27,btc,0.0,0.0,0,btc,0.0,0.0,0.0,113
0,[],27,[],2019-03-18 09:59:40,0.0,0,0,6963469,2019-03-18 09:59:40,,0.0,0.0,0,btc,0.0,0.0,0.0,116
1,[],17,[],2019-03-18 09:03:56,152738.278,0.00000004,0.0000000000015884520000000001,6963271,2019-03-18 09:03:56,btc,1.33680302678,0.0,0.00000004,btc,50696.221,0.0,0.0022095311199999998,116
1,[],4,[],2019-03-18 09:59:41,67220.51656195,0.00004700,0.0000000018559971,6963470,2019-03-18 09:59:41,btc,102.99158577810131,0.0,0.00004700,btc,45797.76878086,0.42283221,1.2846249807058814,120
1,[],7,[],2019-03-18 09:59:42,23277.09127572,0.00002799999999999999957998007837911558226551278494298458099365234375,0.0000000011057004,6963471,2019-03-18 09:59:42,btc,115651.27322872334,150.28774618,0.00002799999999999999957998007837911558226551278494298458099365234375,btc,27786.46884297,0.00701739,0.059043371618096294,120
1,[],20,[],2019-03-18 09:59:45,1562127.0982,0.000000034,0.0000000000013426362,6963472,2019-03-18 09:59:45,btc,32.3019190406648,9517.559,0.000000034,btc,1028084.0986,0.000323597006,0.0117960626506,125
0,[],22,[],2019-03-18 10:00:34,0.0,0,0,6963473,2019-03-18 10:00:34,,0.0,0.0,0,,0.0,0.0,0.0,126
1,[],4,[],2019-03-18 10:00:34,1304294.39192252,0.00001127,0.000000000445044411,6963474,2019-03-18 10:00:34,btc,3.095010324398487,0.0,0.00001127,btc,132160.66249679,0.10932933,0.4994520051007053,131
0,[],17,[],2019-03-18 10:00:36,0.0,0,0,6963475,2019-03-18 10:00:36,btc,0.0953976503951408,0.0,0,btc,5037.62507334,0.0,0.0,131
0,[],2,[],2019-01-20 23:25:46,0.0,0,0,6476969,2019-01-20 23:25:46,,0.0,0.0,0,,0.0,0.0,0.0,131
1,[],4,[],2019-03-18 10:00:37,4584.77935466,0.00025337,0.000000010005403941,6963476,2019-03-18 10:00:37,btc,0.5257822744450135,0.0,0.00025337,btc,193.40119446,0.01891779,0.0144899973367559,135
1,[],3,[],2019-03-07 00:20:44,877702.73244099,0.00000004,0.00000000000154846,6863392,2019-03-07 00:20:44,btc,0.119366241821405,0.0,0.00000004,btc,760637.99421222,0.0,0.023771231960604298,136
1,[],4,[],2019-03-18 10:00:38,164642.53774592,0.00000118,0.000000000046597374,6963477,2019-03-18 10:00:38,btc,38.76743973012158,0.0,0.00000118,btc,580279.83841202,0.05329658,0.1306499892396243,137
1,[],12,[],2019-03-18 10:00:40,169577.19808988,0.0000011400000000000000966436132510128942385563277639448642730712890625,0.000000000045017802,6963478,2019-03-18 10:00:40,btc,37.49954065018544,0.0,0.0000011400000000000000966436132510128942385563277639448642730712890625,btc,5296.32065971,0.0126443869231579,0.0108609399999152,137
1,[],4,[],2019-03-18 10:00:42,36331.59520855,0.00003600,0.0000000014216147999999999,6963479,2019-03-18 10:00:42,btc,28.73998373039718,0.0,0.00003600,btc,51165.34357838,0.35849773,0.3003525052787779,142
1,[],5,[],2019-03-18 10:00:44,0.0,0,0,6963480,2019-03-18 10:00:44,btc,0.0,0.08622973,0,btc,0.0,0.0,0.0,142
1,[],17,[],2019-03-18 10:00:45,22967.386363640002,0.00000088,0.000000000034750584000000004,6963481,2019-03-18 10:00:45,btc,20.06991335272258,0.0,0.00000088,btc,2746.079105,0.0,0.0104613000000032,142
1,[],20,[],2019-03-18 10:00:47,149099.5423,0.00003007,0.000000001187443251,6963482,2019-03-18 10:00:47,btc,0.3359273383772,3.6583,0.00003007,btc,2242.1971,0.000109931915,0.3131694941033,142
0,[],22,[],2019-03-18 10:01:36,0.0,0,0,6963483,2019-03-18 10:01:36,,0.0,0.0,0,,0.0,0.0,0.0,142
0.0,[],25,[],2019-03-18 10:01:37,0.0,0,0,6963484,2019-03-18 10:01:37,,0.0,0.0,0.0,btc,0.0,0.0,0.0,142
0,[],28,[],2019-03-18 09:08:14,0.0,0,0,6963287,2019-03-18 09:08:14,,0.0,0.0,0,,0.0,0.0,0.0,142
0,[],22,[],2019-03-18 09:09:03,0.0,0,0,6963288,2019-03-18 09:09:03,,0.0,0.0,0,,0.0,0.0,0.0,143
0,[],22,[],2019-02-25 15:42:22,0.0,0,0,6783783,2019-02-25 15:42:22,,4.2131946,0.0,0,,2322156.0,0.0,0.0,146
,[],22,[],2018-11-20 23:01:11,0.0,0,0,4862114,2018-11-20 23:01:11,,2.56807021,0.0,,,61828.4988236,0.0,0.0,147
1,[],12,[],2019-03-18 09:09:04,358919.9553304,0.0000027300000000000001199843176202808336938687716610729694366455078125,0.000000000108411849,6963289,2019-03-18 09:09:04,btc,9.693553576946645,0.0,0.0000027300000000000001199843176202808336938687716610729694366455078125,btc,108330.39740171,0.0,0.1680070299998629,148
1,[],4,[],2019-03-18 09:09:05,266491.52048729,0.00000030,0.000000000011913390000000001,6963290,2019-03-18 09:09:05,btc,218.95563091013318,0.0,0.00000030,btc,801811.42486661,0.00142141,0.0642735474147608,152
0,[],22,[],2019-03-18 09:09:54,0.0,0,0,6963291,2019-03-18 09:09:54,,0.0,0.0,0,,0.0,0.0,0.0,152
1,[],5,[],2019-03-18 09:09:55,0.0,0,0,6963292,2019-03-18 09:09:55,btc,0.0,0.0,0,btc,0.0,0.0,0.0,153
,[],16,[],2019-01-11 15:38:59,0.0,0,0,6366141,2019-01-11 15:38:59,btc,0.0,0.0,,btc,0.0,0.0,0.0,155
0,[],22,[],2019-03-18 09:10:44,0.0,0,0,6963293,2019-03-18 09:10:44,,0.0,0.0,0,,0.0,0.0,0.0,156
0,[],23,[],2019-01-20 23:24:29,0.0,0,0,6476932,2019-01-20 23:24:29,,0.0,0.0,0,,0.0,0.0,0.0,156
0,[],22,[],2019-03-18 09:11:34,0.0,0,0,6963294,2019-03-18 09:11:34,,0.0,0.0,0,,0.0,0.0,0.0,157
0,[],22,[],2019-03-18 09:12:23,0.0,0,0,6963295,2019-03-18 09:12:23,,0.0,0.0,0,,0.0,0.0,0.0,158
,[],17,[],2018-11-20 22:56:10,0.0,0,0,4861976,2018-11-20 22:56:10,btc,1.1265625,0.0,,btc,1000.0,0.0,0.0,159
,[],20,[],2018-11-20 22:56:12,0.0,0,0,4861977,2018-11-20 22:56:12,btc,11912.7940471,0.0,,btc,34413894.3617,0.0,0.0,159
1,[],12,[],2019-03-18 09:12:24,235438.69753107,0.000007259999999999999946756999713581848254762007854878902435302734375,0.000000000288304038,6963296,2019-03-18 09:12:24,btc,12.66723714172561,0.0,0.000007259999999999999946756999713581848254762007854878902435302734375,btc,7903.2471763700005,0.0019913607521699,0.1187061135645319,168
1,[],17,[],2019-03-18 09:12:36,29784.95,0.000001,0.0000000000397113,6963297,2019-03-18 09:12:36,btc,0.03026736251542,0.0,0.000001,btc,144.46171372,0.0,0.00716147,168
0,[],22,[],2019-03-18 09:13:25,0.0,0,0,6963298,2019-03-18 09:13:25,,0.0,0.0,0,,0.0,0.0,0.0,169
0,[],22,[],2019-03-18 09:14:14,0.0,0,0,6963299,2019-03-18 09:14:14,,0.0,0.0,0,,0.0,0.0,0.0,171
0,[],22,[],2019-03-18 09:15:03,0.0,0,0,6963300,2019-03-18 09:15:03,,0.0,0.0,0,,0.0,0.0,0.0,173
1,[],5,[],2019-03-18 09:15:05,0.0,0,0,6963301,2019-03-18 09:15:05,btc,0.0,0.0058,0,btc,0.0,0.0,0.0,175
0,[],22,[],2019-03-18 09:15:54,0.0,0,0,6963302,2019-03-18 09:15:54,,0.0,0.0,0,,0.0,0.0,0.0,176
1,[],7,[],2019-03-18 09:15:55,9222269.27246133,0.00000001,0.00000000000039711300000000003,6963303,2019-03-18 09:15:55,btc,410194.1340043481,101728059.082,0.00000001,btc,34530332.6218099,0.0,0.09222269272461331,178
0,[],22,[],2019-03-18 09:16:44,0.0,0,0,6963304,2019-03-18 09:16:44,,0.0,0.0,0,,0.0,0.0,0.0,178
0,[],2,[],2019-01-20 23:28:34,0.0,0,0,6477001,2019-01-20 23:28:34,,0.0,0.0,0,,0.0,0.0,0.0,178
1,[],5,[],2019-03-18 09:16:46,0.0,0,0,6963305,2019-03-18 09:16:46,btc,0.0,0.0412,0,btc,0.0,0.0,0.0,179
0,[],22,[],2019-03-18 09:17:35,0.0,0,0,6963306,2019-03-18 09:17:35,,0.0,0.0,0,,0.0,0.0,0.0,179
0,[],23,[],2019-01-20 23:25:08,0.0,0,0,6476952,2019-01-20 23:25:08,,0.0,0.0,0,,0.0,0.0,0.0,179
0,[],22,[],2019-03-18 09:18:35,0.0,0,0,6963307,2019-03-18 09:18:35,,0.0,0.0,0,,0.0,0.0,0.0,180
1,[],26,[],2019-03-18 09:18:35,0.0,0.00000126,0.000000000050036238,6963308,2019-03-18 09:18:35,btc,0.0,0.0,0.00000126,btc,0.0,0.0,0.0,180
1,[],17,[],2019-03-18 07:02:11,10504.725,0.0000001,0.00000000000396877,6962912,2019-03-18 07:02:11,btc,5.201069583844188,0.0,0.0000001,btc,5033.45945,0.0,0.0010504725,180
,[],7,[],2018-11-20 22:58:01,562227.975654,0.00000085,0.000000000036176765,4862015,2018-11-20 22:58:01,btc,21836.6059674,2491.87645172,,btc,749999.041456,0.00211021,0.127565380455,183
,[],5,[],2019-01-10 08:11:41,0.0,0,0,6347036,2019-01-10 08:11:41,btc,82.15055501,0.00261,,btc,1.19002445,0.0,0.0,187
1,[],24,[],2019-03-18 09:18:35,0.0,0.000000000001,3.97113e-17,6963309,2019-03-18 09:18:35,btc,0.0,0.0,0.000000000001,btc,0.0,0.0,0.0,187
,[],17,[],2018-11-16 20:58:10,4062536.27273,0.00000001,0.000000000000550501,4708775,2018-11-16 20:58:10,btc,3.36492563466,0.195460381006,,"btc,eth",110697919.549,0.0,0.0157628953496,187
0,[],22,[],2019-03-18 09:19:24,0.0,0,0,6963310,2019-03-18 09:19:24,,0.0,0.0,0,,0.0,0.0,0.0,191
0,[],22,[],2019-03-18 09:20:13,0.0,0,0,6963311,2019-03-18 09:20:13,,0.0,0.0,0,,0.0,0.0,0.0,197
0,[],23,[],2019-01-20 23:31:41,0.0,0,0,6477079,2019-01-20 23:31:41,,0.0,0.0,0,,0.0,0.0,0.0,199
0,[],22,[],2019-03-18 09:21:02,0.0,0,0,6963312,2019-03-18 09:21:02,,0.0,0.0,0,,0.0,0.0,0.0,199
1,[],26,[],2019-03-18 09:21:03,0.0,0.00000000,0,6963313,2019-03-18 09:21:03,btc,0.0,131589.0,0.00000000,btc,0.0,0.0,0.0,199
0,[],2,[],2019-01-20 23:30:49,0.0,0,0,6477059,2019-01-20 23:30:49,,0.0,0.0,0,,0.0,0.0,0.0,201
1,[],4,[],2019-01-25 15:51:35,2084389.58565343,0.00000936,0.000000000333526752,6499557,2019-01-25 15:51:35,btc,2.0092503037378524,0.0,0.00000936,btc,160195.80207885,0.19272417,1.242687955921835,211
1,[],7,[],2019-03-18 09:21:07,4115376.60658919,0.000001049999999999999899545958213786800428124479367397725582122802734375,0.000000000041696864999999995,6963314,2019-03-18 09:21:07,btc,15476712.136422385,2212456.72701,0.000001049999999999999899545958213786800428124479367397725582122802734375,btc,13878683.79562992,0.0,2.884393058930066,212
1,[],5,[],2019-03-18 09:21:09,0.0,0,0,6963315,2019-03-18 09:21:09,btc,0.0,0.086,0,btc,0.0,0.0,0.0,213
1,[],24,[],2019-03-18 09:21:09,0.0,0.000000220000,0.000000000008736486000000001,6963316,2019-03-18 09:21:09,btc,0.0,0.0,0.000000220000,btc,0.0,0.0,0.0,213
1,[],26,[],2019-03-18 09:21:09,0.0,0.00000040,0.00000000001588452,6963317,2019-03-18 09:21:09,btc,0.0,0.0,0.00000040,btc,0.0,0.0,0.0,213
1,[],12,[],2019-01-25 02:44:32,207462.42853209,0.000001080000000000000035831255497387193287295303889550268650054931640625,0.000000000038610756000000006,6493050,2019-01-25 02:44:32,btc,85023.03793723314,0.0,0.000001080000000000000035831255497387193287295303889550268650054931640625,btc,43675.73520027,0.000146250909087,0.0348620860622024,213
0,[],22,[],2019-03-18 09:21:58,0.0,0,0,6963318,2019-03-18 09:21:58,,0.0,0.0,0,,0.0,0.0,0.0,216
1,[],27,[],2019-03-18 09:22:00,1233122.0,0.00000003,0.000000000001191339,6963319,2019-03-18 09:22:00,btc,316.9780375147724,0.0,0.00000003,"btc,ltc",245929.924324,0.0,0.033757640000074265,216
0,[],22,[],2019-03-18 09:22:49,0.0,0,0,6963320,2019-03-18 09:22:49,,0.0,0.0,0,,0.0,0.0,0.0,217
1,[],7,[],2019-03-18 09:22:52,0.0,0,0,6963321,2019-03-18 09:22:52,btc,77969.33757097446,0.0,0,btc,135811624.2426053,0.0,0.0,219
0,[],27,[],2019-03-18 09:22:55,0.0,0,0,6963322,2019-03-18 09:22:55,,0.03997288,0.0,0,btc,2007233.0,0.0,0.0,219
0.0000000000000052,[],28,[],2019-03-18 09:27:45,170722989.525,2.6e-18,1.0324938000000001e-22,6963323,2019-03-18 09:27:45,doge,115344.65767181761,2825.0,0.00050000,"btc,doge",8237798.14061,0.0,1.735449385700524e-11,219
0,[],22,[],2019-03-18 09:28:34,0.0,0,0,6963324,2019-03-18 09:28:34,,0.0,0.0,0,,0.0,0.0,0.0,221
1,[],24,[],2019-03-18 09:28:34,0.0,0.000000200000,0.00000000000794226,6963325,2019-03-18 09:28:34,btc,0.0,0.0,0.000000200000,btc,0.0,0.0,0.0,221
1,[],20,[],2019-03-18 09:28:36,47570391.6886,0.000000005,0.00000000000019855650000000001,6963326,2019-03-18 09:28:36,btc,49.4342410128788,2576026.8119,0.000000005,btc,15956203.1807,0.0237652614973,0.0612277657352,224
0,[],22,[],2019-03-18 09:29:25,0.0,0,0,6963327,2019-03-18 09:29:25,,0.0,0.0,0,,0.0,0.0,0.0,224
1,[],26,[],2019-03-18 09:29:25,0.0,0.00000022,0.000000000008736486000000001,6963328,2019-03-18 09:29:25,btc,0.0,0.0,0.00000022,btc,0.0,0.0,0.0,231
1,[],26,[],2019-03-18 09:29:26,0.0,0.00000005,0.000000000001985565,6963329,2019-03-18 09:29:26,btc,0.0,100.0,0.00000005,btc,0.0,0.0,0.0,234
0.0000000003459782,[],27,[],2019-03-18 09:29:28,2000.0,3.459782e-18,1.3739244093660003e-22,6963330,2019-03-18 09:29:28,eth,0.01134836604,0.0,0.00000001,"btc,eth",11462.996,0.0,6.919564e-15,234
1,[],4,[],2019-03-18 09:29:29,1056932.10106749,0.00000110,0.000000000043682430000000005,6963331,2019-03-18 09:29:29,btc,4.367882697912375,0.0,0.00000110,btc,1105975.41351204,0.20778296,0.4575950111291536,236
1,[],24,[],2019-03-18 09:29:29,0.0,0.000000500000,0.000000000019855650000000003,6963332,2019-03-18 09:29:29,btc,0.0,0.0,0.000000500000,btc,0.0,0.0,0.0,236
1,[],20,[],2019-03-18 09:29:31,216431836.467,0.000000048,0.0000000000019061424,6963333,2019-03-18 09:29:31,btc,94.4477621004716,7107390.0658,0.000000048,btc,31112504.1788,0.3238819769707,0.3194099293656,237
0,[],22,[],2019-03-18 09:30:20,0.0,0,0,6963334,2019-03-18 09:30:20,,0.0,0.0,0,,0.0,0.0,0.0,237
1,[],4,[],2019-03-18 09:30:21,10625061.5448397,0.00000037,0.000000000014693181,6963335,2019-03-18 09:30:21,btc,5.479805848207039,0.0,0.00000037,btc,7805462.64627468,0.1783454,3.013639316235213,238
1,[],5,[],2019-03-18 09:30:23,0.0,0,0,6963336,2019-03-18 09:30:23,btc,0.0,0.0161,0,btc,0.0,0.0,0.0,238
0,[],22,[],2019-03-12 16:49:32,0.0,0,0,6914458,2019-03-12 16:49:32,,0.40415746,0.0,0,,526736.5639027493,0.0,0.0,249
0,[],22,[],2019-03-18 09:31:13,0.0,0,0,6963337,2019-03-18 09:31:13,,0.0,0.0,0,,0.0,0.0,0.0,252
0,[],28,[],2019-03-18 09:31:30,0.0,0,0,6963338,2019-03-18 09:31:30,,0.0,0.0,0,,0.0,0.0,0.0,256
0,[],22,[],2019-03-18 09:32:19,0.0,0,0,6963339,2019-03-18 09:32:19,,0.0,0.0,0,,0.0,0.0,0.0,258
1,[],22,[],2019-03-13 00:07:30,47146.0,0.00000001,0.000000000000387233,6917028,2019-03-13 00:07:30,BTC,2.415167,0.0,0.00000001,BTC,157.0,0.0,0.00047146,259
1,[],5,[],2019-03-18 09:32:20,0.0,0,0,6963340,2019-03-18 09:32:20,btc,0.0,0.2806,0,btc,0.0,0.0,0.0,264
1,[],20,[],2019-03-18 09:32:22,1272469.304,0.00000192,0.000000000076245696,6963341,2019-03-18 09:32:22,btc,7.2052988645425,16910.68,0.00000192,btc,99052.6253,0.0389107624971,0.026381200128,264
0,[],22,[],2019-03-18 09:33:11,0.0,0,0,6963342,2019-03-18 09:33:11,,0.0,0.0,0,,0.0,0.0,0.0,271
0,[],22,[],2019-03-18 09:34:00,0.0,0,0,6963343,2019-03-18 09:34:00,,0.0,0.0,0,,0.0,0.0,0.0,272
0.0000000000000052,[],28,[],2019-03-18 09:35:33,206317293566.671,3.848e-21,1.5280908240000002e-25,6963344,2019-03-18 09:35:33,doge,147719575.31339312,60116256.0,0.00000074,doge,246348898382.2514,0.0,5.320051861620695e-10,272
0,[],22,[],2019-03-18 09:36:22,0.0,0,0,6963345,2019-03-18 09:36:22,,0.0,0.0,0,,0.0,0.0,0.0,281
0,[],22,[],2019-03-18 09:37:12,0.0,0,0,6963346,2019-03-18 09:37:12,,0.0,0.0,0,,0.0,0.0,0.0,286
0,[],22,[],2019-03-18 09:38:01,0.0,0,0,6963347,2019-03-18 09:38:01,,0.0,0.0,0,,0.0,0.0,0.0,294
