pairValue,buyBook,exchangeId,sellBook,updated,buyTotal,satoshiPrice,usdPrice,exchangeLogId,created,bestPair,sellTotalBtc,volume,pairPrice,activePairs,sellTotal,volumeBtc,buyTotalBtc,coinId
1,[],4,[],2019-05-23 21:15:07,207670.3242129,0.01071257,0.000000840441824266,7675188,2019-05-23 21:15:07,btc,8.256713779880412,0.0,0.01071257,btc,346.33278044,0.84712987,0.4800442229900408,1
1,[],5,[],2019-05-23 21:15:09,0.0,0,0,7675189,2019-05-23 21:15:09,btc,0.0,0.00020568,0,btc,0.0,0.0,0.0,1
1,[],10,[],2019-05-23 21:15:11,255903.92386632,0.007508,0.0000005890311304,7675190,2019-05-23 21:15:11,btc,6524.147587762345,1071.26108484,0.007508,btc,1449.46421086,0.0,2.437951480681421,1
1,[],12,[],2019-05-23 21:15:14,45.35691627,0.0108000000000000005717648576819556183181703090667724609375,0.0000008473010400000001,7675191,2019-05-23 21:15:14,btc,0.2129530920258,0.0,0.0108000000000000005717648576819556183181703090667724609375,btc,18.95299641,0.0486572338573,0.2979426076909,1
1,[],20,[],2019-05-23 21:15:18,972.7434,0.01026283,0.0000008051580122540001,7675192,2019-05-23 21:15:18,btc,0.2218784056979,0.1012,0.01026283,btc,16.9969,0.0011400531634,0.1003543553799,1
1,[],21,[],2019-05-23 21:15:19,1858.7502411,0.01076254999999999920068383119,0.0000008443629451899999,7675193,2019-05-23 21:15:19,btc,10.81254385529635,3337.12276433,0.0107625499999999992006838311908722971566021442413330078125,"btc,eth",1352.19426235,34.53564673862841,17.003987407077922,1
1,[],22,[],2019-05-23 21:15:23,0.0025666666666666667,0.00900000,0.0000007060842000000001,7675194,2019-05-23 21:15:23,BTC,0.31629903,0.0,0.00900000,BTC,0.2505752479991019,0.0,2.31e-05,1
1,[],24,[],2019-05-23 21:15:23,0.0,0.000000000000,0,7675195,2019-05-23 21:15:23,btc,0.0,0.0,0.000000000000,btc,0.0,0.0,0.0,1
0.0,[],25,[],2019-05-23 21:15:24,0.0,0,0,7675196,2019-05-23 21:15:24,btc,13.549999999215887,5301.66834986,0.0,btc,1223.60317772,58.3,0.0,1
1,[],26,[],2019-05-23 21:15:25,0.0,0,0,7675197,2019-05-23 21:15:25,,0.0,0.0,0,,0.0,0.0,0.0,1
0,[],28,[],2019-05-23 21:15:38,0.0,0,0,7675198,2019-05-23 21:15:38,,0.0,361546.7414,0,,0.0,0.0,0.0,1
1,[],3,[],2019-05-22 18:07:34,1123.259330580089,0.01114142000000000083670403938640447449870407581329345703125,0.0000008809019430100001,7669457,2019-05-22 18:07:34,btc,1.846938727610729,30.8730799403,0.01114142000000000083670403938640447449870407581329345703125,btc,27.179280298868,0.0,0.2238721862652316,1
0,[],2,[],2019-01-20 23:28:45,0.0,0,0,6477011,2019-01-20 23:28:45,,0.0,0.0,0,,0.0,0.0,0.0,1
1,[],5,[],2019-05-23 21:15:39,0.0,0,0,7675199,2019-05-23 21:15:39,btc,0.0,2.003e-05,0,btc,0.0,0.0,0.0,2
0,[],22,[],2019-05-23 21:15:41,0.0,0,0,7675200,2019-05-23 21:15:41,,0.0,0.0,0,,0.0,0.0,0.0,2
1,[],5,[],2019-05-23 21:15:44,0.0,0,0,7675201,2019-05-23 21:15:44,btc,0.0,0.01177821,0,btc,0.0,0.0,0.0,3
1,[],12,[],2019-05-23 21:15:45,3119496.11837,0.000000119,0.0000000000093360022,7675202,2019-05-23 21:15:45,btc,4645.225998198738,0.0,0.000000119,btc,1758624.16245625,0.03435852447551505,0.28256116508603,3
0,[],28,[],2019-05-23 21:15:47,0.0,0,0,7675203,2019-05-23 21:15:47,,0.0,0.0,0,,0.0,0.0,0.0,3
0,[],2,[],2019-01-20 23:31:32,0.0,0,0,6477077,2019-01-20 23:31:32,,0.0,0.0,0,,0.0,0.0,0.0,4
1,[],4,[],2019-05-18 21:29:50,562734.9206932,0.00000010,0.000000000007298720000000001,7650946,2019-05-18 21:29:50,btc,41.9347137769675,0.0,0.00000010,btc,1123702.32192634,0.00052462,0.029254593370966,4
0,[],12,[],2019-05-23 18:04:45,0.0,0,0,7674414,2019-05-23 18:04:45,btc,0.38590181,0.0,0,btc,951906.0,0.0,0.0,5
0,[],2,[],2019-01-20 23:31:51,0.0,0,0,6477087,2019-01-20 23:31:51,,0.0,0.0,0,,0.0,0.0,0.0,6
1,[],11,[],2019-05-23 21:15:49,7800289.776736,0.00000002,0.0000000000015690760000000001,7675204,2019-05-23 21:15:49,btc,9578.345872068536,2133927.0,0.00000002,btc,57110629.70519443,0.0,0.10437137276736,6
1,[],4,[],2019-05-23 21:15:51,3195803.87409762,0.00010648,0.000000008353760624,7675205,2019-05-23 21:15:51,btc,9.064925862279303,0.0,0.00010648,btc,50735.71754228,1.15488325,2.2245880348517253,7
1,[],5,[],2019-05-23 21:15:52,0.0,0,0,7675206,2019-05-23 21:15:52,btc,0.0,0.11741437,0,btc,0.0,0.0,0.0,7
1,[],3,[],2019-05-22 18:08:48,11992.400030575094,0.00011500000000000000347812056933349822429590858519077301025390625,0.0000000090925325,7669475,2019-05-22 18:08:48,btc,1.1612001845741802,131.533509258,0.00011500000000000000347812056933349822429590858519077301025390625,btc,282.094355724518,0.0,0.024071946207221296,7
1,[],20,[],2019-04-07 22:06:50,3201475.0482,0.000000001,0.000000000000051590000000000004,7213932,2019-04-07 22:06:50,btc,30.8005781811902,0.0,0.000000001,btc,23077405.3926,0.0,0.0032014750482,8
1,[],4,[],2019-05-23 21:15:55,21280879.55996944,0.00000055,0.000000000043149590000000003,7675207,2019-05-23 21:15:55,btc,4.296072967893565,0.0,0.00000055,btc,3966167.44124429,0.49433632,0.8552390079729566,9
0,[],28,[],2019-05-23 21:15:57,0.0,0,0,7675208,2019-05-23 21:15:57,,0.0,3520079.0,0,,0.0,0.0,0.0,9
0,[],2,[],2019-01-20 23:22:42,0.0,0,0,6476876,2019-01-20 23:22:42,,0.0,0.0,0,,0.0,0.0,0.0,9
0,[],23,[],2019-01-20 23:22:48,0.0,0,0,6476878,2019-01-20 23:22:48,,0.0,0.0,0,,0.0,0.0,0.0,9
1,[],1,[],2019-02-17 23:31:42,1822507.21,0.00000181000000000000003456111265232042484285557293333113193511962890625,0.000000000066086901,6701244,2019-02-17 23:31:42,btc,3.6990969245,17153386.5,0.00000181000000000000003456111265232042484285557293333113193511962890625,btc,1997391.71,31.11772986,3.2610482446,9
1,[],4,[],2019-02-17 11:22:43,4341674.27126056,0.00000002,0.0000000000007272960000000001,6696112,2019-02-17 11:22:43,btc,0.1997230937751353,0.0,0.00000002,btc,4109766.79808031,0.00215132,0.0479381022052112,10
1,[],4,[],2019-05-23 21:15:58,4937928.02722041,0.00000072,0.000000000056486736,7675209,2019-05-23 21:15:58,btc,4.929152160902536,0.0,0.00000072,btc,4378702.90504875,2.14047554,1.6496601405776836,12
1,[],5,[],2019-05-23 21:15:59,0.0,0,0,7675210,2019-05-23 21:15:59,btc,0.0,0.04370907,0,btc,0.0,0.0,0.0,12
0.0,[],25,[],2019-05-23 21:16:01,0.0,0,0,7675211,2019-05-23 21:16:01,,0.0,0.0,0.0,btc,0.0,0.0,0.0,12
0,[],2,[],2019-01-20 23:23:08,0.0,0,0,6476890,2019-01-20 23:23:08,,0.0,0.0,0,,0.0,0.0,0.0,12
1,[],10,[],2019-05-23 19:59:21,573720.56393285,0.00000628,0.00000000048842072,7674897,2019-05-23 19:59:21,btc,666802.6480485348,6158.02363761,0.00000628,btc,848852.08016171,0.0,0.3097467588924337,13
1,[],4,[],2019-05-23 21:16:02,348754.07145066,0.00000621,0.0000000004871980980000001,7675212,2019-05-23 21:16:02,btc,2.142108442169898,0.0,0.00000621,btc,258292.18735533,0.43881188,0.549889711892682,13
1,[],21,[],2019-05-23 21:16:06,828434.42513305,0.000006489999999999999695727333909,0.0000000005091651619999999,7675213,2019-05-23 21:16:06,btc,4.606374372670991,715413.96619255,0.0000064899999999999996957273339093230646312804310582578182220458984375,btc,614268.46903525,4.73132006,4.616092231169686,13
1,[],4,[],2019-05-23 21:16:08,922644.91515535,0.00000072,0.000000000056486736,7675214,2019-05-23 21:16:08,btc,4.218790338420754,0.0,0.00000072,btc,816223.43393123,0.00673361,0.1376020536409486,14
1,[],12,[],2019-05-23 21:16:09,131853.00528218,0.00000062,0.000000000048641356,7675215,2019-05-23 21:16:09,btc,0.0147326541497891,0.0,0.00000062,btc,3222.79953077,0.0,0.0130032299999685,14
1,[],26,[],2019-05-23 21:18:10,0.0,0.00000050,0.000000000039226900000000004,7675216,2019-05-23 21:18:10,btc,0.0,0.0,0.00000050,btc,0.0,0.0,0.0,14
0,[],17,[],2019-05-03 00:53:32,0.0,0,0,7558876,2019-05-03 00:53:32,btc,0.0,0.0,0,btc,0.0,0.0,0.0,14
0,[],4,[],2019-05-23 21:18:12,0.0,0,0,7675217,2019-05-23 21:18:12,,0.0,0.0,0,,0.0,0.0,0.0,15
,[],12,[],2018-12-01 15:15:48,204241.84496,0.00000489,0.000000000202473384,5260204,2018-12-01 15:15:48,btc,49.5475654835,0.0,,btc,35763.2193806,0.0163153972027625,0.0203389899998,15
1,[],4,[],2019-05-23 21:18:16,38365.86605517,0.00001275,0.00000000100028595,7675218,2019-05-23 21:18:16,btc,1.0862493086958216,0.0,0.00001275,btc,17409.11332744,0.021419,0.12138729766589,18
1,[],10,[],2019-05-23 21:18:18,308496.29640359,0.00001202,0.000000000943014676,7675219,2019-05-23 21:18:18,btc,15.301019723519591,6354.72014216,0.00001202,btc,10178.69953124,0.0,0.0728998370025706,18
1,[],12,[],2019-05-23 21:18:19,5927.42039827,0.00001079000000000000003053980679457168889712193049490451812744140625,0.000000000846516502,7675220,2019-05-23 21:18:19,btc,0.0208843051822536,0.0,0.00001079000000000000003053980679457168889712193049490451812744140625,btc,1137.429485,0.0011639127974549,0.0111443005155925,18
0,[],2,[],2019-01-20 23:23:38,0.0,0,0,6476906,2019-01-20 23:23:38,,0.0,0.0,0,,0.0,0.0,0.0,18
0,[],17,[],2019-05-03 00:53:39,0.0,0,0,7558882,2019-05-03 00:53:39,btc,0.0,0.0,0,btc,0.0,0.0,0.0,18
1,[],3,[],2019-05-23 12:54:51,156766.51797800077,0.00000931000000000000064808401700755524643682292662560939788818359375,0.0000000007091966980000001,7673172,2019-05-23 12:54:51,btc,0.23320582175359217,3571.32820087,0.00000931000000000000064808401700755524643682292662560939788818359375,btc,5250.788950421293,0.0,0.04758336177432609,19
1,[],4,[],2019-05-23 21:20:20,154066.84427284,0.00000966,0.000000000757863708,7675221,2019-05-23 21:20:20,btc,3.7900947295095233,0.0,0.00000966,btc,166007.07086282,0.31169039,0.6060257426980362,19
1,[],5,[],2019-05-23 21:20:22,0.0,0,0,7675222,2019-05-23 21:20:22,btc,0.0,0.00019008,0,btc,0.0,0.0,0.0,19
1,[],12,[],2019-05-23 21:20:23,13180.51980076,0.0000067399999999999998432330394759759428779943846166133880615234375,0.000000000528778612,7675223,2019-05-23 21:20:23,btc,0.0410326993611083,0.0,0.0000067399999999999998432330394759759428779943846166133880615234375,btc,1542.22383734,0.00097348,0.013734629999609,19
0,[],27,[],2019-05-23 21:20:32,0.0,0,0,7675224,2019-05-23 21:20:32,,0.0,0.0,0,btc,0.0,0.0,0.0,19
0,[],2,[],2019-01-20 23:24:19,0.0,0,0,6476924,2019-01-20 23:24:19,,0.0,0.0,0,,0.0,0.0,0.0,19
1,[],4,[],2019-05-23 21:20:32,10228410.21811859,0.00000007,0.000000000005491766,7675225,2019-05-23 21:20:32,btc,6.4307072950777595,0.0,0.00000007,btc,2332215.60836933,0.00012031,0.1274738176872813,20
1,[],4,[],2019-05-23 21:20:34,73119316.72337481,0.00000001,0.0000000000007845380000000001,7675226,2019-05-23 21:20:34,btc,39092.88511707825,0.0,0.00000001,btc,61868315.12581323,0.000223,0.731193167233748,21
1,[],12,[],2019-05-23 21:20:35,1510333.0,0.00000001,0.0000000000007845380000000001,7675227,2019-05-23 21:20:35,btc,2.16108391002997,0.0,0.00000001,btc,2413776.000999,1.038997003e-05,0.01510333,21
0,[],17,[],2019-05-03 00:53:51,0.0,0,0,7558891,2019-05-03 00:53:51,btc,0.0,0.0,0,btc,0.0,0.0,0.0,21
1,[],12,[],2019-05-23 21:22:37,5851003139.0,0.0000000004,0.000000000000031381520000000005,7675228,2019-05-23 21:22:37,btc,859505.2032201289,0.0,0.0000000004,btc,1198337302.3576424,0.16005626342117885,1.145842024,23
0.0000000003106332,[],27,[],2019-05-23 21:22:42,73164948.0,6.212664e-18,4.874070989232e-22,7675229,2019-05-23 21:22:42,eth,1171.558693525096,457040265.0588016,0.00000002,eth,43685587.4551984,2.8394376009159598e-09,2.82761692043976e-10,23
1,[],4,[],2019-05-23 21:22:44,1893862.09659238,0.00000018,0.000000000014121684,7675230,2019-05-23 21:22:44,btc,13.462055083321966,0.0,0.00000018,btc,2048072.18073837,0.00103558,0.0598898809644509,24
1,[],22,[],2019-05-23 21:22:47,21.76,0.00000100,0.00000000007845380000000001,7675231,2019-05-23 21:22:47,BTC,7.415e-05,0.0,0.00000100,BTC,23.919354838709676,0.0,1.186e-05,24
0.0,[],25,[],2019-05-23 21:22:48,0.0,0,0,7675232,2019-05-23 21:22:48,,0.0,0.0,0.0,btc,0.0,0.0,0.0,24
1,[],4,[],2019-05-23 21:22:49,310775.95573595,0.00000425,0.00000000033342865,7675233,2019-05-23 21:22:49,btc,10.011148179837198,0.0,0.00000425,btc,271093.99357393,0.13240825,0.1759473908780046,26
1,[],10,[],2019-05-23 21:22:51,160062.3364921,0.00000441,0.000000000345981258,7675234,2019-05-23 21:22:51,btc,25.50939899278106,4819.98316944,0.00000441,btc,22205.19964764,0.0,0.0331134896071909,26
0,[],2,[],2019-01-20 23:25:56,0.0,0,0,6476976,2019-01-20 23:25:56,,0.0,0.0,0,,0.0,0.0,0.0,26
1,[],3,[],2019-05-23 12:57:31,7011104.62200389,0.00000001,0.000000000000761758,7673187,2019-05-23 12:57:31,btc,3.3214552111007274,4596166.57489,0.00000001,btc,24195530.02325085,0.0,0.0701110462200389,27
1,[],11,[],2019-05-23 21:22:53,1069867.58157834,0.00000001,0.0000000000007845380000000001,7675235,2019-05-23 21:22:53,btc,67503.038056662,12744.4184217,0.00000001,btc,6639900.67919713,0.0,0.0106986758157834,27
1,[],5,[],2019-04-26 09:47:06,0.0,0,0,7465326,2019-04-26 09:47:06,btc,0.0,0.0,0,btc,0.0,0.0,0.0,27
1,[],4,[],2019-05-23 21:22:56,1217841378.1604881,0.00000001,0.0000000000007845380000000001,7675236,2019-05-23 21:22:56,btc,4.678227449768384,0.0,0.00000001,"btc,ltc",292334583.3557023,0.00134266,8.342177141360345,29
1,[],7,[],2019-05-23 21:22:58,112446064.34806745,0.00000001,0.0000000000007845380000000001,7675237,2019-05-23 21:22:58,btc,46548272.13275479,78543.9,0.00000001,btc,35213300.81787476,0.0,1.1244606434806745,29
1,[],4,[],2019-05-23 21:23:00,15245640.28513377,0.00000006,0.000000000004707228,7675238,2019-05-23 21:23:00,btc,2.651297703120827,0.0,0.00000006,btc,2155303.27704295,0.00212151,0.169945548405676,30
0,[],17,[],2019-05-03 01:11:25,0.0,0,0,7559066,2019-05-03 01:11:25,btc,0.0,0.0,0,btc,0.0,0.0,0.0,30
1,[],4,[],2019-05-23 21:25:02,101348.43656942,0.00004942,0.000000003877186796,7675239,2019-05-23 21:25:02,btc,3.7461473136433594,0.0,0.00004942,btc,45064.38709186,1.69792131,0.3756483844032807,31
1,[],21,[],2019-05-23 21:25:03,119058.06164811,0.00004966000000000000226324167740,0.000000003896015708,7675240,2019-05-23 21:25:03,btc,5.132587382180056,243554.1501104,0.0000496600000000000022632416774026609118664055131375789642333984375,btc,91522.5320124,12.34489339,4.948969119650815,31
0,[],2,[],2019-01-20 23:28:43,0.0,0,0,6477009,2019-01-20 23:28:43,,0.0,0.0,0,,0.0,0.0,0.0,32
0,[],4,[],2019-05-23 21:25:04,0.0,0,0,7675241,2019-05-23 21:25:04,,0.0,0.0,0,,0.0,0.0,0.0,33
1,[],12,[],2019-03-30 07:55:10,40641173.964,0.00000003,0.000000000001228359,7108785,2019-03-30 07:55:10,btc,4233210.82356125,0.0,0.00000003,btc,28378394.68333462,0.0126927883965248,0.90752895892,33
0.000000000112707,[],4,[],2019-05-23 21:25:07,36470274.940927,2.25414e-17,1.7684584873200003e-21,7675242,2019-05-23 21:25:07,ltc,3.5142788444736603,0.0,0.0000002,ltc,155838554.2740006,0.0,1.736351806861373e-10,34
1,[],5,[],2019-05-23 21:25:09,0.0,0,0,7675243,2019-05-23 21:25:09,btc,0.0,0.0,0,btc,0.0,0.0,0.0,34
0.0000000002926451,[],17,[],2019-05-02 18:17:47,200000.0,2.9264510000000002e-18,1.596703856561e-22,7556430,2019-05-02 18:17:47,eth,0.20942468735267253,0.0,0.00000001,"btc,eth",1018272.20243647,0.0,5.852902e-13,36
0.000000000112707,[],4,[],2019-05-23 21:25:11,13738200.57311783,1.12707e-18,8.8422924366e-23,7675244,2019-05-23 21:25:11,ltc,4.083257655365456e-08,0.0,0.00000001,ltc,7493227762.067634,0.0,1.548391371994391e-11,36
1,[],5,[],2019-05-23 21:25:14,0.0,0,0,7675245,2019-05-23 21:25:14,btc,0.0,0.0,0,btc,0.0,0.0,0.0,36
0.0000000003106332,[],27,[],2019-05-23 21:27:21,127477081.004,6.212664e-18,4.874070989232e-22,7675246,2019-05-23 21:27:21,eth,1671.29985018,2541869017.163999,0.00000002,"ltc,eth",17425469.0,1.1220677200091231e-08,4.555448223592043e-10,36
1,[],4,[],2019-05-23 21:27:22,10089721.3731093,0.00000018,0.000000000014121684,7675247,2019-05-23 21:27:22,btc,19772.596009299992,0.0,0.00000018,btc,787543.48121193,0.00452388,0.1494625724856175,37
1,[],12,[],2019-05-23 21:27:25,3946029.52500001,0.00000017,0.000000000013337146,7675248,2019-05-23 21:27:25,btc,5.454906259306397,0.0,0.00000017,btc,898522.29003928,0.0195293746306356,0.2001016892500017,37
1,[],27,[],2019-05-23 21:29:30,1600.0,0.00000015,0.00000000001176807,7675249,2019-05-23 21:29:30,btc,24.12156123602533,0.0,0.00000015,btc,5842.04443503,0.0,3e-05,37
1,[],17,[],2019-05-03 01:11:36,211752.74075282,0.00000025,0.000000000013700074999999998,7559074,2019-05-03 01:11:36,btc,0.055484923955058496,0.0,0.00000025,"btc,eth",1387.19918473,0.0,0.0005381851887916605,37
1,[],5,[],2019-05-23 21:29:32,0.0,0,0,7675250,2019-05-23 21:29:32,btc,0.0,0.00169473,0,btc,0.0,0.0,0.0,42
1,[],12,[],2019-05-23 21:29:33,25893.8190036,0.00000101999999999999997501889774376149233603428001515567302703857421875,0.000000000080022876,7675251,2019-05-23 21:29:33,btc,24.40030562161434,0.0,0.00000101999999999999997501889774376149233603428001515567302703857421875,btc,44299.04393016,0.0245595068510958,0.0142463599999602,42
1,[],27,[],2019-05-23 21:29:42,806.0,0.00000100,0.00000000007845380000000001,7675252,2019-05-23 21:29:42,btc,0.5699845831768,0.0,0.00000100,"btc,eth",1183.4448157,0.0,0.000206000000483221,42
1,[],12,[],2019-03-13 09:13:29,1112112.0,0.00000001,0.000000000000386531,6919902,2019-03-13 09:13:29,btc,29058.00478931866,0.0,0.00000001,btc,5967681.93306694,9.99000999e-07,0.01112112,43
1,[],5,[],2019-04-26 22:38:52,0.0,0,0,7474154,2019-04-26 22:38:52,btc,0.0,0.02638891,0,btc,0.0,0.0,0.0,43
0,[],17,[],2019-04-26 22:38:53,0.0,0,0,7474155,2019-04-26 22:38:53,btc,0.0,0.0,0,btc,0.0,0.0,0.0,43
1,[],12,[],2019-03-05 01:54:08,639326.02,0.00000004,0.000000000001486676,6845775,2019-03-05 01:54:08,btc,11116042.728239931,0.0,0.00000004,btc,1103841.4595604,0.0003330765234764,0.014975410599999999,44
1,[],4,[],2019-05-23 21:29:43,113763575.83481912,0.00000001,0.0000000000007845380000000001,7675253,2019-05-23 21:29:43,btc,291324.22036877665,0.0,0.00000001,"btc,ltc",26168675.90369327,0.0,0.10775006817260083,49
0.000000000112707,[],4,[],2019-05-23 21:29:44,96743166.3952132,4.959108e-17,3.890608672104e-21,7675254,2019-05-23 21:29:44,ltc,21909.46197154255,0.0,0.00000044,ltc,152595675.65779513,0.00011021,5.367447970061638e-10,52
0,[],22,[],2019-05-23 21:29:47,0.0,0,0,7675255,2019-05-23 21:29:47,,10289.55991011,0.0,0,,308568058.4566013,0.0,0.0,57
0,[],27,[],2019-05-23 21:29:52,0.0,0,0,7675256,2019-05-23 21:29:52,,0.0,0.0,0,"btc,eth",0.0,0.0,0.0,57
0.000000000112707,[],4,[],2019-05-23 21:29:54,3030928952.991031,1.12707e-18,8.8422924366e-23,7675257,2019-05-23 21:29:54,ltc,19.26386801856077,0.0,0.00000001,ltc,6016416500.175698,0.0,3.4160690950476013e-09,58
1,[],12,[],2019-05-23 21:29:55,1325589993.0,0.0000000001,0.000000000000007845380000000001,7675258,2019-05-23 21:29:55,btc,734416.222240078,0.0,0.0000000001,btc,2097445228.8101897,0.021764748739760236,0.1325589993,58
0.000000000108027,[],22,[],2019-05-23 21:31:58,126877.0,1.08027e-18,8.475128652600001e-23,7675259,2019-05-23 21:31:58,XMR,68.17454206,0.0,0.00000001,XMR,9626402.6,0.0,0.00126877,58
1,[],17,[],2019-05-03 01:12:09,1200000.0,0.0000000001,0.00000000000000548003,7559085,2019-05-03 01:12:09,btc,1e+24,0.0,0.0000000001,"btc,eth",39516342.31952568,0.0,0.00010000000058666061,58
1,[],5,[],2019-05-23 21:32:01,0.0,0,0,7675260,2019-05-23 21:32:01,btc,0.0,2.6e-07,0,btc,0.0,0.0,0.0,61
1,[],22,[],2019-05-23 21:32:04,13613.833333333334,0.00000012,0.000000000009414456,7675261,2019-05-23 21:32:04,BTC,1002.29590883,0.0,0.00000012,BTC,15092.180177125656,0.0,0.00153269,61
1,[],26,[],2019-05-23 21:32:04,0.0,0.00000050,0.000000000039226900000000004,7675262,2019-05-23 21:32:04,btc,0.0,0.0,0.00000050,btc,0.0,0.0,0.0,61
1,[],27,[],2019-05-23 21:32:15,112138.0,0.0000002,0.000000000015690760000000002,7675263,2019-05-23 21:32:15,btc,1.9501982264346656,0.0,0.0000002,"btc,eth",12657.40563696,0.0,0.0023812200003106333,61
0,[],28,[],2019-05-23 21:32:17,0.0,0,0,7675264,2019-05-23 21:32:17,,0.0,691.0,0,,0.0,0.0,0.0,61
1,[],4,[],2019-05-23 21:32:18,1110845.99594846,0.00000081,0.000000000063547578,7675265,2019-05-23 21:32:18,btc,2.553078009489058,0.0,0.00000081,btc,836051.04796315,0.13420503,0.6535352200314657,67
0.0,[],25,[],2019-05-23 21:32:19,0.0,0,0,7675266,2019-05-23 21:32:19,,0.0,0.0,0.0,btc,0.0,0.0,0.0,67
1,[],12,[],2019-05-23 21:32:22,628049.0,0.00000007,0.000000000005491766,7675267,2019-05-23 21:32:22,btc,3.8114296048231835,0.0,0.00000007,btc,752083.17292716,0.0002333451848164,0.012202,71
,[],5,[],2018-11-20 23:02:39,1.5e-07,0.00000005,0.000000000002128045,4862160,2018-11-20 23:02:39,btc,2.84511358,0.0,,btc,0.00036572,0.0,0.07381892,74
1,[],5,[],2019-05-23 21:32:25,0.0,0,0,7675268,2019-05-23 21:32:25,btc,0.0,0.03969417,0,btc,0.0,0.0,0.0,75
0,[],4,[],2019-05-23 21:32:27,0.0,0,0,7675269,2019-05-23 21:32:27,,133656.87703970782,0.0,0,,33424209.5909442,0.0,0.0,81
0,[],20,[],2019-01-25 09:30:31,0.0,0,0,6495923,2019-01-25 09:30:31,btc,0.0,0.0,0,btc,0.0,0.0,0.0,81
1,[],4,[],2019-05-23 21:32:29,28867.45505688,0.00006125,0.0000000048052952500000005,7675270,2019-05-23 21:32:29,btc,18.596670287227877,0.0,0.00006125,btc,26407.71352957,0.11295545,0.5169557150259745,82
1,[],21,[],2019-05-23 21:32:30,59224.37355577,0.00006038000000000000126992166782,0.000000004737040444,7675271,2019-05-23 21:32:30,btc,3.6857931451035504,7270.05558279,0.000060380000000000001269921667823581401535193435847759246826171875,btc,50066.68612597,0.44950475,1.4956395590843075,82
0,[],17,[],2019-03-25 22:42:34,0.0,0,0,7038780,2019-03-25 22:42:34,btc,0.0445064681804024,0.0,0,btc,995513.18476001,0.0,0.0,84
0.0000000001161485,[],4,[],2019-05-20 13:09:39,216715621.0206096,1.161485e-18,9.0533806701e-23,7657228,2019-05-20 13:09:39,ltc,1.6511566870244727,0.0,0.00000001,ltc,471032407.9048656,0.0,2.5171194308112273e-10,85
,[],22,[],2018-11-20 23:09:34,3408.1,0.0000001,0.0000000000041895,4862324,2018-11-20 23:09:34,BTC,0.04624735,0.0,,BTC,4990.0,0.0,0.00033081,86
1,[],22,[],2019-05-23 21:32:33,85999.0,0.00000001,0.0000000000007845380000000001,7675272,2019-05-23 21:32:33,BTC,1.45832026,0.0,0.00000001,BTC,335430.29736842104,0.0,0.00085999,87
0,[],27,[],2019-05-23 21:32:39,0.0,0,0,7675273,2019-05-23 21:32:39,,4.961732754776,0.0,0,btc,24439.09041,0.0,0.0,87
,[],2,[],2018-11-20 23:10:47,0.0,0,0,4862359,2018-11-20 23:10:47,,0.0,0.0,,,0.0,0.0,0.0,88
1,[],11,[],2019-05-23 21:33:42,72519.46210432,0.000110059999999999999953544105313341106011648662388324737548828125,0.000000008634625228,7675274,2019-05-23 21:33:42,btc,180.85317064109984,0.0,0.000110059999999999999953544105313341106011648662388324737548828125,btc,203731.42005133,0.0,4.45763036767417,89
0,[],2,[],2019-01-20 23:31:45,0.0,0,0,6477083,2019-01-20 23:31:45,,0.0,0.0,0,,0.0,0.0,0.0,91
1,[],12,[],2019-05-23 21:33:44,187024.63,0.00000035,0.00000000002745883,7675275,2019-05-23 21:33:44,btc,84.64170066110205,0.0,0.00000035,btc,50305.72151743,0.0004867637966503,0.0214204435,91
0,[],17,[],2019-05-03 01:12:26,0.0,0,0,7559096,2019-05-03 01:12:26,btc,0.0,0.0,0,btc,0.0,0.0,0.0,91
1,[],22,[],2019-05-23 20:57:48,75910.55,0.0000002,0.00000000001557624,7675119,2019-05-23 20:57:48,BTC,0.495,0.0,0.0000002,"BTC,LTC",4.95,0.0,0.00165931,91
1,[],22,[],2019-04-09 20:17:52,374949.73333333334,0.00000015,0.000000000007771935,7235704,2019-04-09 20:17:52,BTC,6.87372503,0.0,0.00000015,"BTC,LTC",159980.01196797504,1.1e-05,0.80510266,95
0,[],17,[],2019-05-03 01:12:32,0.0,0,0,7559100,2019-05-03 01:12:32,btc,0.0,0.0,0,btc,0.0,0.0,0.0,96
0.00000000011285089999999999,[],4,[],2019-05-23 20:57:49,541017126.3821362,4.2883342e-17,3.3398061349704e-21,7675120,2019-05-23 20:57:49,ltc,11.36009673590927,0.0,0.00000038,ltc,149152231.3607046,0.00014948,7.784382080141691e-10,96
0,[],12,[],2019-05-23 20:57:50,0.0,0,0,7675121,2019-05-23 20:57:50,btc,2.46420896,0.0,0,btc,4836954.0,0.0001998102,0.0,96
1,[],4,[],2019-04-14 03:32:46,1039404.33283278,0.00000038,0.000000000019245518,7293458,2019-04-14 03:32:46,btc,4.170086055365747,0.0,0.00000038,btc,3097704.34561074,0.06260606,0.1859928211030784,99
0,[],2,[],2019-01-20 23:23:55,0.0,0,0,6476914,2019-01-20 23:23:55,,0.0,0.0,0,,0.0,0.0,0.0,100
1,[],4,[],2019-05-23 20:59:51,182166.53606616,0.00002353,0.000000001832544636,7675122,2019-05-23 20:59:51,btc,7.187703942067769,0.0,0.00002353,btc,138589.45757463,0.08829184,0.5591000195913518,100
1,[],22,[],2019-05-23 20:59:54,150000.0,0.00000002,0.000000000001557624,7675123,2019-05-23 20:59:54,BTC,24.83526409,0.0,0.00000002,BTC,11187.719,0.0,0.0017,101
1,[],4,[],2019-05-23 20:59:55,656638.39860825,0.00000178,0.000000000138628536,7675124,2019-05-23 20:59:55,btc,362.95676309998487,0.0,0.00000178,btc,642307.0636365,0.09273167,0.3098587865812332,103
1,[],12,[],2019-05-23 20:59:58,24486433.0,0.000000004,0.0000000000003115248,7675125,2019-05-23 20:59:58,btc,551.4572445829958,0.0,0.000000004,btc,43801814.81544454,0.00505762266133865,0.040432903,105
0,[],27,[],2019-05-23 21:00:04,0.0,0,0,7675126,2019-05-23 21:00:04,,0.2585948473531397,0.0,0,btc,622853.35947933,0.0,0.0,105
1,[],22,[],2019-04-21 00:17:26,21333.0,0.00000001,0.000000000000532493,7385819,2019-04-21 00:17:26,BTC,51.38182867,0.0,0.00000001,BTC,470435.0,0.0,0.00021333,107
1,[],26,[],2019-04-21 00:17:26,0.0,0.00000000,0,7385820,2019-04-21 00:17:26,btc,0.0,0.0,0.00000000,btc,0.0,0.0,0.0,107
1,[],5,[],2019-05-23 21:00:07,0.0,0,0,7675127,2019-05-23 21:00:07,btc,0.0,0.0,0,btc,0.0,0.0,0.0,112
0,[],22,[],2019-05-23 21:00:09,0.0,0,0,7675128,2019-05-23 21:00:09,,2.79635781,0.0,0,,3274992.0833333335,0.0,0.0,112
1,[],27,[],2019-05-23 21:00:20,1.0,0.00000001,0.000000000000778812,7675129,2019-05-23 21:00:20,btc,1.15032588,0.0,0.00000001,"btc,eth",1818.0,0.0,1e-08,112
1,[],4,[],2019-05-23 21:00:21,592557.79660141,0.00000102,0.000000000079438824,7675130,2019-05-23 21:00:21,btc,4.612277439603258,0.0,0.00000102,btc,590089.1377934,0.01810128,0.3300025973400163,113
1,[],5,[],2019-05-23 21:00:22,0.0,0,0,7675131,2019-05-23 21:00:22,btc,0.0,3.58e-06,0,btc,0.0,0.0,0.0,113
1,[],17,[],2019-04-26 02:17:47,162738.278,0.00000004,0.0000000000021069000000000002,7461287,2019-04-26 02:17:47,btc,1.3331140273775473,0.0,0.00000004,btc,51796.221,0.0,0.00230953112,116
1,[],27,[],2019-05-22 05:13:01,210000.0,0.00000001,0.00000000000079145,7666372,2019-05-22 05:13:01,btc,3919.0005001478,0.0,0.00000001,btc,128660.871,0.0,0.0021,116
1,[],4,[],2019-05-21 22:31:11,138169.03963019,0.00000701,0.000000000558364025,7664793,2019-05-21 22:31:11,btc,150.95388250938234,0.0,0.00000701,btc,344631.17141974,0.07552974,0.4288357684941946,120
1,[],7,[],2019-05-21 22:31:12,3901.07750076,0.000010679999999999999389654892212320191902108490467071533203125,0.0000000008506887,7664794,2019-05-21 22:31:12,btc,231188.94669936574,0.0,0.000010679999999999999389654892212320191902108490467071533203125,btc,4133.83151364,0.0,0.0113888422364489,120
1,[],20,[],2019-04-07 18:42:29,1914137.0852,0.000000035,0.0000000000017871910000000002,7211992,2019-04-07 18:42:29,btc,32.2497668025648,25528.85,0.000000035,btc,1001975.4986,0.00089350975,0.0152723574729,125
1,[],22,[],2019-05-23 21:00:25,10000.0,0.00000001,0.000000000000778812,7675132,2019-05-23 21:00:25,BTC,0.032061,0.0,0.00000001,BTC,299316.7611111111,0.0,0.0001,126
0,[],2,[],2019-01-20 23:25:46,0.0,0,0,6476969,2019-01-20 23:25:46,,0.0,0.0,0,,0.0,0.0,0.0,131
1,[],17,[],2019-05-03 01:13:10,10000.0,0.00000001,0.000000000000548003,7559115,2019-05-03 01:13:10,btc,0.0953976503951408,0.0,0.00000001,btc,5037.62507334,0.0,0.0001,131
1,[],4,[],2019-05-23 21:00:26,2192584.00649812,0.00000570,0.00000000044392284,7675133,2019-05-23 21:00:26,btc,3.2532665443139126,0.0,0.00000570,btc,179211.19029249,0.08814356,0.4147704057238979,131
1,[],4,[],2019-05-23 21:02:28,4754.37790175,0.00008000,0.000000006230496,7675134,2019-05-23 21:02:28,btc,5.032889081561924,0.0,0.00008000,btc,203.84599175,0.0,0.0084962345285485,135
1,[],3,[],2019-05-22 20:57:20,456341.0025,0.00000002,0.0000000000015658540000000001,7670196,2019-05-22 20:57:20,btc,0.2168360115270351,986846.107254,0.00000002,btc,1789524.65154488,0.0,0.004663410025,136
1,[],12,[],2019-05-23 21:02:34,70929.13978495,0.00000093,0.000000000072429516,7675136,2019-05-23 21:02:34,btc,0.0243489453594272,0.0,0.00000093,btc,4500.70493632,4.655e-05,0.0060599600000035,137
1,[],4,[],2019-05-23 21:02:32,2451057.2759833,0.00000188,0.000000000146416656,7675135,2019-05-23 21:02:32,btc,106.77189575026854,0.0,0.00000188,btc,444015.54535713,0.00561052,0.530469057414971,137
1,[],4,[],2019-05-23 21:02:35,98439.58316395,0.00001691,0.000000001316971092,7675137,2019-05-23 21:02:35,btc,8.326101911138949,0.0,0.00001691,btc,141208.03856286,0.50696422,1.076146249898065,142
1,[],5,[],2019-05-23 21:02:37,0.0,0,0,7675138,2019-05-23 21:02:37,btc,0.0,0.00783467,0,btc,0.0,0.0,0.0,142
1,[],20,[],2019-05-23 21:04:40,219648.686,0.000015,0.000000001168218,7675139,2019-05-23 21:04:40,btc,1.6081794925904,0.05,0.000015,btc,9788.8796,7.6533e-07,0.0259740787923,142
1,[],22,[],2019-05-23 21:04:44,11028.645,0.00001000,0.000000000778812,7675140,2019-05-23 21:04:44,BTC,3.2754788,0.0,0.00001000,BTC,1133.9993657797618,0.0,0.00745365,142
0.0,[],25,[],2019-05-23 21:04:45,0.0,0,0,7675141,2019-05-23 21:04:45,,0.0,0.0,0.0,btc,0.0,0.0,0.0,142
0,[],28,[],2019-05-23 21:05:31,0.0,0,0,7675142,2019-05-23 21:05:31,,0.0,0.0,0,,0.0,0.0,0.0,142
1,[],17,[],2019-05-03 01:13:16,32967.38636364,0.00000088,0.000000000048224264,7559122,2019-05-03 01:13:16,btc,20.06976206696776,0.0,0.00000088,btc,2746.079105,0.0,0.0105613000000032,142
0,[],22,[],2019-05-23 21:05:35,0.0,0,0,7675143,2019-05-23 21:05:35,,65.7671051,0.0,0,,846980922.8,0.0,0.0,143
0,[],22,[],2019-02-25 15:42:22,0.0,0,0,6783783,2019-02-25 15:42:22,,4.2131946,0.0,0,,2322156.0,0.0,0.0,146
,[],22,[],2018-11-20 23:01:11,0.0,0,0,4862114,2018-11-20 23:01:11,,2.56807021,0.0,,,61828.4988236,0.0,0.0,147
1,[],12,[],2019-04-21 06:38:04,193091.5971266,0.00000071,0.000000000037635183,7388679,2019-04-21 06:38:04,btc,2.301232411611175,0.0,0.00000071,btc,9957.48302385,0.00023528,0.0313308199999888,148
1,[],4,[],2019-03-19 21:31:25,255810.0415942,0.00000029,0.000000000011615747,6982695,2019-03-19 21:31:25,btc,218.94922712414143,0.0,0.00000029,btc,793529.37642722,0.00117,0.0608347789473395,152
0,[],22,[],2019-03-19 21:31:27,0.0,0,0,6982696,2019-03-19 21:31:27,,0.0,0.0,0,,0.0,0.0,0.0,152
1,[],5,[],2019-04-26 09:36:59,0.0,0,0,7465040,2019-04-26 09:36:59,btc,0.0,0.0,0,btc,0.0,0.0,0.0,153
,[],16,[],2019-01-11 15:38:59,0.0,0,0,6366141,2019-01-11 15:38:59,btc,0.0,0.0,,btc,0.0,0.0,0.0,155
0,[],22,[],2019-05-23 21:05:39,0.0,0,0,7675144,2019-05-23 21:05:39,,6.80428744,0.0,0,,4677994.942592593,0.0,0.0,156
0,[],23,[],2019-01-20 23:24:29,0.0,0,0,6476932,2019-01-20 23:24:29,,0.0,0.0,0,,0.0,0.0,0.0,156
1,[],22,[],2019-05-23 21:05:43,7066.0,0.00000800,0.0000000006230496,7675145,2019-05-23 21:05:43,BTC,1.79802465,0.0,0.00000800,BTC,802.6461988741639,0.0,0.00062996,157
0,[],22,[],2019-05-21 23:40:32,0.0,0,0,7665049,2019-05-21 23:40:32,,50234.60468402,0.0,0,,54786159.03179465,0.0,0.0,158
,[],17,[],2018-11-20 22:56:10,0.0,0,0,4861976,2018-11-20 22:56:10,btc,1.1265625,0.0,,btc,1000.0,0.0,0.0,159
,[],20,[],2018-11-20 22:56:12,0.0,0,0,4861977,2018-11-20 22:56:12,btc,11912.7940471,0.0,,btc,34413894.3617,0.0,0.0,159
1,[],12,[],2019-05-23 21:05:44,9749.72035177,0.00000176000000000000008976326626441988310034503228962421417236328125,0.000000000137070912,7675146,2019-05-23 21:05:44,btc,149.80415005554752,0.0,0.00000176000000000000008976326626441988310034503228962421417236328125,btc,1116.07481518,0.017828907552488,0.011946177299929,168
1,[],17,[],2019-05-03 01:13:36,42852.0,0.00000002,0.000000000001096006,7559132,2019-05-03 01:13:36,btc,0.04279856251542,0.0,0.00000002,btc,274.46171372,0.0,0.00052852,168
1,[],22,[],2019-05-17 03:01:52,10.0,0.00000001,0.000000000000778341,7642059,2019-05-17 03:01:52,BTC,41.95893009,0.0,0.00000001,BTC,1753972.7737547632,0.0,1e-07,169
1,[],22,[],2019-05-23 21:07:47,288172.6,0.00000005,0.00000000000389406,7675147,2019-05-23 21:07:47,BTC,27.86167578,0.0,0.00000005,BTC,450503.58519413596,0.00014242,0.00561483,171
1,[],22,[],2019-05-23 21:07:52,389395.0,0.00000002,0.000000000001557624,7675148,2019-05-23 21:07:52,BTC,24.3997339,0.0,0.00000002,"BTC,LTC",1038934.9936183414,0.0,0.0054799,173
1,[],5,[],2019-05-23 21:07:56,0.0,0,0,7675149,2019-05-23 21:07:56,btc,0.0,0.02049776,0,btc,0.0,0.0,0.0,175
1,[],22,[],2019-05-23 21:08:01,90671.0,0.00000001,0.000000000000778812,7675150,2019-05-23 21:08:01,BTC,394.35459412,0.0,0.00000001,BTC,136275.61833431243,0.0,0.00090671,176
1,[],7,[],2019-05-23 21:08:03,0.0,0,0,7675151,2019-05-23 21:08:03,btc,522274.27920252585,1000.0,0,btc,28611394.38495738,1e-05,0.0,178
0,[],22,[],2019-05-23 21:08:06,0.0,0,0,7675152,2019-05-23 21:08:06,,1.00242428,0.0,0,,57512.0,0.0,0.0,178
0,[],2,[],2019-01-20 23:28:34,0.0,0,0,6477001,2019-01-20 23:28:34,,0.0,0.0,0,,0.0,0.0,0.0,178
1,[],5,[],2019-05-23 21:08:08,0.0,0,0,7675153,2019-05-23 21:08:08,btc,0.0,0.02195437,0,btc,0.0,0.0,0.0,179
0,[],22,[],2019-05-23 21:08:11,0.0,0,0,7675154,2019-05-23 21:08:11,,5.31386491,0.0,0,,13362087.311946675,0.0,0.0,179
0,[],23,[],2019-01-20 23:25:08,0.0,0,0,6476952,2019-01-20 23:25:08,,0.0,0.0,0,,0.0,0.0,0.0,179
1,[],22,[],2019-05-23 21:10:16,660377.4649350649,0.00000120,0.00000000009345744,7675155,2019-05-23 21:10:16,BTC,39.28448181,0.0,0.00000120,"BTC,LTC",145561.2539508663,0.00587815,0.56019796,180
1,[],26,[],2019-05-23 21:10:16,0.0,0.00000250,0.000000000194703,7675156,2019-05-23 21:10:16,btc,0.0,50.0,0.00000250,btc,0.0,0.0,0.0,180
1,[],17,[],2019-05-03 01:13:56,20504.725000000002,0.0000001,0.00000000000548003,7559141,2019-05-03 01:13:56,btc,5.2010695838400265,0.0,0.0000001,btc,5033.45945,0.0,0.0011504725,180
,[],7,[],2018-11-20 22:58:01,562227.975654,0.00000085,0.000000000036176765,4862015,2018-11-20 22:58:01,btc,21836.6059674,2491.87645172,,btc,749999.041456,0.00211021,0.127565380455,183
,[],5,[],2019-01-10 08:11:41,0.0,0,0,6347036,2019-01-10 08:11:41,btc,82.15055501,0.00261,,btc,1.19002445,0.0,0.0,187
,[],17,[],2018-11-16 20:58:10,4062536.27273,0.00000001,0.000000000000550501,4708775,2018-11-16 20:58:10,btc,3.36492563466,0.195460381006,,"btc,eth",110697919.549,0.0,0.0157628953496,187
1,[],24,[],2019-05-22 21:04:52,0.0,0.000000000014,0.0000000000000010960978,7670219,2019-05-22 21:04:52,btc,0.0,0.0,0.000000000014,btc,0.0,0.0,0.0,187
0,[],22,[],2019-04-25 02:54:07,0.0,0,0,7447896,2019-04-25 02:54:07,,7.54794454,0.0,0,,76361.7243344055,0.0,0.0,191
0,[],22,[],2019-05-23 21:10:21,0.0,0,0,7675157,2019-05-23 21:10:21,,0.0,0.0,0,,0.0,0.0,0.0,197
0,[],22,[],2019-05-23 21:10:24,0.0,0,0,7675158,2019-05-23 21:10:24,,10.24020274,0.0,0,,85004504.0,0.0,0.0,199
1,[],26,[],2019-05-23 21:10:24,0.0,0.00000000,0,7675159,2019-05-23 21:10:24,btc,0.0,0.0,0.00000000,btc,0.0,0.0,0.0,199
0,[],23,[],2019-01-20 23:31:41,0.0,0,0,6477079,2019-01-20 23:31:41,,0.0,0.0,0,,0.0,0.0,0.0,199
0,[],2,[],2019-01-20 23:30:49,0.0,0,0,6477059,2019-01-20 23:30:49,,0.0,0.0,0,,0.0,0.0,0.0,201
1,[],4,[],2019-01-25 15:51:35,2084389.58565343,0.00000936,0.000000000333526752,6499557,2019-01-25 15:51:35,btc,2.0092503037378524,0.0,0.00000936,btc,160195.80207885,0.19272417,1.242687955921835,211
1,[],7,[],2019-05-23 20:32:08,21510575.31577972,0.00000025,0.000000000019443499999999997,7675002,2019-05-23 20:32:08,btc,15200499.309525393,3103825.68173,0.00000025,btc,9849224.03173633,0.0,1.2082197187968104,212
1,[],5,[],2019-05-23 21:10:57,0.0,0,0,7675160,2019-05-23 21:10:57,btc,0.0,0.04942694,0,btc,0.0,0.0,0.0,213
1,[],24,[],2019-05-23 21:10:58,0.0,0.000000090000,0.000000000007009308,7675161,2019-05-23 21:10:58,btc,0.0,0.0,0.000000090000,btc,0.0,0.0,0.0,213
1,[],26,[],2019-05-23 21:10:59,0.0,0.00000040,0.00000000003115248,7675162,2019-05-23 21:10:59,btc,0.0,0.0,0.00000040,btc,0.0,0.0,0.0,213
1,[],12,[],2019-01-25 02:44:32,207462.42853209,0.000001080000000000000035831255497387193287295303889550268650054931640625,0.000000000038610756000000006,6493050,2019-01-25 02:44:32,btc,85023.03793723314,0.0,0.000001080000000000000035831255497387193287295303889550268650054931640625,btc,43675.73520027,0.000146250909087,0.0348620860622024,213
0,[],22,[],2019-05-23 21:11:02,0.0,0,0,7675163,2019-05-23 21:11:02,,9.61235386,0.0,0,,3451587.094064925,0.0,0.0,216
0,[],27,[],2019-05-23 21:11:28,0.0,0,0,7675164,2019-05-23 21:11:28,,64.7987266180052,0.0,0,"btc,ltc",413950.40768,0.0,0.0,216
1,[],22,[],2019-05-23 21:11:31,287214.9,0.0000002,0.00000000001557624,7675165,2019-05-23 21:11:31,BTC,12054.80294043,0.0,0.0000002,BTC,450563.1724419661,0.00020662,0.03097322,217
1,[],7,[],2019-05-23 21:11:32,0.0,0,0,7675166,2019-05-23 21:11:32,btc,1234864.1744444147,0.0,0,btc,162514363.92083928,0.0,0.0,219
0,[],27,[],2019-05-23 21:11:39,0.0,0,0,7675167,2019-05-23 21:11:39,,0.105466823472,0.0,0,btc,3058319.8967,0.0,0.0,219
0,[],28,[],2019-05-23 21:12:40,0.0,0,0,7675168,2019-05-23 21:12:40,,0.0,16252.0,0,,0.0,0.0,0.0,219
1,[],22,[],2019-05-23 16:41:05,172069.0,0.00000004,0.0000000000031167080000000004,7674065,2019-05-23 16:41:05,BTC,56.76466137,0.0,0.00000004,BTC,127061.6482738741,0.0,0.00393676,221
1,[],24,[],2019-05-23 16:41:05,0.0,0.000000010000,0.0000000000007791770000000001,7674066,2019-05-23 16:41:05,btc,0.0,0.0,0.000000010000,btc,0.0,0.0,0.0,221
1,[],20,[],2019-05-23 21:12:43,3195268.4812,0.000000001,0.0000000000000778812,7675169,2019-05-23 21:12:43,btc,100049.80295797581,15285873.4,0.000000001,btc,35717337.7516,0.01890159979,0.0031952684812,224
0,[],22,[],2019-05-23 21:12:45,0.0,0,0,7675170,2019-05-23 21:12:45,,0.0,0.0,0,,0.0,0.0,0.0,224
1,[],26,[],2019-05-23 21:12:46,0.0,0.00000026,0.000000000020249112,7675171,2019-05-23 21:12:46,btc,0.0,0.0,0.00000026,btc,0.0,0.0,0.0,231
1,[],26,[],2019-05-23 21:12:46,0.0,0.00000006,0.0000000000046728720000000004,7675172,2019-05-23 21:12:46,btc,0.0,0.0,0.00000006,btc,0.0,0.0,0.0,234
0,[],27,[],2019-05-23 21:12:54,0.0,0,0,7675173,2019-05-23 21:12:54,,0.01134836604,0.0,0,"btc,eth",11462.996,0.0,0.0,234
1,[],4,[],2019-05-22 17:06:12,91780.56053785,0.00000078,0.000000000061977552,7669277,2019-05-22 17:06:12,btc,5.573372450018177,0.0,0.00000078,btc,729173.93529783,0.0,0.0307060663355679,236
1,[],24,[],2019-05-22 17:06:12,0.0,0.000000010000,0.000000000000794584,7669278,2019-05-22 17:06:12,btc,0.0,0.0,0.000000010000,btc,0.0,0.0,0.0,236
1,[],5,[],2019-05-23 21:12:57,0.0,0,0,7675174,2019-05-23 21:12:57,btc,0.0,0.23169061,0,btc,0.0,0.0,0.0,237
1,[],20,[],2019-05-23 21:12:59,120054145.1069,0.000000043,0.0000000000033488916,7675175,2019-05-23 21:12:59,btc,58793.15627771797,14456646.5857,0.000000043,btc,42177735.4175,0.6580531290043,0.4474981186697,237
1,[],22,[],2019-05-23 21:13:03,363100.0,0.00000003,0.0000000000023364360000000002,7675176,2019-05-23 21:13:03,BTC,1.20267422,0.0,0.00000003,"BTC,LTC",17930.94871794872,0.0,0.009791,237
1,[],4,[],2019-05-23 21:13:04,27950154.97587612,0.00000012,0.000000000009345744000000001,7675177,2019-05-23 21:13:04,btc,2.918384301381049,0.0,0.00000012,btc,9666038.41128347,0.0782243,0.6566659412440532,238
1,[],5,[],2019-05-23 21:13:08,0.0,0,0,7675178,2019-05-23 21:13:08,btc,0.0,0.00112986,0,btc,0.0,0.0,0.0,238
0,[],22,[],2019-03-12 16:49:32,0.0,0,0,6914458,2019-03-12 16:49:32,,0.40415746,0.0,0,,526736.5639027493,0.0,0.0,249
0,[],22,[],2019-05-23 21:13:11,0.0,0,0,7675179,2019-05-23 21:13:11,,13.39584725,0.0,0,,40977695.3426455,0.0,0.0,252
0,[],28,[],2019-05-23 21:13:44,0.0,0,0,7675180,2019-05-23 21:13:44,,0.0,244618.2665,0,,0.0,0.0,0.0,256
1,[],22,[],2019-05-23 21:13:48,1052904.0,0.00000001,0.000000000000778812,7675181,2019-05-23 21:13:48,BTC,21.85885958,0.0,0.00000001,BTC,542925.7509808998,0.0,0.01052904,258
1,[],22,[],2019-05-19 18:12:02,400.0,0.00000001,0.0000000000007957800000000001,7653905,2019-05-19 18:12:02,BTC,2.415167,0.0,0.00000001,BTC,157.0,0.0,4e-06,259
1,[],5,[],2019-05-23 21:13:50,0.0,0,0,7675182,2019-05-23 21:13:50,btc,0.0,0.05941763,0,btc,0.0,0.0,0.0,264
1,[],20,[],2019-05-23 21:13:52,903654.2976,0.000000387,0.0000000000301400244,7675183,2019-05-23 21:13:52,btc,1.0276824137626,1295.4,0.000000387,btc,119947.8808,0.0006258798,0.0079590633448,264
0,[],22,[],2019-04-12 17:57:27,0.0,0,0,7278186,2019-04-12 17:57:27,,66.37522201,0.0,0,,677842.4169881374,0.0,0.0,271
0,[],22,[],2019-05-23 21:13:55,0.0,0,0,7675184,2019-05-23 21:13:55,,33050467.4724609,0.0,0,,14361462970.7,0.0,0.0,272
0,[],28,[],2019-05-23 21:14:29,0.0,0,0,7675185,2019-05-23 21:14:29,,0.0,22130632882.0,0,,0.0,0.0,0.0,272
1,[],22,[],2019-05-23 07:12:29,219930.0,0.00000004,0.000000000003048688,7671985,2019-05-23 07:12:29,BTC,426.77835217,0.0,0.00000004,BTC,248664.3325962929,0.0,0.00739728,281
1,[],22,[],2019-05-23 21:14:34,1101926.4333333333,0.00000003,0.0000000000023364360000000002,7675186,2019-05-23 21:14:34,BTC,2.64913128,0.0,0.00000003,"BTC,LTC",842570.03032866,3e-06,0.0368192,286
0,[],22,[],2019-05-23 21:14:36,0.0,0,0,7675187,2019-05-23 21:14:36,,7337899.5475411,0.0,0,,1884356788.7797825,0.0,0.0,294
