pairValue,buyBook,exchangeId,sellBook,updated,buyTotal,satoshiPrice,usdPrice,exchangeLogId,created,bestPair,sellTotalBtc,volume,pairPrice,activePairs,sellTotal,volumeBtc,buyTotalBtc,coinId
1,[],3,[],2019-05-07 09:08:26,30891.022666180797,0.0118899499999999998245403531882402603514492511749267578125,0.000000700761550135,7564219,2019-05-07 09:08:26,btc,8.641208554963496,12.6063286924,0.0118899499999999998245403531882402603514492511749267578125,btc,24.333249967493,0.0,0.39858470094723647,1
1,[],4,[],2019-05-07 09:08:27,207917.92248165,0.01165000,0.000000686619545,7564220,2019-05-07 09:08:27,btc,9.447242567245581,0.0,0.01165000,btc,431.86450959,2.67543096,2.6794674836207557,1
1,[],5,[],2019-05-07 09:10:28,0.0,0,0,7564221,2019-05-07 09:10:28,btc,0.0,0.01118521,0,btc,0.0,0.0,0.0,1
1,[],10,[],2019-05-07 09:10:29,185029.49445121,0.01003645,0.000000591521264585,7564222,2019-05-07 09:10:29,btc,6525.073387446997,958.9666916,0.01003645,btc,1460.0440361,0.0,4.063025375902227,1
1,[],12,[],2019-05-07 09:10:32,69.65114862,0.011650000000000000632827124036339228041470050811767578125,0.000000686619545,7564223,2019-05-07 09:10:32,btc,0.2056708199874,0.0,0.011650000000000000632827124036339228041470050811767578125,btc,14.36021501,0.1941683944667,0.2779025364651,1
1,[],20,[],2019-05-07 09:10:34,976.5599,0.010710331,0.0000006312379912463,7564224,2019-05-07 09:10:34,btc,0.0779338833512,0.0364,0.010710331,btc,5.13,0.0004457912088,0.179105892059,1
1,[],21,[],2019-05-07 09:10:35,1982.5308802499999,0.01165906000000000060368154919,0.000000687153516938,7564225,2019-05-07 09:10:35,btc,10.031132093783198,8950.790384979999,0.01165906000000000060368154919387961854226887226104736328125,"btc,eth",1184.16067956,21.125475259365484,13.247442570108788,1
0,[],22,[],2019-05-07 09:10:37,0.0,0,0,7564226,2019-05-07 09:10:37,,0.3163308,0.0,0,,0.2527518593615956,0.0,0.0,1
1,[],24,[],2019-05-07 09:10:38,0.0,0.000000000000,0,7564227,2019-05-07 09:10:38,btc,0.0,0.0,0.000000000000,btc,0.0,0.0,0.0,1
0.0,[],25,[],2019-05-07 09:10:39,0.0,0,0,7564228,2019-05-07 09:10:39,btc,44.94999999814949,511.80088624,0.0,btc,3779.16574686,5.7286,0.0,1
1,[],26,[],2019-05-07 09:10:40,0.0,0,0,7564229,2019-05-07 09:10:40,,0.0,0.0,0,,0.0,0.0,0.0,1
1,[],28,[],2019-05-07 09:10:42,987.9,0.01131000,0.0000006665808629999999,7564230,2019-05-07 09:10:42,btc,0.160832048,291063.6,0.01131000,btc,8.7307,0.0,0.024551096,1
0,[],2,[],2019-01-20 23:28:45,0.0,0,0,6477011,2019-01-20 23:28:45,,0.0,0.0,0,,0.0,0.0,0.0,1
1,[],5,[],2019-05-07 09:10:43,0.0,0,0,7564231,2019-05-07 09:10:43,btc,0.0,0.0581026,0,btc,0.0,0.0,0.0,2
1,[],22,[],2019-05-07 09:10:46,60848.0,0.00000002,0.000000000001178746,7564232,2019-05-07 09:10:46,BTC,21.00846647,0.0,0.00000002,"BTC,XMR",24148.96059725142,0.0,0.00199035,2
1,[],5,[],2019-05-07 09:10:48,0.0,0,0,7564233,2019-05-07 09:10:48,btc,0.0,0.04879122,0,btc,0.0,0.0,0.0,3
1,[],12,[],2019-05-07 09:10:49,2495238.37974411,0.000000159,0.0000000000093710307,7564234,2019-05-07 09:10:49,btc,11595.527266408406,0.0,0.000000159,btc,3944447.42603336,0.04603741095228496,0.27570913114916884,3
0,[],28,[],2019-05-07 09:10:50,0.0,0,0,7564235,2019-05-07 09:10:50,,0.0,0.0,0,,0.0,0.0,0.0,3
0,[],2,[],2019-01-20 23:31:32,0.0,0,0,6477077,2019-01-20 23:31:32,,0.0,0.0,0,,0.0,0.0,0.0,4
1,[],4,[],2019-04-26 19:14:12,610911.70993152,0.00000026,0.000000000013566046,7471614,2019-04-26 19:14:12,btc,31.457742656463164,0.0,0.00000026,btc,718733.71307795,0.00142695,0.0638464483338706,4
0,[],12,[],2019-04-25 23:08:22,0.0,0,0,7459310,2019-04-25 23:08:22,btc,1111851.94727753,0.0,0,btc,953412.0,0.0,0.0,5
0,[],2,[],2019-01-20 23:31:51,0.0,0,0,6477087,2019-01-20 23:31:51,,0.0,0.0,0,,0.0,0.0,0.0,6
1,[],11,[],2019-05-07 09:10:52,5106182.307535999,0.00000001,0.000000000000589373,7564236,2019-05-07 09:10:52,btc,9576.586401859495,406556.0,0.00000001,btc,47369201.75253575,0.0,0.05106182307536,6
1,[],3,[],2019-05-07 09:10:53,11063.5076456903,0.000195689999999999991557586564994153377483598887920379638671875,0.000000011533440236999998,7564237,2019-05-07 09:10:53,btc,24.96121739199037,32.0018895808,0.000195689999999999991557586564994153377483598887920379638671875,btc,309.781605034214,0.0,0.029243715164407425,7
1,[],4,[],2019-05-07 09:10:54,40571.87031459,0.00019139,0.000000011280009847,7564238,2019-05-07 09:10:54,btc,8.652270311406438,0.0,0.00019139,btc,36573.5275291,3.35816451,3.690304593001679,7
1,[],5,[],2019-05-07 09:10:56,0.0,0,0,7564239,2019-05-07 09:10:56,btc,0.0,0.38761059,0,btc,0.0,0.0,0.0,7
1,[],20,[],2019-04-07 22:06:50,3201475.0482,0.000000001,0.000000000000051590000000000004,7213932,2019-04-07 22:06:50,btc,30.8005781811902,0.0,0.000000001,btc,23077405.3926,0.0,0.0032014750482,8
0,[],2,[],2019-01-20 23:22:42,0.0,0,0,6476876,2019-01-20 23:22:42,,0.0,0.0,0,,0.0,0.0,0.0,9
0,[],23,[],2019-01-20 23:22:48,0.0,0,0,6476878,2019-01-20 23:22:48,,0.0,0.0,0,,0.0,0.0,0.0,9
1,[],1,[],2019-02-17 23:31:42,1822507.21,0.00000181000000000000003456111265232042484285557293333113193511962890625,0.000000000066086901,6701244,2019-02-17 23:31:42,btc,3.6990969245,17153386.5,0.00000181000000000000003456111265232042484285557293333113193511962890625,btc,1997391.71,31.11772986,3.2610482446,9
1,[],4,[],2019-05-07 09:10:57,22742519.50473424,0.00000087,0.000000000051275450999999994,7564240,2019-05-07 09:10:57,btc,4.901024422554831,0.0,0.00000087,btc,3583661.90399127,0.55072042,0.9780499967901402,9
1,[],28,[],2019-05-07 09:10:58,18055.0,0.00000021,0.000000000012376832999999999,7564241,2019-05-07 09:10:58,btc,2708.774353000864,3537705.279,0.00000021,btc,24560.2792,0.0,0.00186155,9
1,[],4,[],2019-02-17 11:22:43,4341674.27126056,0.00000002,0.0000000000007272960000000001,6696112,2019-02-17 11:22:43,btc,0.1997230937751353,0.0,0.00000002,btc,4109766.79808031,0.00215132,0.0479381022052112,10
0,[],2,[],2019-01-20 23:23:08,0.0,0,0,6476890,2019-01-20 23:23:08,,0.0,0.0,0,,0.0,0.0,0.0,12
1,[],4,[],2019-05-07 09:10:59,3457021.45452187,0.00000101,0.000000000059526673,7564242,2019-05-07 09:10:59,btc,6.112440499769602,0.0,0.00000101,btc,4340170.42075343,2.32138704,0.8624000680069288,12
1,[],5,[],2019-05-07 09:11:00,0.0,0,0,7564243,2019-05-07 09:11:00,btc,0.0,0.15470298,0,btc,0.0,0.0,0.0,12
0.0,[],25,[],2019-05-07 09:11:01,0.0,0,0,7564244,2019-05-07 09:11:01,,0.0,0.0,0.0,btc,0.0,0.0,0.0,12
1,[],10,[],2019-05-07 08:59:51,465574.53727904,0.00000608,0.000000000358612992,7564091,2019-05-07 08:59:51,btc,666793.5763849341,4971.42129178,0.00000608,btc,742406.10159638,0.0,0.4308197780627158,13
1,[],4,[],2019-05-07 09:11:02,32031610.70017275,0.00000670,0.00000000039487991,7564245,2019-05-07 09:11:02,btc,3.071145539527016,0.0,0.00000670,btc,339036.0199837,0.3988685,1.0758562019709095,13
1,[],21,[],2019-05-07 09:11:06,2008530.7620428,0.000006630000000000000049381072148,0.000000000390754299,7564246,2019-05-07 09:11:06,btc,9.618936203571007,421217.03993387,0.0000066300000000000000493810721480247849513034452684223651885986328125,btc,1242861.14145641,2.89476299,11.076925800773612,13
1,[],4,[],2019-05-07 09:11:07,1142545.22798048,0.00000088,0.000000000051864823999999995,7564247,2019-05-07 09:11:07,btc,5.515363557040369,0.0,0.00000088,btc,1072336.17967237,0.01831428,0.246937223684796,14
1,[],12,[],2019-05-07 09:11:09,254914.54994434,0.00000084,0.000000000049507331999999997,7564248,2019-05-07 09:11:09,btc,0.11818073299626701,0.0,0.00000084,btc,14478.86895597,0.0003530899100899,0.0284662399999663,14
1,[],26,[],2019-05-07 09:11:09,0.0,0.00000050,0.00000000002946865,7564249,2019-05-07 09:11:09,btc,0.0,0.0,0.00000050,btc,0.0,0.0,0.0,14
0,[],17,[],2019-05-03 00:53:32,0.0,0,0,7558876,2019-05-03 00:53:32,btc,0.0,0.0,0,btc,0.0,0.0,0.0,14
,[],12,[],2018-12-01 15:15:48,204241.84496,0.00000489,0.000000000202473384,5260204,2018-12-01 15:15:48,btc,49.5475654835,0.0,,btc,35763.2193806,0.0163153972027625,0.0203389899998,15
0,[],4,[],2019-05-07 09:11:10,0.0,0,0,7564250,2019-05-07 09:11:10,,0.0,0.0,0,,0.0,0.0,0.0,15
1,[],4,[],2019-05-07 09:00:00,30522.23122468,0.00001230,0.00000000072548352,7564097,2019-05-07 09:00:00,btc,1.104589960715736,0.0,0.00001230,btc,13879.59495836,0.02759426,0.1087093383205974,18
1,[],10,[],2019-05-07 09:00:02,169801.35266636,0.00001373,0.0000000008098283520000001,7564098,2019-05-07 09:00:02,btc,15.885895719234384,2929.85278388,0.00001373,btc,33997.90682878,0.0,0.5228784435938815,18
1,[],12,[],2019-05-07 09:00:03,221340.30310263,0.000013109999999999999840852131505197775140914018265902996063232421875,0.000000000773259264,7564099,2019-05-07 09:00:03,btc,33215.320151491185,0.0,0.000013109999999999999840852131505197775140914018265902996063232421875,btc,1228.2576162,0.0006155263733621,0.018226695469272098,18
0,[],2,[],2019-01-20 23:23:38,0.0,0,0,6476906,2019-01-20 23:23:38,,0.0,0.0,0,,0.0,0.0,0.0,18
0,[],17,[],2019-05-03 00:53:39,0.0,0,0,7558882,2019-05-03 00:53:39,btc,0.0,0.0,0,btc,0.0,0.0,0.0,18
0,[],2,[],2019-01-20 23:24:19,0.0,0,0,6476924,2019-01-20 23:24:19,,0.0,0.0,0,,0.0,0.0,0.0,19
1,[],3,[],2019-05-07 09:11:12,152772.73433052833,0.0000143300000000000000185788884277116039811517111957073211669921875,0.000000000844571509,7564251,2019-05-07 09:11:12,btc,0.2627355734295734,629.976955908,0.0000143300000000000000185788884277116039811517111957073211669921875,btc,6470.289184939193,0.0,0.04320149401875189,19
1,[],4,[],2019-05-07 09:11:12,379360.80943005,0.00001550,0.00000000091352815,7564252,2019-05-07 09:11:12,btc,3.792982152074259,0.0,0.00001550,btc,121258.52826651,0.51779703,0.6348682294113536,19
1,[],5,[],2019-05-07 09:11:14,0.0,0,0,7564253,2019-05-07 09:11:14,btc,0.0,0.0001116,0,btc,0.0,0.0,0.0,19
1,[],12,[],2019-05-07 09:11:15,187005.80389776,0.000015210000000000000063460521559921545531324227340519428253173828125,0.000000000896436333,7564254,2019-05-07 09:11:15,btc,0.276103544692886,0.0,0.000015210000000000000063460521559921545531324227340519428253173828125,btc,2300.39413244,1.514e-05,0.0929942499994093,19
0,[],27,[],2019-05-07 09:11:25,0.0,0,0,7564255,2019-05-07 09:11:25,,0.0,0.0,0,btc,0.0,0.0,0.0,19
1,[],4,[],2019-05-07 09:11:26,1893069.11944487,0.00000010,0.00000000000589373,7564256,2019-05-07 09:11:26,btc,5.280175126319464,0.0,0.00000010,btc,2275880.8131896,0.00032894,0.0665075897814302,20
1,[],4,[],2019-05-07 09:11:27,75571248.68018357,0.00000001,0.000000000000589373,7564257,2019-05-07 09:11:27,btc,39343.17340732596,0.0,0.00000001,btc,54422225.91286641,0.01375454,0.7557124868018358,21
1,[],12,[],2019-05-07 09:11:29,3839997.0,0.00000001,0.000000000000589373,7564258,2019-05-07 09:11:29,btc,2895.660823185824,0.0,0.00000001,btc,7181972.54845151,0.0009462401498502,0.03839997,21
0,[],17,[],2019-05-03 00:53:51,0.0,0,0,7558891,2019-05-03 00:53:51,btc,0.0,0.0,0,btc,0.0,0.0,0.0,21
1,[],12,[],2019-05-07 09:11:32,8317135261.226,0.0000000006,0.00000000000003536238,7564259,2019-05-07 09:11:32,btc,311119402467.3515,0.0,0.0000000006,btc,2701094920.5344653,0.2256789183995005,1.9970570774725,23
0.0000000002979424,[],27,[],2019-05-07 09:11:40,5147963.0,5.958848e-18,3.511984122304e-22,7564260,2019-05-07 09:11:40,eth,10132.030040686011,212837061.66,0.00000002,eth,4415346.3444,1.2682636982451521e-09,1.915279516752e-11,23
1,[],4,[],2019-05-07 09:11:40,851314.99056413,0.00000033,0.000000000019449309,7564261,2019-05-07 09:11:40,btc,13.959141901291684,0.0,0.00000033,btc,2180866.33237869,0.00738458,0.1045215933762314,24
1,[],22,[],2019-05-07 09:11:45,1021.76,0.00000100,0.0000000000589373,7564262,2019-05-07 09:11:45,BTC,7.415e-05,0.0,0.00000100,BTC,23.919354838709676,0.0,0.00011186,24
0.0,[],25,[],2019-05-07 09:11:46,0.0,0,0,7564263,2019-05-07 09:11:46,,0.0,0.0,0.0,btc,0.0,0.0,0.0,24
1,[],4,[],2019-05-07 09:00:46,26958177.7063958,0.00000541,0.000000000319094784,7564113,2019-05-07 09:00:46,btc,11.583391080011179,0.0,0.00000541,btc,307325.06251017,0.10421301,0.5546493345457666,26
1,[],10,[],2019-05-07 09:00:47,117732.77154748,0.00000852,0.0000000005025300479999999,7564114,2019-05-07 09:00:47,btc,25.49558639536229,3411.00650799,0.00000852,btc,19794.74951902,0.0,0.0691252840723029,26
0,[],2,[],2019-01-20 23:25:56,0.0,0,0,6476976,2019-01-20 23:25:56,,0.0,0.0,0,,0.0,0.0,0.0,26
1,[],11,[],2019-04-30 04:16:17,7094566.83690364,0.00000006,0.000000000003115554,7518027,2019-04-30 04:16:17,btc,67504.138725751,6116.07566417,0.00000006,btc,6591680.7351637,0.0,0.38529422037817224,27
1,[],5,[],2019-04-26 09:47:06,0.0,0,0,7465326,2019-04-26 09:47:06,btc,0.0,0.0,0,btc,0.0,0.0,0.0,27
1,[],3,[],2019-04-28 02:38:55,141621.60361514,0.00000001,0.0000000000005253330000000001,7491060,2019-04-28 02:38:55,btc,2.501704004580372,921815.184511,0.00000001,btc,21091882.2176418,0.0,0.0014162160361513999,27
1,[],4,[],2019-05-07 09:11:47,1556376262.1754944,0.00000002,0.000000000001178746,7564264,2019-05-07 09:11:47,btc,4.852069187966304,0.0,0.00000002,"btc,ltc",276045560.4226227,0.52997494,10.07359471503453,29
1,[],7,[],2019-05-07 09:11:47,114253575.1738143,0.00000002,0.000000000001178746,7564265,2019-05-07 09:11:47,btc,46550610.465626255,584583.743018,0.00000002,btc,31586374.79457892,0.0,1.2739974796739753,29
0,[],17,[],2019-05-03 01:11:25,0.0,0,0,7559066,2019-05-03 01:11:25,btc,0.0,0.0,0,btc,0.0,0.0,0.0,30
1,[],4,[],2019-05-07 09:11:48,1483442.98886151,0.00000013,0.000000000007661849,7564266,2019-05-07 09:11:48,btc,2.441713607516399,0.0,0.00000013,btc,1838777.01328282,0.06090731,0.047351791220859,30
1,[],4,[],2019-05-07 09:00:52,188691.2428742,0.00006326,0.000000003731226624,7564118,2019-05-07 09:00:52,btc,6.319125421512775,0.0,0.00006326,btc,59311.40715095,1.2145568,1.0490069202366288,31
1,[],21,[],2019-05-07 09:00:53,81225.43000621,0.00006271000000000000098449026709,0.000000003698786304,7564119,2019-05-07 09:00:53,btc,3.7313417132863167,294597.04648825,0.000062710000000000000984490267086357562220655381679534912109375,btc,53337.87470729,19.8181864,4.582915154930647,31
0,[],2,[],2019-01-20 23:28:43,0.0,0,0,6477009,2019-01-20 23:28:43,,0.0,0.0,0,,0.0,0.0,0.0,32
1,[],12,[],2019-03-30 07:55:10,40641173.964,0.00000003,0.000000000001228359,7108785,2019-03-30 07:55:10,btc,4233210.82356125,0.0,0.00000003,btc,28378394.68333462,0.0126927883965248,0.90752895892,33
0,[],4,[],2019-05-07 09:11:51,0.0,0,0,7564267,2019-05-07 09:11:51,,0.0,0.0,0,,0.0,0.0,0.0,33
0,[],4,[],2019-05-07 09:11:53,0.0,0,0,7564268,2019-05-07 09:11:53,,3.736129557554937,0.0,0,,150510608.4561641,0.01333175,0.0,34
1,[],5,[],2019-05-07 09:11:54,0.0,0,0,7564269,2019-05-07 09:11:54,btc,0.0,0.03276811,0,btc,0.0,0.0,0.0,34
0.000000000133684,[],4,[],2019-05-02 18:17:45,3384239970.6360936,1.3368400000000002e-18,7.293946092400001e-23,7556428,2019-05-02 18:17:45,ltc,5.381102735485169e-08,0.0,0.00000001,ltc,6862894551.7408495,0.0,4.524187362345155e-09,36
1,[],5,[],2019-05-02 18:17:46,0.0,0,0,7556429,2019-05-02 18:17:46,btc,0.0,0.0,0,btc,0.0,0.0,0.0,36
0.0000000002926451,[],17,[],2019-05-02 18:17:47,200000.0,2.9264510000000002e-18,1.596703856561e-22,7556430,2019-05-02 18:17:47,eth,0.20942468735267253,0.0,0.00000001,"btc,eth",1018272.20243647,0.0,5.852902e-13,36
0.000000000133684,[],27,[],2019-05-02 18:17:55,7883196.008,1.3368400000000002e-18,7.293946092400001e-23,7556431,2019-05-02 18:17:55,ltc,25567.4086131264,0.0,0.00000001,"ltc,eth",21753551.64,0.0,1.0538571751334722e-11,36
1,[],17,[],2019-05-03 01:11:36,211752.74075282,0.00000025,0.000000000013700074999999998,7559074,2019-05-03 01:11:36,btc,0.055484923955058496,0.0,0.00000025,"btc,eth",1387.19918473,0.0,0.0005381851887916605,37
1,[],4,[],2019-05-07 09:11:55,204333.60086865,0.00000025,0.000000000014734325,7564270,2019-05-07 09:11:55,btc,19772.67447020368,0.0,0.00000025,btc,829328.89076131,0.01752653,0.0212608184241468,37
1,[],12,[],2019-05-07 09:11:56,942260.35121397,0.00000024,0.000000000014144951999999998,7564271,2019-05-07 09:11:56,btc,61604.975504747585,0.0,0.00000024,btc,585785.81396847,0.0253523065029961,0.0939537599999926,37
1,[],27,[],2019-05-07 09:12:10,1600.0,0.00000015,0.000000000008840595,7564272,2019-05-07 09:12:10,btc,24.12824334291843,77.0,0.00000015,btc,5839.49448498,2.695e-05,3e-05,37
1,[],5,[],2019-05-07 09:12:11,0.0,0,0,7564273,2019-05-07 09:12:11,btc,0.0,0.00290547,0,btc,0.0,0.0,0.0,42
1,[],12,[],2019-05-07 09:12:12,352010.52339046,0.00000094,0.000000000055401061999999997,7564274,2019-05-07 09:12:12,btc,51.18230736454307,0.0,0.00000094,btc,30225.57309774,0.013888846614245,0.055807358999953,42
1,[],27,[],2019-05-07 09:12:30,3256.0,0.00000015,0.000000000008840595,7564275,2019-05-07 09:12:30,btc,1.8179904929696,0.0,0.00000015,"btc,eth",2428.82344975,0.0,0.0002475000006157278,42
1,[],12,[],2019-03-13 09:13:29,1112112.0,0.00000001,0.000000000000386531,6919902,2019-03-13 09:13:29,btc,29058.00478931866,0.0,0.00000001,btc,5967681.93306694,9.99000999e-07,0.01112112,43
1,[],5,[],2019-04-26 22:38:52,0.0,0,0,7474154,2019-04-26 22:38:52,btc,0.0,0.02638891,0,btc,0.0,0.0,0.0,43
0,[],17,[],2019-04-26 22:38:53,0.0,0,0,7474155,2019-04-26 22:38:53,btc,0.0,0.0,0,btc,0.0,0.0,0.0,43
1,[],12,[],2019-03-05 01:54:08,639326.02,0.00000004,0.000000000001486676,6845775,2019-03-05 01:54:08,btc,11116042.728239931,0.0,0.00000004,btc,1103841.4595604,0.0003330765234764,0.014975410599999999,44
1,[],4,[],2019-05-07 09:12:31,132663928.7777676,0.00000001,0.000000000000589373,7564276,2019-05-07 09:12:31,btc,436.78103823897595,0.0,0.00000001,"btc,ltc",22985645.89584506,0.00118998,0.2989287603937739,49
0.0000000001287977,[],4,[],2019-05-07 09:12:32,131442382.58142786,7.2126712e-17,4.2509536631576e-21,7564277,2019-05-07 09:12:32,ltc,21616.284545048893,0.0,0.00000056,ltc,101481923.45745093,0.0,1.7105722759009082e-09,52
0,[],22,[],2019-05-07 09:12:34,0.0,0,0,7564278,2019-05-07 09:12:34,,10304.87709543,0.0,0,,310505736.4566013,0.0,0.0,57
0.0000000002979424,[],27,[],2019-05-07 09:12:47,10000.0,2.979424e-18,1.755992061152e-22,7564279,2019-05-07 09:12:47,eth,0.0,0.0,0.00000001,"btc,eth",0.0,0.0,2.979424e-14,57
1,[],17,[],2019-05-03 01:12:09,1200000.0,0.0000000001,0.00000000000000548003,7559085,2019-05-03 01:12:09,btc,1e+24,0.0,0.0000000001,"btc,eth",39516342.31952568,0.0,0.00010000000058666061,58
0.0000000001287977,[],4,[],2019-05-07 09:12:48,1142477821.7165446,1.287977e-18,7.59098868421e-23,7564280,2019-05-07 09:12:48,ltc,19.11126330889918,0.0,0.00000001,ltc,5662894345.99197,0.0,1.4714851573810101e-09,58
1,[],12,[],2019-05-07 09:12:50,1573379474.0,0.0000000001,0.00000000000000589373,7564281,2019-05-07 09:12:50,btc,11896833.094219819,0.0,0.0000000001,btc,4266558952.5144854,0.000302178697602396,0.1573379474,58
0.0000000001152005,[],22,[],2019-05-07 09:12:53,137438.0,1.152005e-18,6.78960642865e-23,7564282,2019-05-07 09:12:53,XMR,69.1795942,0.0,0.00000001,XMR,9887963.0,0.0,0.00137438,58
1,[],5,[],2019-05-07 09:12:55,0.0,0,0,7564283,2019-05-07 09:12:55,btc,0.0,0.01222528,0,btc,0.0,0.0,0.0,61
1,[],22,[],2019-05-07 09:12:58,13613.833333333334,0.00000012,0.000000000007072476,7564284,2019-05-07 09:12:58,BTC,1002.29626883,0.0,0.00000012,BTC,15392.180177125656,0.0,0.00153269,61
1,[],26,[],2019-05-07 09:12:58,0.0,0.00000100,0.0000000000589373,7564285,2019-05-07 09:12:58,btc,0.0,0.0,0.00000100,btc,0.0,0.0,0.0,61
0.0000000002979424,[],27,[],2019-05-07 09:13:11,100000.0,2.979424e-18,1.755992061152e-22,7564286,2019-05-07 09:13:11,eth,1.9482732497246655,0.0,0.00000001,"btc,eth",13266.51663696,0.0,2.979424e-13,61
1,[],28,[],2019-05-07 09:13:14,1039.304,0.00000008,0.000000000004714984,7564287,2019-05-07 09:13:14,btc,2.056501795415105,627.0,0.00000008,btc,10022.46650005,0.0,2.439304e-05,61
1,[],4,[],2019-05-07 09:13:15,1222657.32041516,0.00000110,0.00000000006483103,7564288,2019-05-07 09:13:15,btc,1.0770239757723128,0.0,0.00000110,btc,428450.6696425,0.08746154,0.8215186835182424,67
0.0,[],25,[],2019-05-07 09:13:16,0.0,0,0,7564289,2019-05-07 09:13:16,,0.0,0.0,0.0,btc,0.0,0.0,0.0,67
1,[],12,[],2019-05-07 09:13:18,624156.33333333,0.00000014,0.000000000008251222,7564290,2019-05-07 09:13:18,btc,55556348.25439398,0.0,0.00000014,btc,1483838.97604832,0.00016425928072,0.0248590199999996,71
,[],5,[],2018-11-20 23:02:39,1.5e-07,0.00000005,0.000000000002128045,4862160,2018-11-20 23:02:39,btc,2.84511358,0.0,,btc,0.00036572,0.0,0.07381892,74
1,[],5,[],2019-05-07 09:13:20,0.0,0,0,7564291,2019-05-07 09:13:20,btc,0.0,0.0127879,0,btc,0.0,0.0,0.0,75
0,[],4,[],2019-05-07 09:13:21,0.0,0,0,7564292,2019-05-07 09:13:21,,133703.44050792317,0.0,0,,35150289.66593586,0.00045218,0.0,81
0,[],20,[],2019-01-25 09:30:31,0.0,0,0,6495923,2019-01-25 09:30:31,btc,0.0,0.0,0,btc,0.0,0.0,0.0,81
1,[],4,[],2019-05-07 09:13:22,30252.57919414,0.00007152,0.000000004215195696,7564293,2019-05-07 09:13:22,btc,18.336035199366343,0.0,0.00007152,btc,21609.83610957,0.99849797,0.5454375826781275,82
1,[],21,[],2019-05-07 09:13:23,260645.87811346,0.00006750999999999999568508352032,0.000000003978857123,7564294,2019-05-07 09:13:23,btc,3.3557910928203873,8916.64012223,0.000067509999999999995685083520324809569501667283475399017333984375,btc,43505.96491977,0.599845,2.211607784149038,82
0,[],17,[],2019-03-25 22:42:34,0.0,0,0,7038780,2019-03-25 22:42:34,btc,0.0445064681804024,0.0,0,btc,995513.18476001,0.0,0.0,84
0.00000000013644,[],4,[],2019-05-01 19:17:39,299701867.376,1.3644e-18,7.259508504e-23,7542161,2019-05-01 19:17:39,ltc,1.6769037726995486,0.0,0.00000001,ltc,427823536.87452894,0.00010978,4.089132278478144e-10,85
,[],22,[],2018-11-20 23:09:34,3408.1,0.0000001,0.0000000000041895,4862324,2018-11-20 23:09:34,BTC,0.04624735,0.0,,BTC,4990.0,0.0,0.00033081,86
1,[],22,[],2019-04-28 12:40:53,100736.0,0.00000003,0.000000000001581999,7496039,2019-04-28 12:40:53,BTC,3.65981852,0.0,0.00000003,BTC,220119.54736842104,0.0,0.00122208,87
1,[],27,[],2019-04-28 12:41:07,94210.0,0.00000001,0.0000000000005273330000000001,7496040,2019-04-28 12:41:07,btc,5.5716688171676,0.0,0.00000001,btc,48984.90885,0.0,0.0009421,87
,[],2,[],2018-11-20 23:10:47,0.0,0,0,4862359,2018-11-20 23:10:47,,0.0,0.0,,,0.0,0.0,0.0,88
1,[],11,[],2019-05-07 09:13:25,86247.78396226,0.0001360199999999999885720580738990292957169003784656524658203125,0.000000008016651545999998,7564295,2019-05-07 09:13:25,btc,168.30216236518018,483.24613379,0.0001360199999999999885720580738990292957169003784656524658203125,btc,159050.24459867,0.0,5.187506520069949,89
1,[],12,[],2019-05-07 09:13:27,398913.66415741,0.00000055,0.000000000032415515,7564296,2019-05-07 09:13:27,btc,73.19723788810064,0.0,0.00000055,btc,149394.69782722,0.0,0.044031167299960795,91
1,[],22,[],2019-05-07 09:13:32,76014.0,0.0000008,0.00000000004714984,7564297,2019-05-07 09:13:32,BTC,0.1,0.0,0.0000008,"BTC,LTC",1.0,0.0,0.0017135,91
0,[],2,[],2019-01-20 23:31:45,0.0,0,0,6477083,2019-01-20 23:31:45,,0.0,0.0,0,,0.0,0.0,0.0,91
0,[],17,[],2019-05-03 01:12:26,0.0,0,0,7559096,2019-05-03 01:12:26,btc,0.0,0.0,0,btc,0.0,0.0,0.0,91
1,[],22,[],2019-04-09 20:17:52,374949.73333333334,0.00000015,0.000000000007771935,7235704,2019-04-09 20:17:52,BTC,6.87372503,0.0,0.00000015,"BTC,LTC",159980.01196797504,1.1e-05,0.80510266,95
0.0000000001287977,[],4,[],2019-05-07 09:13:34,553316878.4035872,7.470266600000001e-17,4.4027734368418e-21,7564298,2019-05-07 09:13:34,ltc,11.325890854131975,0.0,0.00000058,ltc,133263537.1262449,0.0,1.5003480032746024e-09,96
0,[],12,[],2019-05-07 09:13:35,0.0,0,0,7564299,2019-05-07 09:13:35,btc,25054.263517880074,0.0,0,btc,6821680.82664734,4.02697302697e-05,0.0,96
0,[],17,[],2019-05-03 01:12:32,0.0,0,0,7559100,2019-05-03 01:12:32,btc,0.0,0.0,0,btc,0.0,0.0,0.0,96
1,[],4,[],2019-04-14 03:32:46,1039404.33283278,0.00000038,0.000000000019245518,7293458,2019-04-14 03:32:46,btc,4.170086055365747,0.0,0.00000038,btc,3097704.34561074,0.06260606,0.1859928211030784,99
1,[],4,[],2019-05-07 09:13:37,325248.29537185,0.00003708,0.0000000021853950839999997,7564300,2019-05-07 09:13:37,btc,6.796673885845339,0.0,0.00003708,btc,115513.79912585,0.35907324,0.3671978082526773,100
0,[],2,[],2019-01-20 23:23:55,0.0,0,0,6476914,2019-01-20 23:23:55,,0.0,0.0,0,,0.0,0.0,0.0,100
1,[],22,[],2019-05-07 09:03:09,130000.0,0.00000001,0.000000000000589824,7564154,2019-05-07 09:03:09,BTC,24.83526409,0.0,0.00000001,BTC,11187.719,0.0,0.0013,101
1,[],4,[],2019-05-07 09:13:39,555271.83102016,0.00001111,0.000000000654793403,7564301,2019-05-07 09:13:39,btc,339.74168538490756,0.0,0.00001111,btc,299418.13450443,4.09635585,0.6125017143912324,103
1,[],12,[],2019-05-07 09:13:42,115337552.51292,0.000000005,0.0000000000002946865,7564302,2019-05-07 09:13:42,btc,468525102.23471576,0.0,0.000000005,btc,106821820.69405587,0.00437893196303704,0.23878433471276,105
1,[],27,[],2019-05-07 09:13:47,11976.0,0.00000001,0.000000000000589373,7564303,2019-05-07 09:13:47,btc,0.0689357688051137,0.0,0.00000001,btc,864584.59450753,0.0,0.00011976,105
1,[],22,[],2019-04-21 00:17:26,21333.0,0.00000001,0.000000000000532493,7385819,2019-04-21 00:17:26,BTC,51.38182867,0.0,0.00000001,BTC,470435.0,0.0,0.00021333,107
1,[],26,[],2019-04-21 00:17:26,0.0,0.00000000,0,7385820,2019-04-21 00:17:26,btc,0.0,0.0,0.00000000,btc,0.0,0.0,0.0,107
1,[],5,[],2019-05-07 09:13:49,0.0,0,0,7564304,2019-05-07 09:13:49,btc,0.0,0.00141372,0,btc,0.0,0.0,0.0,112
0,[],22,[],2019-05-07 09:13:51,0.0,0,0,7564305,2019-05-07 09:13:51,,2.79003697,0.0,0,,1380942.0833333333,0.0,0.0,112
1,[],27,[],2019-05-07 09:13:58,1.0,0.00000001,0.000000000000589373,7564306,2019-05-07 09:13:58,btc,1.25032588,0.0,0.00000001,"btc,eth",1819.0,0.0,1e-08,112
1,[],4,[],2019-05-07 09:13:59,355458.15655084,0.00000163,0.000000000096067799,7564307,2019-05-07 09:13:59,btc,5.222808589892938,0.0,0.00000163,btc,524004.44854453,0.16837748,0.2387735202291965,113
1,[],5,[],2019-05-07 09:14:00,0.0,0,0,7564308,2019-05-07 09:14:00,btc,0.0,0.0,0,btc,0.0,0.0,0.0,113
1,[],17,[],2019-04-26 02:17:47,162738.278,0.00000004,0.0000000000021069000000000002,7461287,2019-04-26 02:17:47,btc,1.3331140273775473,0.0,0.00000004,btc,51796.221,0.0,0.00230953112,116
0,[],27,[],2019-04-26 02:19:51,0.0,0,0,7461288,2019-04-26 02:19:51,,0.0,0.0,0,,0.0,0.0,0.0,116
1,[],4,[],2019-05-07 09:14:01,136262.11013107,0.00001024,0.000000000603517952,7564309,2019-05-07 09:14:01,btc,132.20506675324398,0.0,0.00001024,btc,267461.1464883,0.05743353,1.0923652122593996,120
1,[],7,[],2019-05-07 09:14:03,9504.38332435,0.00001236000000000000024536796205953947946909465827047824859619140625,0.000000000728465028,7564310,2019-05-07 09:14:03,btc,231185.89206893236,0.0,0.00001236000000000000024536796205953947946909465827047824859619140625,btc,4114.85498974,0.0,0.0181911984063159,120
1,[],20,[],2019-04-07 18:42:29,1914137.0852,0.000000035,0.0000000000017871910000000002,7211992,2019-04-07 18:42:29,btc,32.2497668025648,25528.85,0.000000035,btc,1001975.4986,0.00089350975,0.0152723574729,125
1,[],22,[],2019-05-07 09:14:07,110000.0,0.00000001,0.000000000000589373,7564311,2019-05-07 09:14:07,BTC,0.032061,0.0,0.00000001,BTC,299316.7611111111,0.0,0.0011,126
1,[],4,[],2019-05-07 09:14:08,1861105.27576999,0.00000958,0.000000000564619334,7564312,2019-05-07 09:14:08,btc,3.706828713159736,0.0,0.00000958,btc,167829.01961916,0.09647883,0.5125000037765354,131
0,[],2,[],2019-01-20 23:25:46,0.0,0,0,6476969,2019-01-20 23:25:46,,0.0,0.0,0,,0.0,0.0,0.0,131
1,[],17,[],2019-05-03 01:13:10,10000.0,0.00000001,0.000000000000548003,7559115,2019-05-03 01:13:10,btc,0.0953976503951408,0.0,0.00000001,btc,5037.62507334,0.0,0.0001,131
1,[],4,[],2019-05-07 09:14:09,4710.69024806,0.00012766,0.000000007523935717999999,7564313,2019-05-07 09:14:09,btc,6.011528318123108,0.0,0.00012766,btc,191.61415747,0.0,0.0080868379607902,135
1,[],3,[],2019-05-07 09:14:10,530498.0,0.00000001,0.000000000000589373,7564314,2019-05-07 09:14:10,btc,0.0934057631805504,129896.5,0.00000001,btc,1024104.34967245,0.0,0.00530498,136
1,[],4,[],2019-05-07 09:14:12,3463011.7222614,0.00000231,0.000000000136145163,7564315,2019-05-07 09:14:12,btc,318.7640912216288,0.0,0.00000231,btc,469782.74771828,0.15768308,0.8305908759543184,137
1,[],12,[],2019-05-07 09:14:13,331204.26153954,0.00000207999999999999999057936732327345197290924261324107646942138671875,0.000000000122589584,7564316,2019-05-07 09:14:13,btc,48520.51121783286,0.0,0.00000207999999999999999057936732327345197290924261324107646942138671875,btc,41596.92680232,0.0039245490009681,0.038249609999965496,137
1,[],4,[],2019-05-07 09:14:15,46082.61772065,0.00003652,0.0000000021523901959999997,7564317,2019-05-07 09:14:15,btc,5.258346044481894,0.0,0.00003652,btc,69941.49432136,0.23186608,0.1721874331543883,142
1,[],5,[],2019-05-07 09:14:16,0.0,0,0,7564318,2019-05-07 09:14:16,btc,0.0,0.16432565,0,btc,0.0,0.0,0.0,142
1,[],20,[],2019-05-07 09:14:19,167601.9871,0.00003401,0.000000002004457573,7564319,2019-05-07 09:14:19,btc,1.7086003245498,0.0,0.00003401,btc,8215.5399,0.0,0.059970581787,142
1,[],22,[],2019-05-07 09:14:22,1370.0,0.00000200,0.0000000001178746,7564320,2019-05-07 09:14:22,BTC,3.2756588,0.0,0.00000200,BTC,1135.5948275773155,0.0,0.0003632,142
0.0,[],25,[],2019-05-07 09:14:23,0.0,0,0,7564321,2019-05-07 09:14:23,,0.0,0.0,0.0,btc,0.0,0.0,0.0,142
1,[],28,[],2019-05-07 09:14:25,79102.0,0.00003311,0.000000001951414003,7564322,2019-05-07 09:14:25,btc,0.0580251924,238517.0,0.00003311,btc,463.37303,0.0,0.07347342,142
1,[],17,[],2019-05-03 01:13:16,32967.38636364,0.00000088,0.000000000048224264,7559122,2019-05-03 01:13:16,btc,20.06976206696776,0.0,0.00000088,btc,2746.079105,0.0,0.0105613000000032,142
0,[],22,[],2019-05-07 09:14:27,0.0,0,0,7564323,2019-05-07 09:14:27,,66.66505393,0.0,0,,938775805.8,0.0,0.0,143
0,[],22,[],2019-02-25 15:42:22,0.0,0,0,6783783,2019-02-25 15:42:22,,4.2131946,0.0,0,,2322156.0,0.0,0.0,146
,[],22,[],2018-11-20 23:01:11,0.0,0,0,4862114,2018-11-20 23:01:11,,2.56807021,0.0,,,61828.4988236,0.0,0.0,147
1,[],12,[],2019-04-21 06:38:04,193091.5971266,0.00000071,0.000000000037635183,7388679,2019-04-21 06:38:04,btc,2.301232411611175,0.0,0.00000071,btc,9957.48302385,0.00023528,0.0313308199999888,148
1,[],4,[],2019-03-19 21:31:25,255810.0415942,0.00000029,0.000000000011615747,6982695,2019-03-19 21:31:25,btc,218.94922712414143,0.0,0.00000029,btc,793529.37642722,0.00117,0.0608347789473395,152
0,[],22,[],2019-03-19 21:31:27,0.0,0,0,6982696,2019-03-19 21:31:27,,0.0,0.0,0,,0.0,0.0,0.0,152
1,[],5,[],2019-04-26 09:36:59,0.0,0,0,7465040,2019-04-26 09:36:59,btc,0.0,0.0,0,btc,0.0,0.0,0.0,153
,[],16,[],2019-01-11 15:38:59,0.0,0,0,6366141,2019-01-11 15:38:59,btc,0.0,0.0,,btc,0.0,0.0,0.0,155
0,[],22,[],2019-05-07 09:14:31,0.0,0,0,7564324,2019-05-07 09:14:31,,6.78991271,0.0,0,,4661448.342592592,0.0,0.0,156
0,[],23,[],2019-01-20 23:24:29,0.0,0,0,6476932,2019-01-20 23:24:29,,0.0,0.0,0,,0.0,0.0,0.0,156
1,[],22,[],2019-05-07 09:14:34,7066.0,0.00000800,0.0000000004714984,7564325,2019-05-07 09:14:34,BTC,1.79802465,0.0,0.00000800,BTC,802.6461988741639,0.0,0.00062996,157
0,[],22,[],2019-05-07 09:14:36,0.0,0,0,7564326,2019-05-07 09:14:36,,50234.60468402,0.0,0,,54786159.03179465,0.0,0.0,158
,[],17,[],2018-11-20 22:56:10,0.0,0,0,4861976,2018-11-20 22:56:10,btc,1.1265625,0.0,,btc,1000.0,0.0,0.0,159
,[],20,[],2018-11-20 22:56:12,0.0,0,0,4861977,2018-11-20 22:56:12,btc,11912.7940471,0.0,,btc,34413894.3617,0.0,0.0,159
1,[],12,[],2019-05-07 09:14:37,263510.94862205,0.000003899999999999999929396754527743951257434673607349395751953125,0.00000000022985546999999998,7564327,2019-05-07 09:14:37,btc,13.563552971770955,0.0,0.000003899999999999999929396754527743951257434673607349395751953125,btc,11614.01094598,0.001433131421446,0.0487166688783862,168
1,[],17,[],2019-05-03 01:13:36,42852.0,0.00000002,0.000000000001096006,7559132,2019-05-03 01:13:36,btc,0.04279856251542,0.0,0.00000002,btc,274.46171372,0.0,0.00052852,168
1,[],22,[],2019-05-07 03:57:18,743122.0,0.00000001,0.000000000000593596,7562020,2019-05-07 03:57:18,BTC,41.40912107,0.0,0.00000001,BTC,1593401.2737547632,0.00342649,0.00743122,169
1,[],22,[],2019-05-07 09:14:41,194400.0,0.00000002,0.000000000001178746,7564328,2019-05-07 09:14:41,BTC,30.18748138,0.0,0.00000002,BTC,436527.35474695155,0.0101507,0.001949,171
0.0000000001287977,[],22,[],2019-05-07 09:14:44,94400.0,1.287977e-17,7.59098868421e-22,7564329,2019-05-07 09:14:44,LTC,22.16453409,0.0,0.0000001,LTC,653182.9264972081,0.0,0.00098,173
1,[],5,[],2019-05-06 19:49:32,0.0,0,0,7559281,2019-05-06 19:49:32,btc,0.0,0.00023336,0,btc,0.0,0.0,0.0,175
1,[],22,[],2019-05-07 09:14:47,94350.0,0.00000001,0.000000000000589373,7564330,2019-05-07 09:14:47,BTC,394.02772459,0.0,0.00000001,BTC,139955.2850009791,0.0,0.0009435,176
1,[],7,[],2019-05-07 09:14:48,0.0,0,0,7564331,2019-05-07 09:14:48,btc,520270.96578817914,1500000.0,0,btc,27653386.48336857,0.0,0.0,178
0,[],22,[],2019-05-07 09:14:50,0.0,0,0,7564332,2019-05-07 09:14:50,,1.00242428,0.0,0,,57512.0,0.0,0.0,178
0,[],2,[],2019-01-20 23:28:34,0.0,0,0,6477001,2019-01-20 23:28:34,,0.0,0.0,0,,0.0,0.0,0.0,178
1,[],5,[],2019-05-07 09:14:52,0.0,0,0,7564333,2019-05-07 09:14:52,btc,0.0,0.34137383,0,btc,0.0,0.0,0.0,179
1,[],22,[],2019-05-07 09:14:55,2815038.0,0.00000001,0.000000000000589373,7564334,2019-05-07 09:14:55,BTC,5.33038552,0.0,0.00000001,BTC,13911962.911946677,0.01974639,0.02815038,179
0,[],23,[],2019-01-20 23:25:08,0.0,0,0,6476952,2019-01-20 23:25:08,,0.0,0.0,0,,0.0,0.0,0.0,179
1,[],22,[],2019-05-07 09:15:00,646258.971048321,0.00000085,0.000000000050096705,7564335,2019-05-07 09:15:00,BTC,39.28275209,0.0,0.00000085,"BTC,LTC",153372.4662772762,0.0046898,0.55832964,180
1,[],26,[],2019-05-07 09:15:00,0.0,0.00000120,0.00000000007072476,7564336,2019-05-07 09:15:00,btc,0.0,0.0,0.00000120,btc,0.0,0.0,0.0,180
1,[],17,[],2019-05-03 01:13:56,20504.725000000002,0.0000001,0.00000000000548003,7559141,2019-05-03 01:13:56,btc,5.2010695838400265,0.0,0.0000001,btc,5033.45945,0.0,0.0011504725,180
,[],7,[],2018-11-20 22:58:01,562227.975654,0.00000085,0.000000000036176765,4862015,2018-11-20 22:58:01,btc,21836.6059674,2491.87645172,,btc,749999.041456,0.00211021,0.127565380455,183
,[],5,[],2019-01-10 08:11:41,0.0,0,0,6347036,2019-01-10 08:11:41,btc,82.15055501,0.00261,,btc,1.19002445,0.0,0.0,187
1,[],24,[],2019-04-30 17:34:05,0.0,0.000000000014,7.396256000000001e-16,7526291,2019-04-30 17:34:05,btc,0.0,0.0,0.000000000014,btc,0.0,0.0,0.0,187
,[],17,[],2018-11-16 20:58:10,4062536.27273,0.00000001,0.000000000000550501,4708775,2018-11-16 20:58:10,btc,3.36492563466,0.195460381006,,"btc,eth",110697919.549,0.0,0.0157628953496,187
0,[],22,[],2019-04-25 02:54:07,0.0,0,0,7447896,2019-04-25 02:54:07,,7.54794454,0.0,0,,76361.7243344055,0.0,0.0,191
0,[],22,[],2019-05-07 09:15:06,0.0,0,0,7564337,2019-05-07 09:15:06,,0.0,0.0,0,,0.0,0.0,0.0,197
0,[],23,[],2019-01-20 23:31:41,0.0,0,0,6477079,2019-01-20 23:31:41,,0.0,0.0,0,,0.0,0.0,0.0,199
0.0000000001287977,[],22,[],2019-05-07 09:15:09,54734331.0,2.575954e-18,1.518197736842e-22,7564338,2019-05-07 09:15:09,LTC,18.75578347,0.0,0.00000002,LTC,35255414.0,0.0,0.64068281,199
1,[],26,[],2019-05-07 09:15:09,0.0,0.00000000,0,7564339,2019-05-07 09:15:09,btc,0.0,0.0,0.00000000,btc,0.0,0.0,0.0,199
0,[],2,[],2019-01-20 23:30:49,0.0,0,0,6477059,2019-01-20 23:30:49,,0.0,0.0,0,,0.0,0.0,0.0,201
1,[],4,[],2019-01-25 15:51:35,2084389.58565343,0.00000936,0.000000000333526752,6499557,2019-01-25 15:51:35,btc,2.0092503037378524,0.0,0.00000936,btc,160195.80207885,0.19272417,1.242687955921835,211
1,[],7,[],2019-05-07 09:15:12,14175068.38641121,0.00000087,0.000000000051275451,7564340,2019-05-07 09:15:12,btc,15559126.121263884,603682.149391,0.00000087,btc,12017889.33252454,0.0,2.21970180711238,212
1,[],12,[],2019-01-25 02:44:32,207462.42853209,0.000001080000000000000035831255497387193287295303889550268650054931640625,0.000000000038610756000000006,6493050,2019-01-25 02:44:32,btc,85023.03793723314,0.0,0.000001080000000000000035831255497387193287295303889550268650054931640625,btc,43675.73520027,0.000146250909087,0.0348620860622024,213
1,[],5,[],2019-05-06 19:52:08,0.0,0,0,7559293,2019-05-06 19:52:08,btc,0.0,0.73592961,0,btc,0.0,0.0,0.0,213
1,[],24,[],2019-05-06 19:52:08,0.0,0.000000050000,0.00000000000287967,7559294,2019-05-06 19:52:08,btc,0.0,0.0,0.000000050000,btc,0.0,0.0,0.0,213
1,[],26,[],2019-05-06 19:52:08,0.0,0.00000040,0.00000000002303736,7559295,2019-05-06 19:52:08,btc,0.0,0.0,0.00000040,btc,0.0,0.0,0.0,213
0,[],22,[],2019-05-07 09:15:15,0.0,0,0,7564341,2019-05-07 09:15:15,,11.26999216,0.0,0,,2172454.2040649247,0.0,0.0,216
1,[],27,[],2019-05-07 09:15:30,34096.0,0.00000001,0.000000000000589373,7564342,2019-05-07 09:15:30,btc,58.91787219803932,53250.0,0.00000001,"btc,ltc",212050.497308,0.0005325,0.00034096,216
1,[],22,[],2019-05-07 09:15:33,318548.7573529412,0.00000136,0.00000000008015472799999999,7564343,2019-05-07 09:15:33,BTC,12055.01549494,0.0,0.00000136,BTC,441003.3594231787,0.0159925,0.09546258,217
1,[],7,[],2019-05-07 09:15:34,0.0,0,0,7564344,2019-05-07 09:15:34,btc,111302.56967336107,0.0,0,btc,137382971.78428552,0.0,0.0,219
0,[],27,[],2019-05-07 09:15:43,0.0,0,0,7564345,2019-05-07 09:15:43,,0.01810337,0.0,0,btc,1580037.0,0.0,0.0,219
0.0000000000000044000000000000005,[],28,[],2019-05-07 09:15:45,489172109.014,2.6400440000000003e-18,1.555970652412e-22,7564346,2019-05-07 09:15:45,doge,3650161.3072620197,27051.15,0.00060001,"btc,doge",44741760.5033,0.0,2.828481345591537e-11,219
1,[],22,[],2019-05-07 09:15:47,405857.0,0.00000005,0.000000000002946865,7564347,2019-05-07 09:15:47,BTC,56.83025662,0.0,0.00000005,BTC,168795.81494054076,3.99e-06,0.01336485,221
1,[],24,[],2019-05-07 09:15:48,0.0,0.000000010000,0.000000000000589373,7564348,2019-05-07 09:15:48,btc,0.0,0.0,0.000000010000,btc,0.0,0.0,0.0,221
1,[],20,[],2019-05-07 09:15:49,12215979.1583,0.00000001,0.000000000000589373,7564349,2019-05-07 09:15:49,btc,100092.92235796685,242411.381,0.00000001,btc,22929825.5625,0.0031891439494,0.0533295320409,224
0,[],22,[],2019-05-07 09:15:52,0.0,0,0,7564350,2019-05-07 09:15:52,,0.0,0.0,0,,0.0,0.0,0.0,224
1,[],26,[],2019-05-07 09:15:53,0.0,0.00000026,0.000000000015323698,7564351,2019-05-07 09:15:53,btc,0.0,0.0,0.00000026,btc,0.0,0.0,0.0,231
1,[],26,[],2019-05-07 09:15:53,0.0,0.00000005,0.000000000002946865,7564352,2019-05-07 09:15:53,btc,0.0,0.0,0.00000005,btc,0.0,0.0,0.0,234
0.0000000002979424,[],27,[],2019-05-07 09:16:02,10000.0,2.979424e-18,1.755992061152e-22,7564353,2019-05-07 09:16:02,eth,0.01134836604,0.0,0.00000001,"btc,eth",11462.996,0.0,2.979424e-14,234
1,[],4,[],2019-04-29 21:02:20,217188.93193785,0.00000080,0.00000000004151584,7514327,2019-04-29 21:02:20,btc,5.239800103892936,0.0,0.00000080,btc,797346.30008933,0.0,0.0590549781555679,236
1,[],24,[],2019-04-29 21:02:20,0.0,0.000000100000,0.00000000000518948,7514328,2019-04-29 21:02:20,btc,0.0,0.0,0.000000100000,btc,0.0,0.0,0.0,236
1,[],5,[],2019-05-06 20:53:15,0.0,0,0,7559637,2019-05-06 20:53:15,btc,0.0,0.20253514,0,btc,0.0,0.0,0.0,237
1,[],20,[],2019-05-06 20:53:18,38173217.6136,0.000000083,0.0000000000047460728,7559638,2019-05-06 20:53:18,btc,21342.514614200165,8832375.7238,0.000000083,btc,27701499.3386,0.7554403456107,1.3621107610479,237
1,[],22,[],2019-05-06 20:53:20,343938.0,0.00000009,0.000000000005146344,7559639,2019-05-06 20:53:20,BTC,1.20267422,0.0,0.00000009,BTC,17930.94871794872,0.0,0.01017442,237
1,[],4,[],2019-05-07 09:16:03,10465074.52765624,0.00000017,0.000000000010019340999999999,7564354,2019-05-07 09:16:03,btc,3.1888836504502147,0.0,0.00000017,btc,8184090.78700978,0.74548782,0.7929265884813587,238
1,[],5,[],2019-05-07 09:16:05,0.0,0,0,7564355,2019-05-07 09:16:05,btc,0.0,0.03561529,0,btc,0.0,0.0,0.0,238
0,[],22,[],2019-03-12 16:49:32,0.0,0,0,6914458,2019-03-12 16:49:32,,0.40415746,0.0,0,,526736.5639027493,0.0,0.0,249
0,[],22,[],2019-05-07 09:16:07,0.0,0,0,7564356,2019-05-07 09:16:07,,3.54662465,0.0,0,,30110896.842645504,0.0,0.0,252
1,[],28,[],2019-05-07 09:16:09,42062958.508,0.00000042,0.000000000024753665999999998,7564357,2019-05-07 09:16:09,btc,3.603734821279,455929.7472,0.00000042,btc,2998071.2961,0.0,0.72018620688,256
1,[],22,[],2019-05-07 09:18:10,1088993.5,0.00000002,0.000000000001178746,7564358,2019-05-07 09:18:10,BTC,20.52854509,0.0,0.00000002,BTC,506683.6784457373,2.75e-06,0.01124633,258
1,[],22,[],2019-03-13 00:07:30,47146.0,0.00000001,0.000000000000387233,6917028,2019-03-13 00:07:30,BTC,2.415167,0.0,0.00000001,BTC,157.0,0.0,0.00047146,259
1,[],5,[],2019-05-07 09:18:11,0.0,0,0,7564359,2019-05-07 09:18:11,btc,0.0,0.38951017,0,btc,0.0,0.0,0.0,264
1,[],20,[],2019-05-07 09:18:13,1263532.1261,0.000001064,0.0000000000627092872,7564360,2019-05-07 09:18:13,btc,4.8269570006036,60269.7202,0.000001064,btc,95751.7266,0.0765687566963,0.0269651691125,264
0,[],22,[],2019-04-12 17:57:27,0.0,0,0,7278186,2019-04-12 17:57:27,,66.37522201,0.0,0,,677842.4169881374,0.0,0.0,271
0,[],22,[],2019-05-07 09:18:16,0.0,0,0,7564361,2019-05-07 09:18:16,,33051802.3172899,0.0,0,,15696307799.7,0.0,0.0,272
0.0000000000000044000000000000005,[],28,[],2019-05-07 09:18:29,399476115975.5,1.056e-21,6.223778880000001e-26,7564362,2019-05-07 09:18:29,doge,26838969.841179468,1277624578.75,0.00000024,doge,353904979136.509,0.0,2.2557269117807602e-10,272
1,[],22,[],2019-05-07 08:18:36,168039.7,0.00000013,0.000000000007685496000000001,7563911,2019-05-07 08:18:36,BTC,427.42495672,0.0,0.00000013,BTC,249705.37764460206,0.0,0.00918978,281
1,[],22,[],2019-05-07 09:18:33,105531.1,0.00000002,0.000000000001178746,7564363,2019-05-07 09:18:33,BTC,536.90482736,0.0,0.00000002,"BTC,LTC",600640.2922801868,0.00065847,0.00756194,286
0,[],22,[],2019-05-07 09:18:36,0.0,0,0,7564364,2019-05-07 09:18:36,,7337883.29829334,0.0,0,,1299453029.2797825,0.0,0.0,294
