pairValue,buyBook,exchangeId,sellBook,updated,buyTotal,satoshiPrice,usdPrice,exchangeLogId,created,bestPair,sellTotalBtc,volume,pairPrice,activePairs,sellTotal,volumeBtc,buyTotalBtc,coinId
1,[],3,[],2019-05-10 19:29:20,32389.07490768817,0.0102615599999999994318411467020268901251256465911865234375,0.00000065631398526,7611906,2019-05-10 19:29:20,btc,3.8054550247164887,207.049769558,0.0102615599999999994318411467020268901251256465911865234375,btc,22.16844997243,0.0,0.4454508463235299,1
1,[],4,[],2019-05-10 19:29:20,294649.43694869,0.01051094,0.00000067226395599,7611907,2019-05-10 19:29:20,btc,8.992141567917878,0.0,0.01051094,btc,410.25634694,1.52655128,0.6577670497667085,1
1,[],5,[],2019-05-10 19:29:22,0.0,0,0,7611908,2019-05-10 19:29:22,btc,0.0,0.07949781,0,btc,0.0,0.0,0.0,1
1,[],10,[],2019-05-10 19:29:25,184849.11941502,0.0090155,0.00000057661785675,7611909,2019-05-10 19:29:25,btc,6525.311392008226,1515.44691513,0.0090155,btc,1479.4708678,0.0,3.5456714556629167,1
1,[],12,[],2019-05-10 19:29:27,102.53718257999999,0.010540000000000000757172102794356760568916797637939453125,0.0000006741225900000001,7611910,2019-05-10 19:29:27,btc,0.1345535921296,0.0,0.010540000000000000757172102794356760568916797637939453125,btc,8.9510137,0.3719399284312,0.6312245397057,1
1,[],20,[],2019-05-10 19:29:29,975.4164,0.010710031,0.0000006849975177135,7611911,2019-05-10 19:29:29,btc,0.078953598354,0.0188,0.010710031,btc,5.2209,0.0002209,0.1760380819662,1
1,[],21,[],2019-05-10 19:29:30,1986.82231435,0.01061089999999999949897855345,0.00000067865724765,7611912,2019-05-10 19:29:30,btc,15.827125614671553,6714.7170492800005,0.010610899999999999498978553447159356437623500823974609375,"btc,eth",1880.0461792,68.8107794314321,13.277224456708945,1
0,[],22,[],2019-05-10 19:29:33,0.0,0,0,7611913,2019-05-10 19:29:33,,0.3163308,0.0,0,,0.2527518593615956,0.0,0.0,1
1,[],24,[],2019-05-10 19:29:34,0.0,0.000000000000,0,7611914,2019-05-10 19:29:34,btc,0.0,0.0,0.000000000000,btc,0.0,0.0,0.0,1
0.0,[],25,[],2019-05-10 19:29:34,0.0,0,0,7611915,2019-05-10 19:29:34,btc,36.09999999863403,3270.5866693,0.0,btc,3317.34236254,35.0312,0.0,1
1,[],26,[],2019-05-10 19:29:36,0.0,0,0,7611916,2019-05-10 19:29:36,,0.0,0.0,0,,0.0,0.0,0.0,1
0,[],28,[],2019-05-10 19:19:34,0.0,0,0,7611766,2019-05-10 19:19:34,,0.0,0.0,0,,0.0,0.0,0.0,1
0,[],2,[],2019-01-20 23:28:45,0.0,0,0,6477011,2019-01-20 23:28:45,,0.0,0.0,0,,0.0,0.0,0.0,1
1,[],5,[],2019-05-10 19:19:36,0.0,0,0,7611767,2019-05-10 19:19:36,btc,0.0,0.00862876,0,btc,0.0,0.0,0.0,2
0,[],22,[],2019-05-10 19:19:38,0.0,0,0,7611768,2019-05-10 19:19:38,,0.0,0.0,0,,0.0,0.0,0.0,2
1,[],5,[],2019-05-10 19:19:40,0.0,0,0,7611769,2019-05-10 19:19:40,btc,0.0,0.06754097,0,btc,0.0,0.0,0.0,3
1,[],12,[],2019-05-10 19:19:41,2270668.8980081,0.000000146,0.000000000009345445400000001,7611770,2019-05-10 19:19:41,btc,2714596.6997446027,0.0,0.000000146,btc,4277237.88652839,0.04742990431639271,0.22166551233605258,3
0,[],28,[],2019-05-10 19:19:43,0.0,0,0,7611771,2019-05-10 19:19:43,,0.0,0.0,0,,0.0,0.0,0.0,3
0,[],2,[],2019-01-20 23:31:32,0.0,0,0,6477077,2019-01-20 23:31:32,,0.0,0.0,0,,0.0,0.0,0.0,4
1,[],4,[],2019-04-26 19:14:12,610911.70993152,0.00000026,0.000000000013566046,7471614,2019-04-26 19:14:12,btc,31.457742656463164,0.0,0.00000026,btc,718733.71307795,0.00142695,0.0638464483338706,4
0,[],12,[],2019-04-25 23:08:22,0.0,0,0,7459310,2019-04-25 23:08:22,btc,1111851.94727753,0.0,0,btc,953412.0,0.0,0.0,5
0,[],2,[],2019-01-20 23:31:51,0.0,0,0,6477087,2019-01-20 23:31:51,,0.0,0.0,0,,0.0,0.0,0.0,6
1,[],11,[],2019-05-10 19:19:44,5042415.307535999,0.00000001,0.000000000000640099,7611772,2019-05-10 19:19:44,btc,9576.517452469494,953882.934,0.00000001,btc,47429888.75253575,0.0,0.05042415307536,6
1,[],3,[],2019-05-10 19:19:45,11085.725973672708,0.00014013000000000000173742964459933091347920708358287811279296875,0.000000008969707287,7611773,2019-05-10 19:19:45,btc,14.861054371219932,72.2557011207,0.00014013000000000000173742964459933091347920708358287811279296875,btc,347.225549964109,0.0,0.03044584516475493,7
1,[],4,[],2019-05-10 19:19:47,34046.62693275,0.00013210,0.00000000845570779,7611774,2019-05-10 19:19:47,btc,7.98093397101318,0.0,0.00013210,btc,35860.23935533,3.22933487,1.7883290311475002,7
1,[],5,[],2019-05-10 19:19:48,0.0,0,0,7611775,2019-05-10 19:19:48,btc,0.0,1.86660809,0,btc,0.0,0.0,0.0,7
1,[],20,[],2019-04-07 22:06:50,3201475.0482,0.000000001,0.000000000000051590000000000004,7213932,2019-04-07 22:06:50,btc,30.8005781811902,0.0,0.000000001,btc,23077405.3926,0.0,0.0032014750482,8
0,[],2,[],2019-01-20 23:22:42,0.0,0,0,6476876,2019-01-20 23:22:42,,0.0,0.0,0,,0.0,0.0,0.0,9
0,[],23,[],2019-01-20 23:22:48,0.0,0,0,6476878,2019-01-20 23:22:48,,0.0,0.0,0,,0.0,0.0,0.0,9
1,[],4,[],2019-05-10 19:19:51,21357961.34239462,0.00000072,0.000000000046087128,7611776,2019-05-10 19:19:51,btc,4.588619115421137,0.0,0.00000072,btc,3528854.45849058,0.99045775,0.5973522900801271,9
0,[],28,[],2019-05-10 19:19:52,0.0,0,0,7611777,2019-05-10 19:19:52,,0.0,0.0,0,,0.0,0.0,0.0,9
1,[],1,[],2019-02-17 23:31:42,1822507.21,0.00000181000000000000003456111265232042484285557293333113193511962890625,0.000000000066086901,6701244,2019-02-17 23:31:42,btc,3.6990969245,17153386.5,0.00000181000000000000003456111265232042484285557293333113193511962890625,btc,1997391.71,31.11772986,3.2610482446,9
1,[],4,[],2019-02-17 11:22:43,4341674.27126056,0.00000002,0.0000000000007272960000000001,6696112,2019-02-17 11:22:43,btc,0.1997230937751353,0.0,0.00000002,btc,4109766.79808031,0.00215132,0.0479381022052112,10
0,[],2,[],2019-01-20 23:23:08,0.0,0,0,6476890,2019-01-20 23:23:08,,0.0,0.0,0,,0.0,0.0,0.0,12
1,[],4,[],2019-05-10 19:19:53,10298295.19877067,0.00000079,0.000000000050567821,7611778,2019-05-10 19:19:53,btc,7.347719000585707,0.0,0.00000079,btc,5448799.10204564,1.34395504,4.452595240586063,12
1,[],5,[],2019-05-10 19:19:54,0.0,0,0,7611779,2019-05-10 19:19:54,btc,0.0,0.17294003,0,btc,0.0,0.0,0.0,12
0.0,[],25,[],2019-05-10 19:19:55,0.0,0,0,7611780,2019-05-10 19:19:55,,0.0,0.0,0.0,btc,0.0,0.0,0.0,12
1,[],4,[],2019-05-10 19:19:56,32048124.58862603,0.00000575,0.00000000036805692499999997,7611781,2019-05-10 19:19:56,btc,2.4058635674909135,0.0,0.00000575,btc,291391.53587634,0.42280023,0.9448626047971032,13
1,[],10,[],2019-05-10 19:19:59,537209.37410337,0.0000056,0.00000000035845543999999997,7611782,2019-05-10 19:19:59,btc,666793.5640348952,84687.0136149,0.0000056,btc,727909.13728814,0.0,0.4656044561272029,13
1,[],21,[],2019-05-10 19:20:00,3850303.34932705,0.000005699999999999999636185119001,0.00000000036485643,7611783,2019-05-10 19:20:00,btc,3.9380913662686603,776188.42532338,0.00000569999999999999963618511900076413212445913814008235931396484375,btc,583388.08733891,4.54126637,18.48586279079631,13
1,[],4,[],2019-05-10 19:20:01,1010756.09034315,0.00000089,0.000000000056968811,7611784,2019-05-10 19:20:01,btc,6.318526240190919,0.0,0.00000089,btc,1264351.65011885,0.01092015,0.1471114925566416,14
1,[],12,[],2019-05-10 19:20:03,254924.37460576,0.00000085,0.000000000054408415,7611785,2019-05-10 19:20:03,btc,0.11809204487806481,0.0,0.00000085,btc,14631.03903504,5.24475524475e-05,0.0284528399999806,14
1,[],26,[],2019-05-10 19:20:04,0.0,0.00000050,0.00000000003200495,7611786,2019-05-10 19:20:04,btc,0.0,0.0,0.00000050,btc,0.0,0.0,0.0,14
0,[],17,[],2019-05-03 00:53:32,0.0,0,0,7558876,2019-05-03 00:53:32,btc,0.0,0.0,0,btc,0.0,0.0,0.0,14
0,[],4,[],2019-05-10 19:20:05,0.0,0,0,7611787,2019-05-10 19:20:05,,0.0,0.0,0,,0.0,0.0,0.0,15
,[],12,[],2018-12-01 15:15:48,204241.84496,0.00000489,0.000000000202473384,5260204,2018-12-01 15:15:48,btc,49.5475654835,0.0,,btc,35763.2193806,0.0163153972027625,0.0203389899998,15
0,[],2,[],2019-01-20 23:23:38,0.0,0,0,6476906,2019-01-20 23:23:38,,0.0,0.0,0,,0.0,0.0,0.0,18
0,[],17,[],2019-05-03 00:53:39,0.0,0,0,7558882,2019-05-03 00:53:39,btc,0.0,0.0,0,btc,0.0,0.0,0.0,18
1,[],4,[],2019-05-10 18:27:50,28776.34937785,0.00001234,0.0000000007894021400000001,7611634,2019-05-10 18:27:50,btc,1.1499529573575815,0.0,0.00001234,btc,17220.70902449,0.01627469,0.0754513837602453,18
1,[],10,[],2019-05-10 18:27:52,167223.74052086,0.00001498,0.0000000009582855800000002,7611635,2019-05-10 18:27:52,btc,15.40675668446241,13978.3312946,0.00001498,btc,9849.3591226,0.0,0.5255361729560484,18
1,[],12,[],2019-05-10 18:27:53,221974.69851162,0.00001321000000000000057748077153529919769425760023295879364013671875,0.0000000008450569100000001,7611636,2019-05-10 18:27:53,btc,33215.319970734716,0.0,0.00001321000000000000057748077153529919769425760023295879364013671875,btc,1213.75738086,0.00014770654,0.0124570919944833,18
0,[],2,[],2019-01-20 23:24:19,0.0,0,0,6476924,2019-01-20 23:24:19,,0.0,0.0,0,,0.0,0.0,0.0,19
1,[],3,[],2019-05-10 19:20:07,158688.8877049728,0.0000128900000000000002531481968492954592875321395695209503173828125,0.000000000825087611,7611788,2019-05-10 19:20:07,btc,0.2553687136702769,877.526669329,0.0000128900000000000002531481968492954592875321395695209503173828125,btc,7190.606008727577,0.0,0.05141132560654849,19
1,[],4,[],2019-05-10 19:20:08,449505.26076433,0.00001229,0.000000000786681671,7611789,2019-05-10 19:20:08,btc,3.5853062895783987,0.0,0.00001229,btc,117516.56573701,0.27018578,0.6522464909502032,19
1,[],5,[],2019-05-10 19:20:09,0.0,0,0,7611790,2019-05-10 19:20:09,btc,0.0,0.00082646,0,btc,0.0,0.0,0.0,19
1,[],12,[],2019-05-10 19:20:10,207932.01149447,0.00001283000000000000082761054953639501263751299120485782623291015625,0.0000000008212470170000001,7611791,2019-05-10 19:20:10,btc,0.3019546778992115,0.0,0.00001283000000000000082761054953639501263751299120485782623291015625,btc,2997.57901296,0.0020133841977322,0.08588627840422851,19
1,[],27,[],2019-05-10 19:20:24,100.0,0.0000001,0.00000000000640099,7611792,2019-05-10 19:20:24,btc,0.0,0.0,0.0000001,btc,0.0,0.0,1e-05,19
1,[],4,[],2019-05-10 19:20:25,1834878.57391266,0.00000010,0.00000000000640099,7611793,2019-05-10 19:20:25,btc,5.279309685630553,0.0,0.00000010,btc,2279170.28595418,0.0,0.0608385352282092,20
1,[],4,[],2019-05-10 19:20:26,74582902.90551692,0.00000001,0.000000000000640099,7611794,2019-05-10 19:20:26,btc,39078.62394997201,0.0,0.00000001,btc,56276106.68986641,0.00486635,0.7458290290551692,21
1,[],12,[],2019-05-10 19:20:27,5217850.0,0.00000001,0.000000000000640099,7611795,2019-05-10 19:20:27,btc,2895.661719010819,0.0,0.00000001,btc,7235925.79820176,0.00016704,0.0521785,21
0,[],17,[],2019-05-03 00:53:51,0.0,0,0,7558891,2019-05-03 00:53:51,btc,0.0,0.0,0,btc,0.0,0.0,0.0,21
1,[],12,[],2019-05-10 19:20:28,8128030211.808,0.0000000005,0.00000000000003200495,7611796,2019-05-10 19:20:28,btc,311121803778.06036,0.0,0.0000000005,btc,2784728156.738666,0.09984412909690316,2.004343587204,23
0.0000000002729543,[],27,[],2019-05-10 19:20:43,3792804.0,2.7295429999999998e-18,1.7471777447569999e-22,7611797,2019-05-10 19:20:43,eth,10183.650405677312,730273122.5545539,0.00000001,eth,6790468.9664,3.9866237792160345e-09,1.0352621608572e-11,23
1,[],4,[],2019-05-10 19:20:43,835502.56600985,0.00000030,0.00000000001920297,7611798,2019-05-10 19:20:43,btc,14.065192042523822,0.0,0.00000030,btc,2108115.31601572,0.02221569,0.0703076855179989,24
1,[],22,[],2019-05-10 19:20:48,21.76,0.00000100,0.0000000000640099,7611799,2019-05-10 19:20:48,BTC,7.415e-05,0.0,0.00000100,BTC,23.919354838709676,0.0,1.186e-05,24
0.0,[],25,[],2019-05-10 19:20:49,0.0,0,0,7611800,2019-05-10 19:20:49,,0.0,0.0,0.0,btc,0.0,0.0,0.0,24
1,[],4,[],2019-05-10 19:20:50,26992473.07472255,0.00000412,0.000000000263720788,7611801,2019-05-10 19:20:50,btc,11.257298474699171,0.0,0.00000412,btc,332359.55153522,0.16694322,0.5192885133886225,26
1,[],10,[],2019-05-10 19:20:52,117435.88653299,0.00000852,0.000000000545364348,7611802,2019-05-10 19:20:52,btc,25.848939365745206,3203.16254881,0.00000852,btc,20006.96842861,0.0,0.0667422490146594,26
0,[],2,[],2019-01-20 23:25:56,0.0,0,0,6476976,2019-01-20 23:25:56,,0.0,0.0,0,,0.0,0.0,0.0,26
1,[],11,[],2019-04-30 04:16:17,7094566.83690364,0.00000006,0.000000000003115554,7518027,2019-04-30 04:16:17,btc,67504.138725751,6116.07566417,0.00000006,btc,6591680.7351637,0.0,0.38529422037817224,27
1,[],5,[],2019-04-26 09:47:06,0.0,0,0,7465326,2019-04-26 09:47:06,btc,0.0,0.0,0,btc,0.0,0.0,0.0,27
1,[],3,[],2019-04-28 02:38:55,141621.60361514,0.00000001,0.0000000000005253330000000001,7491060,2019-04-28 02:38:55,btc,2.501704004580372,921815.184511,0.00000001,btc,21091882.2176418,0.0,0.0014162160361513999,27
1,[],4,[],2019-05-10 19:20:53,1538205289.503862,0.00000001,0.000000000000640099,7611803,2019-05-10 19:20:53,btc,5.435170979191585,0.0,0.00000001,"btc,ltc",290070051.40842074,1.18961096,9.973187242038067,29
1,[],7,[],2019-05-10 19:20:54,113405941.7229273,0.00000001,0.000000000000640099,7611804,2019-05-10 19:20:54,btc,46550610.70876597,944251.965755,0.00000001,btc,41370731.39113769,0.01888504,1.134059417229273,29
0,[],17,[],2019-05-03 01:11:25,0.0,0,0,7559066,2019-05-03 01:11:25,btc,0.0,0.0,0,btc,0.0,0.0,0.0,30
1,[],4,[],2019-05-10 19:20:55,1520143.39444056,0.00000011,0.000000000007041089,7611805,2019-05-10 19:20:55,btc,2.8591955631219697,0.0,0.00000011,btc,2549158.44847338,0.00073186,0.0364778441579838,30
1,[],4,[],2019-05-10 19:20:57,279774.84270954,0.00005206,0.000000003332355394,7611806,2019-05-10 19:20:57,btc,6.146435254849156,0.0,0.00005206,btc,59606.52119469,0.5011464,0.7577687252810063,31
1,[],21,[],2019-05-10 19:20:58,45000.08114276,0.00005156000000000000101259278740,0.000000003300350444,7611807,2019-05-10 19:20:58,btc,3.9048070186744055,179604.91702375,0.00005156000000000000101259278739718183715012855827808380126953125,btc,67490.65971097,9.50706797,1.9959562974051877,31
0,[],2,[],2019-01-20 23:28:43,0.0,0,0,6477009,2019-01-20 23:28:43,,0.0,0.0,0,,0.0,0.0,0.0,32
0,[],4,[],2019-05-10 19:20:59,0.0,0,0,7611808,2019-05-10 19:20:59,,0.0,0.0,0,,0.0,0.0,0.0,33
1,[],12,[],2019-03-30 07:55:10,40641173.964,0.00000003,0.000000000001228359,7108785,2019-03-30 07:55:10,btc,4233210.82356125,0.0,0.00000003,btc,28378394.68333462,0.0126927883965248,0.90752895892,33
1,[],4,[],2019-05-10 19:21:00,1458216.76861,0.00000001,0.000000000000640099,7611809,2019-05-10 19:21:00,btc,3.9061700136773063,0.0,0.00000001,btc,153864824.03281787,0.0004512,0.0145821676861,34
1,[],5,[],2019-05-10 19:21:04,0.0,0,0,7611810,2019-05-10 19:21:04,btc,0.0,0.01141534,0,btc,0.0,0.0,0.0,34
0.000000000133684,[],4,[],2019-05-02 18:17:45,3384239970.6360936,1.3368400000000002e-18,7.293946092400001e-23,7556428,2019-05-02 18:17:45,ltc,5.381102735485169e-08,0.0,0.00000001,ltc,6862894551.7408495,0.0,4.524187362345155e-09,36
1,[],5,[],2019-05-02 18:17:46,0.0,0,0,7556429,2019-05-02 18:17:46,btc,0.0,0.0,0,btc,0.0,0.0,0.0,36
0.0000000002926451,[],17,[],2019-05-02 18:17:47,200000.0,2.9264510000000002e-18,1.596703856561e-22,7556430,2019-05-02 18:17:47,eth,0.20942468735267253,0.0,0.00000001,"btc,eth",1018272.20243647,0.0,5.852902e-13,36
0.000000000133684,[],27,[],2019-05-02 18:17:55,7883196.008,1.3368400000000002e-18,7.293946092400001e-23,7556431,2019-05-02 18:17:55,ltc,25567.4086131264,0.0,0.00000001,"ltc,eth",21753551.64,0.0,1.0538571751334722e-11,36
1,[],17,[],2019-05-03 01:11:36,211752.74075282,0.00000025,0.000000000013700074999999998,7559074,2019-05-03 01:11:36,btc,0.055484923955058496,0.0,0.00000025,"btc,eth",1387.19918473,0.0,0.0005381851887916605,37
1,[],4,[],2019-05-10 19:21:05,279860.67951792,0.00000023,0.000000000014722277,7611811,2019-05-10 19:21:05,btc,19772.872118295654,0.0,0.00000023,btc,952068.67844371,0.01727177,0.0237671692437182,37
1,[],12,[],2019-05-10 19:21:06,1057509.47619046,0.00000021,0.000000000013442079,7611812,2019-05-10 19:21:06,btc,19604.348876503886,0.0,0.00000021,btc,445825.17403964,0.0205504498822824,0.09456144999999659,37
1,[],27,[],2019-05-10 19:21:17,1600.0,0.00000015,0.000000000009601485,7611813,2019-05-10 19:21:17,btc,24.12824334291843,0.0,0.00000015,btc,5839.49448498,0.0,3e-05,37
1,[],5,[],2019-05-10 19:21:18,0.0,0,0,7611814,2019-05-10 19:21:18,btc,0.0,0.02509269,0,btc,0.0,0.0,0.0,42
1,[],12,[],2019-05-10 19:21:20,367238.43253176,0.0000022900000000000000975435010541758629187825135886669158935546875,0.000000000146582671,7611815,2019-05-10 19:21:20,btc,2227595.2665098826,0.0,0.0000022900000000000000975435010541758629187825135886669158935546875,btc,85879.86861405,0.3804303326508938,0.0927209401148966,42
1,[],27,[],2019-05-10 19:21:32,506.0,0.00000002,0.000000000001280198,7611816,2019-05-10 19:21:32,btc,1.26188489793465,0.0,0.00000002,"btc,eth",1317.3275157,0.0,3.0000004246077092e-06,42
1,[],12,[],2019-03-13 09:13:29,1112112.0,0.00000001,0.000000000000386531,6919902,2019-03-13 09:13:29,btc,29058.00478931866,0.0,0.00000001,btc,5967681.93306694,9.99000999e-07,0.01112112,43
1,[],5,[],2019-04-26 22:38:52,0.0,0,0,7474154,2019-04-26 22:38:52,btc,0.0,0.02638891,0,btc,0.0,0.0,0.0,43
0,[],17,[],2019-04-26 22:38:53,0.0,0,0,7474155,2019-04-26 22:38:53,btc,0.0,0.0,0,btc,0.0,0.0,0.0,43
1,[],12,[],2019-03-05 01:54:08,639326.02,0.00000004,0.000000000001486676,6845775,2019-03-05 01:54:08,btc,11116042.728239931,0.0,0.00000004,btc,1103841.4595604,0.0003330765234764,0.014975410599999999,44
1,[],4,[],2019-05-10 19:21:33,130964427.34668,0.00000001,0.000000000000640099,7611817,2019-05-10 19:21:33,btc,436.82523408543165,0.0,0.00000001,"btc,ltc",23049031.09584506,0.00638289,0.281159003083271,49
0.0000000001196973,[],4,[],2019-05-10 19:21:33,74447601.81438285,7.9000218e-17,5.0567960541582e-21,7611818,2019-05-10 19:21:33,ltc,21614.616836086174,0.0,0.00000066,ltc,105275959.37835592,0.00010578,1.6704617777062506e-09,52
0,[],22,[],2019-05-10 19:21:37,0.0,0,0,7611819,2019-05-10 19:21:37,,10289.62709543,0.0,0,,309505736.4566013,0.0,0.0,57
0,[],27,[],2019-05-10 19:21:45,0.0,0,0,7611820,2019-05-10 19:21:45,,0.0,0.0,0,"btc,eth",0.0,0.0,0.0,57
0.0000000001196973,[],4,[],2019-05-10 19:21:46,1050879965.9406304,1.196973e-18,7.66181220327e-23,7611821,2019-05-10 19:21:46,ltc,19.11026156973325,0.0,0.00000001,ltc,6034373403.452434,0.0,1.2578749454718541e-09,58
1,[],17,[],2019-05-03 01:12:09,1200000.0,0.0000000001,0.00000000000000548003,7559085,2019-05-03 01:12:09,btc,1e+24,0.0,0.0000000001,"btc,eth",39516342.31952568,0.0,0.00010000000058666061,58
1,[],12,[],2019-05-10 19:21:47,1557674652.0,0.0000000001,0.00000000000000640099,7611822,2019-05-10 19:21:47,btc,11897162.864071844,0.0,0.0000000001,btc,4365107509.845155,0.020438834163536458,0.1557674652,58
0.0000000001040763,[],22,[],2019-05-10 19:21:51,137323.0,1.040763e-18,6.66191355537e-23,7611823,2019-05-10 19:21:51,XMR,69.17947824,0.0,0.00000001,XMR,9887848.044444444,0.0,0.00137323,58
1,[],5,[],2019-05-10 19:21:53,0.0,0,0,7611824,2019-05-10 19:21:53,btc,0.0,0.00508849,0,btc,0.0,0.0,0.0,61
1,[],22,[],2019-05-10 19:21:56,13613.833333333334,0.00000012,0.000000000007681188,7611825,2019-05-10 19:21:56,BTC,1002.29626883,0.0,0.00000012,BTC,15392.180177125656,0.0,0.00153269,61
1,[],26,[],2019-05-10 19:21:57,0.0,0.00000050,0.00000000003200495,7611826,2019-05-10 19:21:57,btc,0.0,0.0,0.00000050,btc,0.0,0.0,0.0,61
0.0000000002729543,[],27,[],2019-05-10 19:22:08,100000.0,2.7295429999999998e-18,1.7471777447569999e-22,7611827,2019-05-10 19:22:08,eth,1.9482732497246655,0.0,0.00000001,"btc,eth",13266.51663696,0.0,2.7295429999999997e-13,61
1,[],28,[],2019-05-10 19:22:10,1039.304,0.00000008,0.000000000005120792,7611828,2019-05-10 19:22:10,btc,2.056501795415105,837.0,0.00000008,btc,10022.46650005,0.0,2.439304e-05,61
1,[],4,[],2019-05-10 19:22:11,1227441.26911181,0.00000099,0.000000000063369801,7611829,2019-05-10 19:22:11,btc,2.1660137642089685,0.0,0.00000099,btc,702970.53463734,0.02763915,0.7936389895983038,67
0.0,[],25,[],2019-05-10 19:22:12,0.0,0,0,7611830,2019-05-10 19:22:12,,0.0,0.0,0.0,btc,0.0,0.0,0.0,67
1,[],12,[],2019-05-10 19:22:14,1436657.895,0.00000014,0.000000000008961386000000001,7611831,2019-05-10 19:22:14,btc,55556353.3625223,0.0,0.00000014,btc,1525966.45656781,6.3299060938e-05,0.0217246153,71
,[],5,[],2018-11-20 23:02:39,1.5e-07,0.00000005,0.000000000002128045,4862160,2018-11-20 23:02:39,btc,2.84511358,0.0,,btc,0.00036572,0.0,0.07381892,74
1,[],5,[],2019-05-10 19:22:16,0.0,0,0,7611832,2019-05-10 19:22:16,btc,0.0,0.01420895,0,btc,0.0,0.0,0.0,75
0,[],20,[],2019-01-25 09:30:31,0.0,0,0,6495923,2019-01-25 09:30:31,btc,0.0,0.0,0,btc,0.0,0.0,0.0,81
1,[],4,[],2019-05-10 19:22:16,78543.099,0.00000001,0.000000000000640099,7611833,2019-05-10 19:22:16,btc,133647.82998296857,0.0,0.00000001,btc,35130061.32523591,0.0,0.00078543099,81
1,[],4,[],2019-05-10 19:22:18,26236.0379526,0.00006922,0.000000004430765278,7611834,2019-05-10 19:22:18,btc,18.56674781114734,0.0,0.00006922,btc,25544.22362506,0.13055263,0.2279293114149798,82
1,[],21,[],2019-05-10 19:22:19,248699.0847034,0.00006805999999999999550137630422,0.000000004356513793999999,7611835,2019-05-10 19:22:19,btc,2.797286313714385,4828.00528164,0.00006805999999999999550137630421886569820344448089599609375,btc,36027.14276796,0.33614297,1.4585079798185019,82
0,[],17,[],2019-03-25 22:42:34,0.0,0,0,7038780,2019-03-25 22:42:34,btc,0.0445064681804024,0.0,0,btc,995513.18476001,0.0,0.0,84
0.00000000013644,[],4,[],2019-05-01 19:17:39,299701867.376,1.3644e-18,7.259508504e-23,7542161,2019-05-01 19:17:39,ltc,1.6769037726995486,0.0,0.00000001,ltc,427823536.87452894,0.00010978,4.089132278478144e-10,85
,[],22,[],2018-11-20 23:09:34,3408.1,0.0000001,0.0000000000041895,4862324,2018-11-20 23:09:34,BTC,0.04624735,0.0,,BTC,4990.0,0.0,0.00033081,86
1,[],22,[],2019-05-10 19:22:23,89999.0,0.00000001,0.000000000000640099,7611836,2019-05-10 19:22:23,BTC,3.66432991,0.0,0.00000001,BTC,332904.29736842104,0.0,0.00089999,87
1,[],27,[],2019-05-10 19:22:32,10674.0,0.00000001,0.000000000000640099,7611837,2019-05-10 19:22:32,btc,4.960708560736,0.0,0.00000001,btc,10217.62841,0.0,0.00010674,87
,[],2,[],2018-11-20 23:10:47,0.0,0,0,4862359,2018-11-20 23:10:47,,0.0,0.0,,,0.0,0.0,0.0,88
1,[],11,[],2019-05-10 19:22:33,79498.1196627,0.00014599999999999999805190553647804563297540880739688873291015625,0.0000000093454454,7611838,2019-05-10 19:22:33,btc,176.62160790934607,3277.66705882,0.00014599999999999999805190553647804563297540880739688873291015625,btc,188427.82417678,0.0,4.64710058936388,89
0,[],2,[],2019-01-20 23:31:45,0.0,0,0,6477083,2019-01-20 23:31:45,,0.0,0.0,0,,0.0,0.0,0.0,91
0,[],17,[],2019-05-03 01:12:26,0.0,0,0,7559096,2019-05-03 01:12:26,btc,0.0,0.0,0,btc,0.0,0.0,0.0,91
1,[],12,[],2019-05-10 19:22:35,422457.3789828,0.00000066,0.000000000042246534,7611839,2019-05-10 19:22:35,btc,89.7121113213075,0.0,0.00000066,btc,166543.89649123,0.0,0.0407925495999717,91
1,[],22,[],2019-05-10 19:22:39,76014.0,0.0000008,0.00000000005120792,7611840,2019-05-10 19:22:39,BTC,0.1,0.0,0.0000008,"BTC,LTC",1.0,0.0,0.0017135,91
1,[],22,[],2019-04-09 20:17:52,374949.73333333334,0.00000015,0.000000000007771935,7235704,2019-04-09 20:17:52,BTC,6.87372503,0.0,0.00000015,"BTC,LTC",159980.01196797504,1.1e-05,0.80510266,95
0,[],17,[],2019-05-03 01:12:32,0.0,0,0,7559100,2019-05-03 01:12:32,btc,0.0,0.0,0,btc,0.0,0.0,0.0,96
0.0000000001196973,[],4,[],2019-05-10 19:22:42,549278484.2779236,7.6606272e-17,4.9035598100928e-21,7611841,2019-05-10 19:22:42,ltc,11.324696042556088,0.0,0.00000064,ltc,134543548.62415916,0.06018841,1.4216815729699928e-09,96
0,[],12,[],2019-05-10 19:22:43,0.0,0,0,7611842,2019-05-10 19:22:43,btc,25054.270770604115,0.0,0,btc,7546941.23081917,9.96295e-05,0.0,96
1,[],4,[],2019-04-14 03:32:46,1039404.33283278,0.00000038,0.000000000019245518,7293458,2019-04-14 03:32:46,btc,4.170086055365747,0.0,0.00000038,btc,3097704.34561074,0.06260606,0.1859928211030784,99
0,[],2,[],2019-01-20 23:23:55,0.0,0,0,6476914,2019-01-20 23:23:55,,0.0,0.0,0,,0.0,0.0,0.0,100
1,[],4,[],2019-05-10 19:22:45,354016.09248651,0.00003369,0.000000002156493531,7611843,2019-05-10 19:22:45,btc,7.114889334409085,0.0,0.00003369,btc,122942.95385486,0.49667474,0.3495280835421489,100
1,[],22,[],2019-05-10 19:24:47,130000.0,0.00000001,0.000000000000640099,7611844,2019-05-10 19:24:47,BTC,24.83526409,0.0,0.00000001,BTC,11187.719,0.0,0.0013,101
1,[],4,[],2019-05-10 19:24:48,688094.04468829,0.00000652,0.000000000417344548,7611845,2019-05-10 19:24:48,btc,254.71370920504424,0.0,0.00000652,btc,379924.66243678,0.59112819,1.1422933759637712,103
1,[],12,[],2019-05-10 19:24:51,111532414.51292,0.000000004,0.0000000000002560396,7611846,2019-05-10 19:24:51,btc,468525182.7003713,0.0,0.000000004,btc,108023548.6447984,0.00575654676323682,0.21327088671276,105
0,[],27,[],2019-05-10 19:25:03,0.0,0,0,7611847,2019-05-10 19:25:03,,0.0584885651331397,0.0,0,btc,600596.63747933,0.0,0.0,105
1,[],22,[],2019-04-21 00:17:26,21333.0,0.00000001,0.000000000000532493,7385819,2019-04-21 00:17:26,BTC,51.38182867,0.0,0.00000001,BTC,470435.0,0.0,0.00021333,107
1,[],26,[],2019-04-21 00:17:26,0.0,0.00000000,0,7385820,2019-04-21 00:17:26,btc,0.0,0.0,0.00000000,btc,0.0,0.0,0.0,107
1,[],5,[],2019-05-10 19:25:05,0.0,0,0,7611848,2019-05-10 19:25:05,btc,0.0,0.0,0,btc,0.0,0.0,0.0,112
0,[],22,[],2019-05-10 19:25:08,0.0,0,0,7611849,2019-05-10 19:25:08,,2.79003697,0.0,0,,1380942.0833333333,0.0,0.0,112
1,[],27,[],2019-05-10 19:25:20,1.0,0.00000001,0.000000000000640099,7611850,2019-05-10 19:25:20,btc,1.25032588,0.0,0.00000001,"btc,eth",1819.0,0.0,1e-08,112
1,[],4,[],2019-05-10 19:25:22,342804.15717571,0.00000152,0.000000000097295048,7611851,2019-05-10 19:25:22,btc,4.783027286251737,0.0,0.00000152,btc,516921.44400534,0.02856526,0.2120005962925898,113
1,[],5,[],2019-05-10 19:25:23,0.0,0,0,7611852,2019-05-10 19:25:23,btc,0.0,0.0,0,btc,0.0,0.0,0.0,113
1,[],17,[],2019-04-26 02:17:47,162738.278,0.00000004,0.0000000000021069000000000002,7461287,2019-04-26 02:17:47,btc,1.3331140273775473,0.0,0.00000004,btc,51796.221,0.0,0.00230953112,116
0,[],27,[],2019-04-26 02:19:51,0.0,0,0,7461288,2019-04-26 02:19:51,,0.0,0.0,0,,0.0,0.0,0.0,116
1,[],4,[],2019-05-07 20:09:28,131822.85721655,0.00001022,0.00000000060230548,7572994,2019-05-07 20:09:28,btc,132.18460413545117,0.0,0.00001022,btc,268070.13193351,0.06918336,1.0489745103085106,120
1,[],7,[],2019-05-07 20:09:30,9501.79941055,0.000011699999999999999788190263583231853772304020822048187255859375,0.0000000006895277999999999,7572995,2019-05-07 20:09:30,btc,231185.88817567716,62.23644451,0.000011699999999999999788190263583231853772304020822048187255859375,btc,4076.97424313,0.00072692,0.018013380795019,120
1,[],20,[],2019-04-07 18:42:29,1914137.0852,0.000000035,0.0000000000017871910000000002,7211992,2019-04-07 18:42:29,btc,32.2497668025648,25528.85,0.000000035,btc,1001975.4986,0.00089350975,0.0152723574729,125
1,[],22,[],2019-05-10 19:25:26,10000.0,0.00000001,0.000000000000640099,7611853,2019-05-10 19:25:26,BTC,0.032061,0.0,0.00000001,BTC,299316.7611111111,0.0,0.0001,126
0,[],2,[],2019-01-20 23:25:46,0.0,0,0,6476969,2019-01-20 23:25:46,,0.0,0.0,0,,0.0,0.0,0.0,131
1,[],17,[],2019-05-03 01:13:10,10000.0,0.00000001,0.000000000000548003,7559115,2019-05-03 01:13:10,btc,0.0953976503951408,0.0,0.00000001,btc,5037.62507334,0.0,0.0001,131
1,[],4,[],2019-05-10 19:25:27,1870150.15327457,0.00000703,0.000000000449989597,7611854,2019-05-10 19:25:27,btc,3.3008503969457985,0.0,0.00000703,btc,171695.66960187,0.13721249,0.3935228590094404,131
1,[],4,[],2019-05-10 19:25:29,4704.46328743,0.00013021,0.000000008334729079,7611855,2019-05-10 19:25:29,btc,6.011160418462853,0.0,0.00013021,btc,191.61424306,0.0,0.0073417379538958,135
1,[],3,[],2019-05-09 05:30:45,530498.0,0.00000001,0.000000000000609729,7590472,2019-05-09 05:30:45,btc,0.1029057631805504,129896.5,0.00000001,btc,1124104.34967245,0.0,0.00530498,136
1,[],4,[],2019-05-10 19:25:32,2342198.47116987,0.00000211,0.00000000013506088899999999,7611856,2019-05-10 19:25:32,btc,319.7561398647734,0.0,0.00000211,btc,536347.80215061,0.03619079,0.6038738770960831,137
1,[],12,[],2019-05-10 19:25:33,326407.64257832,0.0000019499999999999999646983772638719756287173368036746978759765625,0.000000000124819305,7611857,2019-05-10 19:25:33,btc,48531.24219777979,0.0,0.0000019499999999999999646983772638719756287173368036746978759765625,btc,41848.73568478,0.004720181968034,0.028067655727141,137
1,[],4,[],2019-05-10 19:25:34,55509.30434848,0.00002976,0.000000001904934624,7611858,2019-05-10 19:25:34,btc,5.197656805682795,0.0,0.00002976,btc,72702.74878872,0.86006162,0.2377972012159831,142
1,[],17,[],2019-05-03 01:13:16,32967.38636364,0.00000088,0.000000000048224264,7559122,2019-05-03 01:13:16,btc,20.06976206696776,0.0,0.00000088,btc,2746.079105,0.0,0.0105613000000032,142
1,[],5,[],2019-05-10 19:25:35,0.0,0,0,7611859,2019-05-10 19:25:35,btc,0.0,0.27408811,0,btc,0.0,0.0,0.0,142
1,[],20,[],2019-05-10 19:25:38,167411.705,0.00003251,0.000000002080961849,7611860,2019-05-10 19:25:38,btc,1.7150607315456,119.91,0.00003251,btc,8331.3433,0.003930442052,0.059391007288,142
1,[],22,[],2019-05-10 19:25:41,1370.0,0.00000200,0.0000000001280198,7611861,2019-05-10 19:25:41,BTC,3.2756588,0.0,0.00000200,BTC,1135.5948275773155,0.0,0.0003632,142
0.0,[],25,[],2019-05-10 19:25:42,0.0,0,0,7611862,2019-05-10 19:25:42,,0.0,0.0,0.0,btc,0.0,0.0,0.0,142
1,[],28,[],2019-05-10 19:25:44,79102.0,0.00003311,0.000000002119367789,7611863,2019-05-10 19:25:44,btc,0.0555251924,241157.5,0.00003311,btc,438.37303,0.0,0.07347342,142
0,[],22,[],2019-05-10 19:25:49,0.0,0,0,7611864,2019-05-10 19:25:49,,64.16505383,0.0,0,,688775795.8,0.0,0.0,143
0,[],22,[],2019-02-25 15:42:22,0.0,0,0,6783783,2019-02-25 15:42:22,,4.2131946,0.0,0,,2322156.0,0.0,0.0,146
,[],22,[],2018-11-20 23:01:11,0.0,0,0,4862114,2018-11-20 23:01:11,,2.56807021,0.0,,,61828.4988236,0.0,0.0,147
1,[],12,[],2019-04-21 06:38:04,193091.5971266,0.00000071,0.000000000037635183,7388679,2019-04-21 06:38:04,btc,2.301232411611175,0.0,0.00000071,btc,9957.48302385,0.00023528,0.0313308199999888,148
1,[],4,[],2019-03-19 21:31:25,255810.0415942,0.00000029,0.000000000011615747,6982695,2019-03-19 21:31:25,btc,218.94922712414143,0.0,0.00000029,btc,793529.37642722,0.00117,0.0608347789473395,152
0,[],22,[],2019-03-19 21:31:27,0.0,0,0,6982696,2019-03-19 21:31:27,,0.0,0.0,0,,0.0,0.0,0.0,152
1,[],5,[],2019-04-26 09:36:59,0.0,0,0,7465040,2019-04-26 09:36:59,btc,0.0,0.0,0,btc,0.0,0.0,0.0,153
,[],16,[],2019-01-11 15:38:59,0.0,0,0,6366141,2019-01-11 15:38:59,btc,0.0,0.0,,btc,0.0,0.0,0.0,155
0,[],23,[],2019-01-20 23:24:29,0.0,0,0,6476932,2019-01-20 23:24:29,,0.0,0.0,0,,0.0,0.0,0.0,156
0,[],22,[],2019-05-10 19:25:52,0.0,0,0,7611865,2019-05-10 19:25:52,,6.80191271,0.0,0,,4673448.342592592,0.0,0.0,156
1,[],22,[],2019-05-10 19:25:55,7066.0,0.00000800,0.0000000005120792,7611866,2019-05-10 19:25:55,BTC,1.79802465,0.0,0.00000800,BTC,802.6461988741639,0.0,0.00062996,157
0,[],22,[],2019-05-07 22:25:46,0.0,0,0,7574238,2019-05-07 22:25:46,,50234.60468402,0.0,0,,54786159.03179465,0.0,0.0,158
,[],17,[],2018-11-20 22:56:10,0.0,0,0,4861976,2018-11-20 22:56:10,btc,1.1265625,0.0,,btc,1000.0,0.0,0.0,159
,[],20,[],2018-11-20 22:56:12,0.0,0,0,4861977,2018-11-20 22:56:12,btc,11912.7940471,0.0,,btc,34413894.3617,0.0,0.0,159
1,[],12,[],2019-05-10 19:25:57,266658.40596704,0.00000243000000000000002768076566572741370464427745901048183441162109375,0.000000000155544057,7611867,2019-05-10 19:25:57,btc,23.174684868671534,0.0,0.00000243000000000000002768076566572741370464427745901048183441162109375,btc,12732.57716398,0.0040598381791068,0.0499054198998498,168
1,[],17,[],2019-05-03 01:13:36,42852.0,0.00000002,0.000000000001096006,7559132,2019-05-03 01:13:36,btc,0.04279856251542,0.0,0.00000002,btc,274.46171372,0.0,0.00052852,168
1,[],22,[],2019-05-07 03:57:18,743122.0,0.00000001,0.000000000000593596,7562020,2019-05-07 03:57:18,BTC,41.40912107,0.0,0.00000001,BTC,1593401.2737547632,0.00342649,0.00743122,169
1,[],22,[],2019-05-10 19:26:01,221441.8,0.0000001,0.00000000000640099,7611868,2019-05-10 19:26:01,BTC,26.86358928,0.0,0.0000001,BTC,441821.4055490906,0.00083982,0.00388598,171
1,[],22,[],2019-05-10 19:26:05,645361.2,0.0000001,0.00000000000640099,7611869,2019-05-10 19:26:05,BTC,823.67561285,0.0,0.0000001,"BTC,LTC",700403.0955168159,5.62e-05,0.01357615,173
1,[],5,[],2019-05-06 19:49:32,0.0,0,0,7559281,2019-05-06 19:49:32,btc,0.0,0.00023336,0,btc,0.0,0.0,0.0,175
1,[],22,[],2019-05-10 19:26:11,90671.0,0.00000001,0.000000000000640099,7611870,2019-05-10 19:26:11,BTC,394.35459412,0.0,0.00000001,BTC,136275.61833431243,0.0,0.00090671,176
0,[],2,[],2019-01-20 23:28:34,0.0,0,0,6477001,2019-01-20 23:28:34,,0.0,0.0,0,,0.0,0.0,0.0,178
1,[],7,[],2019-05-10 19:26:12,0.0,0,0,7611871,2019-05-10 19:26:12,btc,520274.83748277003,16475.5244755,0,btc,27463637.45292212,0.00016476,0.0,178
0,[],22,[],2019-05-10 19:26:14,0.0,0,0,7611872,2019-05-10 19:26:14,,1.00242428,0.0,0,,57512.0,0.0,0.0,178
0,[],23,[],2019-01-20 23:25:08,0.0,0,0,6476952,2019-01-20 23:25:08,,0.0,0.0,0,,0.0,0.0,0.0,179
1,[],5,[],2019-05-10 19:26:16,0.0,0,0,7611873,2019-05-10 19:26:16,btc,0.0,0.11890961,0,btc,0.0,0.0,0.0,179
1,[],22,[],2019-05-10 19:26:19,3008389.0,0.00000001,0.000000000000640099,7611874,2019-05-10 19:26:19,BTC,5.3314659,0.0,0.00000001,BTC,13965981.911946677,9.229e-05,0.03008389,179
1,[],22,[],2019-05-10 19:26:23,657809.9424768925,0.00000155,0.000000000099215345,7611875,2019-05-10 19:26:23,BTC,39.21840286,0.0,0.00000155,"BTC,LTC",24189.734044708992,0.06376981,0.5790209,180
1,[],26,[],2019-05-10 19:26:23,0.0,0.00000120,0.00000000007681188,7611876,2019-05-10 19:26:23,btc,0.0,50.0,0.00000120,btc,0.0,0.0,0.0,180
1,[],17,[],2019-05-03 01:13:56,20504.725000000002,0.0000001,0.00000000000548003,7559141,2019-05-03 01:13:56,btc,5.2010695838400265,0.0,0.0000001,btc,5033.45945,0.0,0.0011504725,180
,[],7,[],2018-11-20 22:58:01,562227.975654,0.00000085,0.000000000036176765,4862015,2018-11-20 22:58:01,btc,21836.6059674,2491.87645172,,btc,749999.041456,0.00211021,0.127565380455,183
,[],5,[],2019-01-10 08:11:41,0.0,0,0,6347036,2019-01-10 08:11:41,btc,82.15055501,0.00261,,btc,1.19002445,0.0,0.0,187
1,[],24,[],2019-04-30 17:34:05,0.0,0.000000000014,7.396256000000001e-16,7526291,2019-04-30 17:34:05,btc,0.0,0.0,0.000000000014,btc,0.0,0.0,0.0,187
,[],17,[],2018-11-16 20:58:10,4062536.27273,0.00000001,0.000000000000550501,4708775,2018-11-16 20:58:10,btc,3.36492563466,0.195460381006,,"btc,eth",110697919.549,0.0,0.0157628953496,187
0,[],22,[],2019-04-25 02:54:07,0.0,0,0,7447896,2019-04-25 02:54:07,,7.54794454,0.0,0,,76361.7243344055,0.0,0.0,191
0,[],22,[],2019-05-10 19:26:27,0.0,0,0,7611877,2019-05-10 19:26:27,,0.0,0.0,0,,0.0,0.0,0.0,197
0,[],23,[],2019-01-20 23:31:41,0.0,0,0,6477079,2019-01-20 23:31:41,,0.0,0.0,0,,0.0,0.0,0.0,199
0.0000000001196973,[],22,[],2019-05-10 19:26:31,54733331.0,2.393946e-18,1.532362440654e-22,7611878,2019-05-10 19:26:31,LTC,7.64520347,0.0,0.00000002,LTC,35259414.0,0.0,0.64066281,199
1,[],26,[],2019-05-10 19:26:31,0.0,0.00000000,0,7611879,2019-05-10 19:26:31,btc,0.0,0.0,0.00000000,btc,0.0,0.0,0.0,199
0,[],2,[],2019-01-20 23:30:49,0.0,0,0,6477059,2019-01-20 23:30:49,,0.0,0.0,0,,0.0,0.0,0.0,201
1,[],4,[],2019-01-25 15:51:35,2084389.58565343,0.00000936,0.000000000333526752,6499557,2019-01-25 15:51:35,btc,2.0092503037378524,0.0,0.00000936,btc,160195.80207885,0.19272417,1.242687955921835,211
1,[],7,[],2019-05-10 19:26:34,14318291.39445646,0.00000089,0.000000000056968811,7611880,2019-05-10 19:26:34,btc,15200782.98798131,74459.9109677,0.00000089,btc,12957161.89838682,0.0,1.5339516144931702,212
1,[],5,[],2019-05-07 13:02:51,0.0,0,0,7566706,2019-05-07 13:02:51,btc,0.0,0.43032184,0,btc,0.0,0.0,0.0,213
1,[],24,[],2019-05-07 13:02:52,0.0,0.000000050000,0.000000000002968865,7566707,2019-05-07 13:02:52,btc,0.0,0.0,0.000000050000,btc,0.0,0.0,0.0,213
1,[],26,[],2019-05-07 13:02:52,0.0,0.00000040,0.00000000002375092,7566708,2019-05-07 13:02:52,btc,0.0,0.0,0.00000040,btc,0.0,0.0,0.0,213
1,[],12,[],2019-01-25 02:44:32,207462.42853209,0.000001080000000000000035831255497387193287295303889550268650054931640625,0.000000000038610756000000006,6493050,2019-01-25 02:44:32,btc,85023.03793723314,0.0,0.000001080000000000000035831255497387193287295303889550268650054931640625,btc,43675.73520027,0.000146250909087,0.0348620860622024,213
0,[],22,[],2019-05-10 19:26:37,0.0,0,0,7611881,2019-05-10 19:26:37,,9.58044616,0.0,0,,2340817.094064925,0.0,0.0,216
1,[],27,[],2019-05-10 19:26:43,3515.0,0.00000001,0.000000000000640099,7611882,2019-05-10 19:26:43,btc,62.72179531123932,12366.0,0.00000001,"btc,ltc",223693.337308,0.00012366,3.515e-05,216
1,[],22,[],2019-05-10 19:26:46,304358.4404223228,0.00000078,0.000000000049927722,7611883,2019-05-10 19:26:46,BTC,12054.92750315,0.0,0.00000078,BTC,424050.51496446825,0.01724415,0.03761341,217
1,[],7,[],2019-05-10 19:26:47,0.0,0,0,7611884,2019-05-10 19:26:47,btc,111302.55947335159,0.0,0,btc,136862970.83745575,0.0,0.0,219
0,[],27,[],2019-05-10 19:26:53,0.0,0,0,7611885,2019-05-10 19:26:53,,0.05960067,0.0,0,btc,1692528.0,0.0,0.0,219
0.0000000000000039999999999999995,[],28,[],2019-05-10 19:26:55,486303878.014,2.6e-18,1.6642574e-22,7611886,2019-05-10 19:26:55,doge,3650966.568400157,14234.0,0.00065000,"btc,doge",45429124.3823,0.0,1.982964446782488e-11,219
1,[],22,[],2019-05-10 19:26:58,381170.0,0.00000004,0.000000000002560396,7611887,2019-05-10 19:26:58,BTC,56.7649867,0.0,0.00000004,BTC,131552.84827387411,0.0,0.0123008,221
1,[],24,[],2019-05-10 19:26:58,0.0,0.000000010000,0.000000000000640099,7611888,2019-05-10 19:26:58,btc,0.0,0.0,0.000000010000,btc,0.0,0.0,0.0,221
1,[],20,[],2019-05-10 19:27:00,16946807.3381,0.000000013,0.0000000000008321287,7611889,2019-05-10 19:27:00,btc,100091.58722364047,2279683.5031,0.000000013,btc,23410058.8248,0.0456199947535,0.0900470499972,224
0,[],22,[],2019-05-10 19:27:02,0.0,0,0,7611890,2019-05-10 19:27:02,,0.0,0.0,0,,0.0,0.0,0.0,224
1,[],26,[],2019-05-10 19:27:03,0.0,0.00000026,0.000000000016642574,7611891,2019-05-10 19:27:03,btc,0.0,0.0,0.00000026,btc,0.0,0.0,0.0,231
1,[],26,[],2019-05-10 19:27:03,0.0,0.00000005,0.000000000003200495,7611892,2019-05-10 19:27:03,btc,0.0,0.0,0.00000005,btc,0.0,0.0,0.0,234
0,[],27,[],2019-05-10 19:27:08,0.0,0,0,7611893,2019-05-10 19:27:08,,0.01134836604,0.0,0,"btc,eth",11462.996,0.0,0.0,234
1,[],4,[],2019-04-29 21:02:20,217188.93193785,0.00000080,0.00000000004151584,7514327,2019-04-29 21:02:20,btc,5.239800103892936,0.0,0.00000080,btc,797346.30008933,0.0,0.0590549781555679,236
1,[],24,[],2019-04-29 21:02:20,0.0,0.000000100000,0.00000000000518948,7514328,2019-04-29 21:02:20,btc,0.0,0.0,0.000000100000,btc,0.0,0.0,0.0,236
1,[],5,[],2019-05-06 20:53:15,0.0,0,0,7559637,2019-05-06 20:53:15,btc,0.0,0.20253514,0,btc,0.0,0.0,0.0,237
1,[],20,[],2019-05-06 20:53:18,38173217.6136,0.000000083,0.0000000000047460728,7559638,2019-05-06 20:53:18,btc,21342.514614200165,8832375.7238,0.000000083,btc,27701499.3386,0.7554403456107,1.3621107610479,237
1,[],22,[],2019-05-06 20:53:20,343938.0,0.00000009,0.000000000005146344,7559639,2019-05-06 20:53:20,BTC,1.20267422,0.0,0.00000009,BTC,17930.94871794872,0.0,0.01017442,237
1,[],4,[],2019-05-10 19:27:10,22837618.93475011,0.00000014,0.000000000008961386,7611894,2019-05-10 19:27:10,btc,3.4303135822406867,0.0,0.00000014,btc,9553390.95475085,0.26152937,1.0053434485126862,238
1,[],5,[],2019-05-10 19:27:11,0.0,0,0,7611895,2019-05-10 19:27:11,btc,0.0,0.02963956,0,btc,0.0,0.0,0.0,238
0,[],22,[],2019-03-12 16:49:32,0.0,0,0,6914458,2019-03-12 16:49:32,,0.40415746,0.0,0,,526736.5639027493,0.0,0.0,249
0,[],22,[],2019-05-10 19:27:14,0.0,0,0,7611896,2019-05-10 19:27:14,,4.52678073,0.0,0,,38074419.69978836,0.0,0.0,252
1,[],28,[],2019-05-10 19:27:54,41533358.199,0.00000033,0.000000000021123267,7611897,2019-05-10 19:27:54,btc,43892.07240088851,199476.0322,0.00000033,btc,2990923.7782,0.0,0.5830500771,256
1,[],22,[],2019-05-10 19:27:58,1088993.5,0.00000002,0.000000000001280198,7611898,2019-05-10 19:27:58,BTC,21.88116616,0.0,0.00000002,BTC,522884.63333384093,0.0,0.01124633,258
1,[],22,[],2019-03-13 00:07:30,47146.0,0.00000001,0.000000000000387233,6917028,2019-03-13 00:07:30,BTC,2.415167,0.0,0.00000001,BTC,157.0,0.0,0.00047146,259
1,[],5,[],2019-05-10 19:28:00,0.0,0,0,7611899,2019-05-10 19:28:00,btc,0.0,0.36148502,0,btc,0.0,0.0,0.0,264
1,[],20,[],2019-05-10 19:28:01,1267444.4004,0.00000108,0.000000000069130692,7611900,2019-05-10 19:28:01,btc,4.9322862797969,114161.1579,0.00000108,btc,87472.3294,0.1311474824791,0.0274634519688,264
0,[],22,[],2019-04-12 17:57:27,0.0,0,0,7278186,2019-04-12 17:57:27,,66.37522201,0.0,0,,677842.4169881374,0.0,0.0,271
0,[],22,[],2019-05-10 19:28:04,0.0,0,0,7611901,2019-05-10 19:28:04,,33051802.3172899,0.0,0,,15696307799.7,0.0,0.0,272
0.0000000000000039999999999999995,[],28,[],2019-05-10 19:28:47,271714993532.514,2.36e-21,1.5106336399999999e-25,7611902,2019-05-10 19:28:47,doge,26558646.92436559,6782648321.9,0.00000059,doge,364947350733.407,0.0,2.1290826102148784e-10,272
1,[],22,[],2019-05-10 19:28:50,131499.7,0.00000014,0.000000000008961386,7611903,2019-05-10 19:28:50,BTC,427.42495672,0.0,0.00000014,BTC,249705.37764460206,0.0,0.00447418,281
1,[],22,[],2019-05-10 19:28:54,610198.1,0.00000002,0.000000000001280198,7611904,2019-05-10 19:28:54,BTC,1.50578279,0.0,0.00000002,"BTC,LTC",604757.1256135202,0.00011038,0.01735528,286
0,[],22,[],2019-05-10 19:28:57,0.0,0,0,7611905,2019-05-10 19:28:57,,7337892.75526966,0.0,0,,1388519262.7797825,0.0,0.0,294
