pairValue,buyBook,exchangeId,sellBook,updated,buyTotal,satoshiPrice,usdPrice,exchangeLogId,created,bestPair,sellTotalBtc,volume,pairPrice,activePairs,sellTotal,volumeBtc,buyTotalBtc,coinId
1,[],3,[],2019-06-23 14:01:22,33687.171953815,0.0105923500000000003762323785849730484187602996826171875,0.000001129962239419999994414579715,7755640,2019-06-23 14:01:22,btc,10.414881619091226,58.8944988501,0.0105923500000000003762323785849730484187602996826171875,btc,20.466572250573,0.0,0.3777589293298495,1
1,[],4,[],2019-06-23 14:01:23,353615.04421049,0.01072001,0.000001143580650771999953728131184,7755641,2019-06-23 14:01:23,btc,8.389620429770227,0.0,0.01072001,btc,352.63840544,2.66614974,1.2346590334978205,1
1,[],5,[],2019-06-23 14:01:25,0.0,0,0,7755642,2019-06-23 14:01:25,btc,0.0,0.02190407,0,btc,0.0,0.0,0.0,1
1,[],10,[],2019-06-23 14:01:28,308534.95749596,0.00394425,0.0000004207615461,7755643,2019-06-23 14:01:28,btc,6521.730377853072,1524.34747034,0.00394425,btc,1297.30078644,0.0,1.5784625876768872,1
1,[],12,[],2019-06-23 14:01:30,88.2357716,0.0107499999999999991395771559155036811716854572296142578125,0.000001146779899999999861811182476,7755644,2019-06-23 14:01:30,btc,0.3182732362854,0.0,0.0107499999999999991395771559155036811716854572296142578125,btc,26.89495615,3.106930457012,0.2070266117676,1
1,[],20,[],2019-06-23 14:01:32,918.9976,0.01111001,0.000001185184758771999952044734542,7755645,2019-06-23 14:01:32,btc,0.1623088392815,0.7228,0.01111001,btc,11.8766,0.0082945587236,0.1349889508347,1
1,[],21,[],2019-06-23 14:01:33,1851.08068206,0.01075742000000000017645440664,0.000001147571444823999972390316627,7755646,2019-06-23 14:01:33,btc,12.986246031044239,2387.36081868,0.0107574200000000001764544066418238799087703227996826171875,"btc,eth",1517.63742767,20.228819464687263,15.681027417477537,1
1,[],22,[],2019-06-23 14:01:38,0.0395979803020197,0.01000001,0.000001066773066771999956835940370,7755647,2019-06-23 14:01:38,BTC,0.01666796,0.0,0.01000001,BTC,0.25318100557485945,0.0,0.00021887,1
1,[],24,[],2019-06-23 14:01:38,0.0,0.000000000000,0,7755648,2019-06-23 14:01:38,btc,0.0,0.0,0.000000000000,btc,0.0,0.0,0.0,1
0.0,[],25,[],2019-06-23 14:01:39,0.0,0,0,7755649,2019-06-23 14:01:39,btc,51.29999999806885,4165.71096447,0.0,btc,4648.69366672,44.952,0.0,1
1,[],26,[],2019-06-23 14:01:43,0.0,0,0,7755650,2019-06-23 14:01:43,,0.0,0.0,0,,0.0,0.0,0.0,1
0,[],28,[],2019-06-23 14:01:45,0.0,0,0,7755651,2019-06-23 14:01:45,,0.0,0.0,0,,0.0,0.0,0.0,1
0,[],2,[],2019-01-20 23:28:45,0.0,0,0,6477011,2019-01-20 23:28:45,,0.0,0.0,0,,0.0,0.0,0.0,1
1,[],5,[],2019-06-17 14:29:02,0.0,0,0,7740076,2019-06-17 14:29:02,btc,0.0,2.72e-05,0,btc,0.0,0.0,0.0,2
1,[],22,[],2019-06-17 14:29:06,11550.3,0.0000002,0.0000000000185828,7740077,2019-06-17 14:29:06,BTC,21.00897301,0.0,0.0000002,"BTC,XMR",20678.87287795317,1.754e-05,0.00143681,2
1,[],5,[],2019-06-03 14:48:58,0.0,0,0,7731126,2019-06-03 14:48:58,btc,0.0,0.05905545,0,btc,0.0,0.0,0.0,3
1,[],12,[],2019-06-03 14:48:59,3468623.70302,0.000000116,0.000000000009823402000000002,7731127,2019-06-03 14:48:59,btc,169531.0336573751,0.0,0.000000116,btc,2361209.62379607,0.041350953071,0.33764769154428,3
0,[],28,[],2019-06-03 14:49:00,0.0,0,0,7731128,2019-06-03 14:49:00,,0.0,0.0,0,,0.0,0.0,0.0,3
0,[],2,[],2019-01-20 23:31:32,0.0,0,0,6477077,2019-01-20 23:31:32,,0.0,0.0,0,,0.0,0.0,0.0,4
1,[],4,[],2019-05-18 21:29:50,562734.9206932,0.00000010,0.000000000007298720000000001,7650946,2019-05-18 21:29:50,btc,41.9347137769675,0.0,0.00000010,btc,1123702.32192634,0.00052462,0.029254593370966,4
0,[],12,[],2019-06-02 05:03:43,0.0,0,0,7724919,2019-06-02 05:03:43,btc,625.901992874995,0.0,0,btc,1211362.4995005,0.0,0.0,5
0,[],2,[],2019-01-20 23:31:51,0.0,0,0,6477087,2019-01-20 23:31:51,,0.0,0.0,0,,0.0,0.0,0.0,6
1,[],11,[],2019-06-23 14:01:46,3993099.276736,0.00000001,0.000000000001066772,7755652,2019-06-23 14:01:46,btc,9583.587966236964,1137544.8,0.00000001,btc,75305225.52544053,0.0,0.03993099276736,6
1,[],3,[],2019-06-23 14:01:47,13504.592228273075,0.0000850100000000000009282852264647090123617090284824371337890625,0.000000009068628772,7755653,2019-06-23 14:01:47,btc,1026.2928058639675,514.854334368,0.0000850100000000000009282852264647090123617090284824371337890625,btc,362.200256598042,0.0,0.02416181033536857,7
1,[],4,[],2019-06-23 14:01:47,297414.33117791,0.00007570,0.00000000807546404,7755654,2019-06-23 14:01:47,btc,7.304878285188382,0.0,0.00007570,btc,55970.64020317,2.5147281,1.578878640722366,7
1,[],5,[],2019-06-23 14:01:49,0.0,0,0,7755655,2019-06-23 14:01:49,btc,0.0,0.1586476,0,btc,0.0,0.0,0.0,7
1,[],20,[],2019-04-07 22:06:50,3201475.0482,0.000000001,0.000000000000051590000000000004,7213932,2019-04-07 22:06:50,btc,30.8005781811902,0.0,0.000000001,btc,23077405.3926,0.0,0.0032014750482,8
0,[],2,[],2019-01-20 23:22:42,0.0,0,0,6476876,2019-01-20 23:22:42,,0.0,0.0,0,,0.0,0.0,0.0,9
0,[],23,[],2019-01-20 23:22:48,0.0,0,0,6476878,2019-01-20 23:22:48,,0.0,0.0,0,,0.0,0.0,0.0,9
1,[],4,[],2019-06-23 14:01:51,1769899.49669223,0.00000055,0.00000000005867246,7755656,2019-06-23 14:01:51,btc,2.9258571427100284,0.0,0.00000055,btc,2822388.19404909,0.38273554,0.4354787109251919,9
0,[],28,[],2019-06-23 14:01:52,0.0,0,0,7755657,2019-06-23 14:01:52,,0.0,0.0,0,,0.0,0.0,0.0,9
1,[],1,[],2019-02-17 23:31:42,1822507.21,0.00000181000000000000003456111265232042484285557293333113193511962890625,0.000000000066086901,6701244,2019-02-17 23:31:42,btc,3.6990969245,17153386.5,0.00000181000000000000003456111265232042484285557293333113193511962890625,btc,1997391.71,31.11772986,3.2610482446,9
1,[],4,[],2019-02-17 11:22:43,4341674.27126056,0.00000002,0.0000000000007272960000000001,6696112,2019-02-17 11:22:43,btc,0.1997230937751353,0.0,0.00000002,btc,4109766.79808031,0.00215132,0.0479381022052112,10
0,[],2,[],2019-01-20 23:23:08,0.0,0,0,6476890,2019-01-20 23:23:08,,0.0,0.0,0,,0.0,0.0,0.0,12
1,[],4,[],2019-06-23 14:01:53,42723122.75720849,0.00000031,0.000000000033069932,7755658,2019-06-23 14:01:53,btc,7.323425044575458,0.0,0.00000031,btc,8540887.85662792,3.52658313,2.362287560939236,12
1,[],5,[],2019-06-23 14:01:54,0.0,0,0,7755659,2019-06-23 14:01:54,btc,0.0,0.26409408,0,btc,0.0,0.0,0.0,12
0.0,[],25,[],2019-06-23 14:01:55,0.0,0,0,7755660,2019-06-23 14:01:55,,0.0,0.0,0.0,btc,0.0,0.0,0.0,12
1,[],4,[],2019-06-23 14:01:56,584430.72744943,0.00000305,0.00000000032536545999999997,7755661,2019-06-23 14:01:56,btc,1.975486471901424,0.0,0.00000305,btc,315904.68300683,0.30715025,0.3515082713114282,13
1,[],21,[],2019-06-23 14:01:59,5639308.55657651,0.000003059999999999999925056693231,0.00000000032643223199999997,7755662,2019-06-23 14:01:59,btc,3.5697137350736243,1589156.62540173,0.00000305999999999999992505669323128447700810284004546701908111572265625,btc,990086.5043815,5.01921534,2.707680914675819,13
1,[],10,[],2019-06-23 12:01:41,576888.46669895,0.00000317,0.00000000033783514200000005,7755417,2019-06-23 12:01:41,btc,666798.4923261637,29020.3085194,0.00000317,btc,884602.60890438,0.0,0.2644342600692861,13
1,[],4,[],2019-06-23 14:02:00,1051121.48889883,0.00000071,0.00000000007574081199999999,7755663,2019-06-23 14:02:00,btc,9.002002037527058,0.0,0.00000071,btc,876369.94785183,0.13390988,0.1345138029148638,14
1,[],12,[],2019-06-23 14:02:01,213786.05652839,0.00000071,0.00000000007574081199999999,7755664,2019-06-23 14:02:01,btc,194.733942167308,0.0,0.00000071,btc,26349.6341631,0.000202150571,0.0172239352999858,14
1,[],26,[],2019-06-23 14:04:01,0.0,0.00000050,0.0000000000533386,7755665,2019-06-23 14:04:01,btc,0.0,0.0,0.00000050,btc,0.0,0.0,0.0,14
0,[],17,[],2019-05-03 00:53:32,0.0,0,0,7558876,2019-05-03 00:53:32,btc,0.0,0.0,0,btc,0.0,0.0,0.0,14
0,[],4,[],2019-06-23 14:04:02,0.0,0,0,7755666,2019-06-23 14:04:02,,0.0,0.0,0,,0.0,0.0,0.0,15
,[],12,[],2018-12-01 15:15:48,204241.84496,0.00000489,0.000000000202473384,5260204,2018-12-01 15:15:48,btc,49.5475654835,0.0,,btc,35763.2193806,0.0163153972027625,0.0203389899998,15
0,[],2,[],2019-01-20 23:23:38,0.0,0,0,6476906,2019-01-20 23:23:38,,0.0,0.0,0,,0.0,0.0,0.0,18
1,[],4,[],2019-06-23 14:04:03,33148.02875959,0.00000933,0.0000000009952982759999999,7755667,2019-06-23 14:04:03,btc,2.455554104908095,0.0,0.00000933,btc,16992.44687718,0.06624059,0.0602994417977071,18
1,[],10,[],2019-06-23 14:04:05,391723.71424981,0.00000971,0.000000001035835612,7755668,2019-06-23 14:04:05,btc,14.880690518017545,2785.57165525,0.00000971,btc,10351.45736583,0.0,0.1840057675350626,18
1,[],12,[],2019-06-23 14:04:07,2973.8637949599997,0.000009500000000000000523019128007007338965195231139659881591796875,0.0000000010134334,7755669,2019-06-23 14:04:07,btc,0.5370338420508509,0.0,0.000009500000000000000523019128007007338965195231139659881591796875,btc,1918.34731369,9.025e-07,0.008045259870879399,18
0,[],17,[],2019-05-03 00:53:39,0.0,0,0,7558882,2019-05-03 00:53:39,btc,0.0,0.0,0,btc,0.0,0.0,0.0,18
0,[],2,[],2019-01-20 23:24:19,0.0,0,0,6476924,2019-01-20 23:24:19,,0.0,0.0,0,,0.0,0.0,0.0,19
1,[],3,[],2019-06-23 14:06:07,160013.72807128544,0.0000076299999999999997923709471603359588698367588222026824951171875,0.0000000008139470359999999,7755670,2019-06-23 14:06:07,btc,193.32233709084866,12994.6057188,0.0000076299999999999997923709471603359588698367588222026824951171875,btc,18858.389784708816,0.0,0.077195042682513,19
1,[],4,[],2019-06-23 14:06:08,349134.45166491,0.00000856,0.000000000913156832,7755671,2019-06-23 14:06:08,btc,6.204151468689587,0.0,0.00000856,btc,263701.22963467,0.48895747,1.532427512146775,19
1,[],5,[],2019-06-23 14:06:09,0.0,0,0,7755672,2019-06-23 14:06:09,btc,0.0,0.01093979,0,btc,0.0,0.0,0.0,19
1,[],12,[],2019-06-23 14:06:11,109017.20724189,0.0000070199999999999997035075686990790444497179123573005199432373046875,0.000000000748873944,7755673,2019-06-23 14:06:11,btc,1.2056804951124027,0.0,0.0000070199999999999997035075686990790444497179123573005199432373046875,btc,2973.67008334,0.0,0.0198374313762372,19
0,[],27,[],2019-06-23 14:06:17,0.0,0,0,7755674,2019-06-23 14:06:17,,0.0,0.0,0,btc,0.0,0.0,0.0,19
1,[],4,[],2019-06-23 14:06:18,10097097.23656777,0.00000006,0.000000000006400632,7755675,2019-06-23 14:06:18,btc,6.358699008884453,0.0,0.00000006,btc,2305311.3564439,0.0,0.1182747238096551,20
0,[],4,[],2019-06-23 14:06:19,0.0,0,0,7755676,2019-06-23 14:06:19,,5817.872169431689,0.0,0,,83490698.60649498,0.0,0.0,21
0,[],12,[],2019-06-23 14:06:19,0.0,0,0,7755677,2019-06-23 14:06:19,btc,2602.952803285095,0.0,0,btc,7519985.30769228,2.1978e-07,0.0,21
0,[],17,[],2019-05-03 00:53:51,0.0,0,0,7558891,2019-05-03 00:53:51,btc,0.0,0.0,0,btc,0.0,0.0,0.0,21
1,[],12,[],2019-06-23 14:08:20,6020853165.122001,0.0000000005,0.0000000000000533386,7755678,2019-06-23 14:08:20,btc,1428620268569.8037,0.0,0.0000000005,btc,2568795014.6923075,0.120531280904,1.5213600865333003,23
0.0000000002898823,[],27,[],2019-06-23 14:08:25,65815406.0,8.696469e-18,9.277149628068e-22,7755679,2019-06-23 14:08:25,eth,1045.9628161570806,225000.0,0.00000003,eth,6305122.24779221,1.956705525e-12,2.77306620263754e-10,23
1,[],4,[],2019-06-22 05:45:29,6100414.07522138,0.00000017,0.00000000001823352,7751732,2019-06-22 05:45:29,btc,10.22685272773715,0.0,0.00000017,btc,1790815.48208265,0.0,0.1345450262400025,24
0,[],22,[],2019-06-22 05:45:31,0.0,0,0,7751733,2019-06-22 05:45:31,,6.22e-05,0.0,0,,517.4264705882352,0.0,0.0,24
0.0,[],25,[],2019-06-22 05:45:32,0.0,0,0,7751734,2019-06-22 05:45:32,,0.0,0.0,0.0,btc,0.0,0.0,0.0,24
1,[],4,[],2019-06-23 14:08:26,26932413.80535266,0.00000402,0.000000000428842344,7755680,2019-06-23 14:08:26,btc,7.249720732988738,0.0,0.00000402,btc,204942.41395211,0.05830141,0.4248278365944903,26
1,[],10,[],2019-06-23 14:08:28,163165.52771294,0.00000401,0.00000000042777557199999995,7755681,2019-06-23 14:08:28,btc,25.271184540765706,7125.84938456,0.00000401,btc,20298.15638804,0.0,0.052504106864989,26
0,[],2,[],2019-01-20 23:25:56,0.0,0,0,6476976,2019-01-20 23:25:56,,0.0,0.0,0,,0.0,0.0,0.0,26
1,[],5,[],2019-04-26 09:47:06,0.0,0,0,7465326,2019-04-26 09:47:06,btc,0.0,0.0,0,btc,0.0,0.0,0.0,27
1,[],3,[],2019-06-17 14:30:26,13571825.64059417,0.00000001,0.00000000000092914,7740112,2019-06-17 14:30:26,btc,3.485049956644059,4264730.43754,0.00000001,btc,23500048.28518193,0.0,0.1357182564059417,27
1,[],11,[],2019-06-17 14:30:28,2031833.58157834,0.00000001,0.00000000000092914,7740113,2019-06-17 14:30:28,btc,67502.92060589766,32677.9652116,0.00000001,btc,6487362.95640949,0.0,0.0203183358157834,27
1,[],4,[],2019-06-23 14:08:29,881057695.260266,0.00000001,0.000000000001066772,7755682,2019-06-23 14:08:29,btc,6.34310589698726,0.0,0.00000001,"btc,ltc",438153544.7781973,0.10331622,5.631151914462182,29
1,[],7,[],2019-06-23 14:08:30,88235545.39145988,0.00000001,0.000000000001066772,7755683,2019-06-23 14:08:30,btc,46548272.1933653,0.0,0.00000001,btc,36540337.518162385,0.0,0.8823554539145988,29
0,[],17,[],2019-05-03 01:11:25,0.0,0,0,7559066,2019-05-03 01:11:25,btc,0.0,0.0,0,btc,0.0,0.0,0.0,30
1,[],4,[],2019-06-23 14:08:31,15492325.97378427,0.00000005,0.00000000000533386,7755684,2019-06-23 14:08:31,btc,2.5874549169331815,0.0,0.00000005,btc,2237643.51667946,0.00153249,0.1716198680678411,30
1,[],4,[],2019-06-23 13:10:21,207913.56009495,0.00003711,0.0000000039822035909999996,7755563,2019-06-23 13:10:21,btc,4.146161535993978,0.0,0.00003711,btc,62597.71621835,0.45775454,0.4890497597734425,31
1,[],21,[],2019-06-23 13:10:22,427633.66426371003,0.00003800000000000000209207651203,0.0000000040777078000000005,7755564,2019-06-23 13:10:22,btc,4.7909575773270285,121148.20706173,0.0000380000000000000020920765120280293558607809245586395263671875,btc,101318.2613863,4.63584831,3.661845167215676,31
0,[],2,[],2019-01-20 23:28:43,0.0,0,0,6477009,2019-01-20 23:28:43,,0.0,0.0,0,,0.0,0.0,0.0,32
0,[],4,[],2019-06-23 13:10:23,0.0,0,0,7755565,2019-06-23 13:10:23,,0.0,0.0,0,,0.0,0.0,0.0,33
1,[],12,[],2019-03-30 07:55:10,40641173.964,0.00000003,0.000000000001228359,7108785,2019-03-30 07:55:10,btc,4233210.82356125,0.0,0.00000003,btc,28378394.68333462,0.0126927883965248,0.90752895892,33
0.0000000001309206,[],4,[],2019-06-23 13:10:24,151309922.3328685,7.0697124e-17,7.586374051904401e-21,7755566,2019-06-23 13:10:24,ltc,4.299994611947521,0.0,0.00000054,ltc,163573150.22788352,0.0,1.0079856342373968e-09,34
1,[],5,[],2019-06-23 13:10:26,0.0,0,0,7755567,2019-06-23 13:10:26,btc,0.0,0.03703265,0,btc,0.0,0.0,0.0,34
0.0000000002926451,[],17,[],2019-05-02 18:17:47,200000.0,2.9264510000000002e-18,1.596703856561e-22,7556430,2019-05-02 18:17:47,eth,0.20942468735267253,0.0,0.00000001,"btc,eth",1018272.20243647,0.0,5.852902e-13,36
0.0000000001311821,[],4,[],2019-05-31 13:28:19,2417517744.0607657,1.311821e-18,1.105058333085e-22,7717483,2019-05-31 13:28:19,ltc,5.019900492391546e-08,0.0,0.00000001,ltc,7102398142.262129,0.0,3.171350544531538e-09,36
1,[],5,[],2019-05-31 13:28:21,0.0,0,0,7717484,2019-05-31 13:28:21,btc,0.0,0.0,0,btc,0.0,0.0,0.0,36
0.0000000003108179,[],27,[],2019-05-31 13:30:34,10388811.226876,6.216358000000001e-18,5.236566733830001e-22,7717485,2019-05-31 13:30:34,eth,1569.8708019850988,761866.634299,0.00000002,"ltc,eth",5084024.2511555,4.736034912207001e-12,3.3251980286483705e-11,36
1,[],4,[],2019-06-23 13:10:27,10858699.28799283,0.00000013,0.000000000013950053,7755568,2019-06-23 13:10:27,btc,19773.053939669033,0.0,0.00000013,btc,673601.4541959,0.0,0.1477865110994336,37
1,[],12,[],2019-06-23 13:10:28,4275696.54235103,0.00000013,0.000000000013950053,7755569,2019-06-23 13:10:28,btc,7.393807392056213,0.0,0.00000013,btc,1752424.3204878399,0.008834791239,0.15963041479563359,37
1,[],27,[],2019-06-23 13:12:33,11304.0,0.00000019,0.000000000020388539,7755570,2019-06-23 13:12:33,btc,22.62970013895233,0.0,0.00000019,btc,4298.824295,0.0,0.00168776,37
1,[],17,[],2019-05-03 01:11:36,211752.74075282,0.00000025,0.000000000013700074999999998,7559074,2019-05-03 01:11:36,btc,0.055484923955058496,0.0,0.00000025,"btc,eth",1387.19918473,0.0,0.0005381851887916605,37
1,[],5,[],2019-06-23 13:12:34,0.0,0,0,7755571,2019-06-23 13:12:34,btc,0.0,0.35231665,0,btc,0.0,0.0,0.0,42
1,[],12,[],2019-06-23 13:12:35,189740.00324419,0.0000015099999999999999422575606977670048536310787312686443328857421875,0.00000000016203523099999998,7755572,2019-06-23 13:12:35,btc,537.9324520752053,0.0,0.0000015099999999999999422575606977670048536310787312686443328857421875,btc,133860.35135745,0.083980793455,0.0567990346001896,42
1,[],27,[],2019-06-23 13:12:42,1581.0,0.0000005,0.000000000053654049999999996,7755573,2019-06-23 13:12:42,btc,0.07600425,0.0,0.0000005,"btc,eth",18.0,0.0,0.0005435000003040175,42
1,[],12,[],2019-03-13 09:13:29,1112112.0,0.00000001,0.000000000000386531,6919902,2019-03-13 09:13:29,btc,29058.00478931866,0.0,0.00000001,btc,5967681.93306694,9.99000999e-07,0.01112112,43
1,[],5,[],2019-04-26 22:38:52,0.0,0,0,7474154,2019-04-26 22:38:52,btc,0.0,0.02638891,0,btc,0.0,0.0,0.0,43
0,[],17,[],2019-04-26 22:38:53,0.0,0,0,7474155,2019-04-26 22:38:53,btc,0.0,0.0,0,btc,0.0,0.0,0.0,43
1,[],12,[],2019-03-05 01:54:08,639326.02,0.00000004,0.000000000001486676,6845775,2019-03-05 01:54:08,btc,11116042.728239931,0.0,0.00000004,btc,1103841.4595604,0.0003330765234764,0.014975410599999999,44
0.0000000001309206,[],4,[],2019-06-23 13:12:43,106820888.145116,5.2368240000000004e-17,5.6195363347440006e-21,7755574,2019-06-23 13:12:43,ltc,1601.9026650548744,0.0,0.0000004,ltc,26120076.72896898,0.0,6.290143577095597e-10,49
0.0000000001309206,[],4,[],2019-06-23 13:12:43,320157859.2731187,3.0111738e-17,3.2312333924778003e-21,7755575,2019-06-23 13:12:43,ltc,27281.793200698143,0.0,0.00000023,ltc,180193361.2022658,0.0,2.5839728445028465e-09,52
0,[],22,[],2019-06-23 13:12:46,0.0,0,0,7755576,2019-06-23 13:12:46,,10289.80784133,0.0,0,,287058287.4566013,0.0,0.0,57
0,[],27,[],2019-06-23 13:12:53,0.0,0,0,7755577,2019-06-23 13:12:53,,0.0,0.0,0,"btc,eth",0.0,0.0,0.0,57
0,[],4,[],2019-06-23 13:12:54,0.0,0,0,7755578,2019-06-23 13:12:54,,19.720159315352227,0.0,0,,5714055929.524376,0.0,0.0,58
1,[],12,[],2019-06-23 13:12:56,480577276.0999,0.0000000001,0.00000000000001073081,7755579,2019-06-23 13:12:56,btc,34229150.333982535,0.0,0.0000000001,btc,3004985937.931026,0.014616213173,0.048057727609990004,58
0.0000000001078089,[],22,[],2019-06-23 13:14:59,126877.0,1.078089e-18,1.156876822209e-22,7755580,2019-06-23 13:14:59,XMR,68.17454206,0.0,0.00000001,XMR,9626402.6,0.0,0.00126877,58
1,[],17,[],2019-05-03 01:12:09,1200000.0,0.0000000001,0.00000000000000548003,7559085,2019-05-03 01:12:09,btc,1e+24,0.0,0.0000000001,"btc,eth",39516342.31952568,0.0,0.00010000000058666061,58
1,[],5,[],2019-06-17 14:31:27,0.0,0,0,7740135,2019-06-17 14:31:27,btc,0.0,0.00079154,0,btc,0.0,0.0,0.0,61
1,[],22,[],2019-06-17 14:31:30,13612.833333333334,0.00000012,0.00000000001114968,7740136,2019-06-17 14:31:30,BTC,1002.29123003,0.0,0.00000012,BTC,15014.200177125656,0.0,0.00153257,61
1,[],26,[],2019-06-17 14:31:30,0.0,0.00000050,0.000000000046457,7740137,2019-06-17 14:31:30,btc,0.0,0.0,0.00000050,btc,0.0,0.0,0.0,61
1,[],27,[],2019-06-17 14:31:36,8400.0,0.00000018,0.00000000001672452,7740138,2019-06-17 14:31:36,btc,1.9742539297246655,0.0,0.00000018,"btc,eth",10953.51663696,0.0,0.001512,61
0,[],28,[],2019-06-17 14:31:38,0.0,0,0,7740139,2019-06-17 14:31:38,,0.0,0.0,0,,0.0,0.0,0.0,61
1,[],4,[],2019-06-23 13:15:00,650824.29839819,0.00000076,0.000000000081554156,7755581,2019-06-23 13:15:00,btc,3.655834591783644,0.0,0.00000076,btc,1316685.4112392,0.07748637,0.3705833333501203,67
0.0,[],25,[],2019-06-23 13:15:01,0.0,0,0,7755582,2019-06-23 13:15:01,,0.0,0.0,0.0,btc,0.0,0.0,0.0,67
1,[],12,[],2019-06-02 06:23:14,910048.355,0.00000006,0.000000000005154929999999999,7725270,2019-06-02 06:23:14,btc,5.167005424215783,0.0,0.00000006,btc,738530.60239759,0.003159757462,0.0187188113,71
,[],5,[],2018-11-20 23:02:39,1.5e-07,0.00000005,0.000000000002128045,4862160,2018-11-20 23:02:39,btc,2.84511358,0.0,,btc,0.00036572,0.0,0.07381892,74
1,[],5,[],2019-06-23 13:15:02,0.0,0,0,7755583,2019-06-23 13:15:02,btc,0.0,0.00519208,0,btc,0.0,0.0,0.0,75
1,[],4,[],2019-06-04 03:25:15,715281.46076168,0.00000001,0.000000000000803619,7734085,2019-06-04 03:25:15,btc,581089.6218469425,0.0,0.00000001,btc,37692563.61091116,0.0,0.0071528146076168,81
0,[],20,[],2019-01-25 09:30:31,0.0,0,0,6495923,2019-01-25 09:30:31,btc,0.0,0.0,0,btc,0.0,0.0,0.0,81
1,[],4,[],2019-06-23 13:15:03,219384.5458111,0.00009002,0.000000009659875162,7755584,2019-06-23 13:15:03,btc,57.26646897604853,0.0,0.00009002,btc,114674.75590869,0.7971165,0.3476823325479988,82
1,[],21,[],2019-06-23 13:15:04,63836.17818979,0.0001000699999999999956516380517,0.000000010738321567,7755585,2019-06-23 13:15:04,btc,6.404827457053952,11647.14390828,0.000100069999999999995651638051707976728721405379474163055419921875,btc,50368.08449827,1.02904325,4.391573044496228,82
0,[],17,[],2019-03-25 22:42:34,0.0,0,0,7038780,2019-03-25 22:42:34,btc,0.0445064681804024,0.0,0,btc,995513.18476001,0.0,0.0,84
0.0000000001161485,[],4,[],2019-05-20 13:09:39,216715621.0206096,1.161485e-18,9.0533806701e-23,7657228,2019-05-20 13:09:39,ltc,1.6511566870244727,0.0,0.00000001,ltc,471032407.9048656,0.0,2.5171194308112273e-10,85
,[],22,[],2018-11-20 23:09:34,3408.1,0.0000001,0.0000000000041895,4862324,2018-11-20 23:09:34,BTC,0.04624735,0.0,,BTC,4990.0,0.0,0.00033081,86
1,[],22,[],2019-06-23 13:15:09,74694.0,0.00000005,0.000000000005365405,7755586,2019-06-23 13:15:09,BTC,1.83892553,0.0,0.00000005,BTC,227024.94736842104,0.00125,0.00122846,87
1,[],27,[],2019-06-23 13:15:15,269536.0,0.00000003,0.000000000003219243,7755587,2019-06-23 13:15:15,btc,2.00927544326,0.0,0.00000003,btc,549681.402,0.0,0.00708608,87
,[],2,[],2018-11-20 23:10:47,0.0,0,0,4862359,2018-11-20 23:10:47,,0.0,0.0,,,0.0,0.0,0.0,88
1,[],11,[],2019-06-17 14:31:59,193715.3529613,0.000073310000000000001140094962881477158589405007660388946533203125,0.00000000681152534,7740147,2019-06-17 14:31:59,btc,168.35454702024953,5791.70569014,0.000073310000000000001140094962881477158589405007660388946533203125,btc,196971.41170107,0.0,1.1996165759440112,89
0,[],2,[],2019-01-20 23:31:45,0.0,0,0,6477083,2019-01-20 23:31:45,,0.0,0.0,0,,0.0,0.0,0.0,91
1,[],12,[],2019-06-18 02:35:48,427715.74,0.00000015,0.000000000013911045000000001,7746087,2019-06-18 02:35:48,btc,116.61022144471085,0.0,0.00000015,btc,193315.55943968,0.000180759303,0.0129558314,91
1,[],22,[],2019-06-20 20:27:07,75910.0,0.00000002,0.000000000001914908,7746207,2019-06-20 20:27:07,BTC,0.49565371,0.0,0.00000002,"BTC,LTC",6.384990670617935,0.0,0.0016592,91
0,[],17,[],2019-05-03 01:12:26,0.0,0,0,7559096,2019-05-03 01:12:26,btc,0.0,0.0,0,btc,0.0,0.0,0.0,91
1,[],22,[],2019-06-23 13:15:19,105655.66666666667,0.00000003,0.000000000003219243,7755588,2019-06-23 13:15:19,BTC,11.40894325,0.0,0.00000003,"BTC,LTC",303567.4683191416,1.3092060000000002e-15,0.06677967,95
0.0000000001309206,[],4,[],2019-06-23 13:15:19,541106197.401905,2.7493326e-17,2.9502565757406003e-21,7755589,2019-06-23 13:15:19,ltc,11.317185113029355,0.0,0.00000021,ltc,158194531.06088305,0.0,8.805998248910121e-10,96
0,[],12,[],2019-06-23 13:15:20,0.0,0,0,7755590,2019-06-23 13:15:20,btc,36.47491304884116,0.0,0,btc,9855683.88411588,1.024975e-05,0.0,96
0,[],17,[],2019-05-03 01:12:32,0.0,0,0,7559100,2019-05-03 01:12:32,btc,0.0,0.0,0,btc,0.0,0.0,0.0,96
1,[],4,[],2019-04-14 03:32:46,1039404.33283278,0.00000038,0.000000000019245518,7293458,2019-04-14 03:32:46,btc,4.170086055365747,0.0,0.00000038,btc,3097704.34561074,0.06260606,0.1859928211030784,99
1,[],4,[],2019-06-23 13:17:21,284299.91565111,0.00001184,0.0000000012705279039999999,7755591,2019-06-23 13:17:21,btc,7.379295693816493,0.0,0.00001184,btc,164011.74680265,0.35222579,0.2608300458714312,100
0,[],2,[],2019-01-20 23:23:55,0.0,0,0,6476914,2019-01-20 23:23:55,,0.0,0.0,0,,0.0,0.0,0.0,100
1,[],22,[],2019-06-05 06:30:35,150000.0,0.00000002,0.000000000001558192,7740007,2019-06-05 06:30:35,BTC,28.56386409,0.0,0.00000002,BTC,12787.719,0.0,0.0017,101
1,[],4,[],2019-06-23 13:17:22,579109.14936957,0.00000162,0.000000000173839122,7755592,2019-06-23 13:17:22,btc,634.3389475859307,0.0,0.00000162,btc,708442.70522474,0.08245437,0.1475437177402597,103
1,[],12,[],2019-06-17 14:32:14,179201505.10870332,0.000000005,0.00000000000046457,7740154,2019-06-17 14:32:14,btc,113577.79366343976,0.0,0.000000005,btc,79148141.67831126,0.019059029059,0.27280986350611003,105
1,[],27,[],2019-06-17 14:32:19,18306828.03496503,0.00000002,0.00000000000185828,7740155,2019-06-17 14:32:19,btc,180.7198218385489,1083.96503497,0.00000002,btc,276513.60142659,7.588e-05,0.3661365606993006,105
1,[],22,[],2019-04-21 00:17:26,21333.0,0.00000001,0.000000000000532493,7385819,2019-04-21 00:17:26,BTC,51.38182867,0.0,0.00000001,BTC,470435.0,0.0,0.00021333,107
1,[],26,[],2019-04-21 00:17:26,0.0,0.00000000,0,7385820,2019-04-21 00:17:26,btc,0.0,0.0,0.00000000,btc,0.0,0.0,0.0,107
1,[],5,[],2019-06-23 13:17:25,0.0,0,0,7755593,2019-06-23 13:17:25,btc,0.0,0.00500011,0,btc,0.0,0.0,0.0,112
0,[],22,[],2019-06-23 13:17:27,0.0,0,0,7755594,2019-06-23 13:17:27,,6.79500102,0.0,0,,3375892.0833333335,0.0,0.0,112
1,[],27,[],2019-06-23 13:17:36,1.0,0.00000001,0.0000000000010730809999999999,7755595,2019-06-23 13:17:36,btc,1.14885,0.0,0.00000001,"btc,eth",39.0,0.0,1e-08,112
1,[],4,[],2019-06-23 13:17:36,1013758.47709987,0.00000059,0.000000000063311779,7755596,2019-06-23 13:17:36,btc,4.7244381858725895,0.0,0.00000059,btc,772866.92709627,0.0157418,0.2069906511919727,113
1,[],5,[],2019-06-23 13:17:37,0.0,0,0,7755597,2019-06-23 13:17:37,btc,0.0,0.0,0,btc,0.0,0.0,0.0,113
1,[],17,[],2019-04-26 02:17:47,162738.278,0.00000004,0.0000000000021069000000000002,7461287,2019-04-26 02:17:47,btc,1.3331140273775473,0.0,0.00000004,btc,51796.221,0.0,0.00230953112,116
1,[],27,[],2019-05-22 05:13:01,210000.0,0.00000001,0.00000000000079145,7666372,2019-05-22 05:13:01,btc,3919.0005001478,0.0,0.00000001,btc,128660.871,0.0,0.0021,116
1,[],4,[],2019-05-21 22:31:11,138169.03963019,0.00000701,0.000000000558364025,7664793,2019-05-21 22:31:11,btc,150.95388250938234,0.0,0.00000701,btc,344631.17141974,0.07552974,0.4288357684941946,120
1,[],7,[],2019-05-21 22:31:12,3901.07750076,0.000010679999999999999389654892212320191902108490467071533203125,0.0000000008506887,7664794,2019-05-21 22:31:12,btc,231188.94669936574,0.0,0.000010679999999999999389654892212320191902108490467071533203125,btc,4133.83151364,0.0,0.0113888422364489,120
1,[],20,[],2019-04-07 18:42:29,1914137.0852,0.000000035,0.0000000000017871910000000002,7211992,2019-04-07 18:42:29,btc,32.2497668025648,25528.85,0.000000035,btc,1001975.4986,0.00089350975,0.0152723574729,125
1,[],22,[],2019-06-17 14:32:38,10000.0,0.00000001,0.00000000000092914,7740161,2019-06-17 14:32:38,BTC,0.032061,0.0,0.00000001,BTC,299316.7611111111,0.0,0.0001,126
1,[],4,[],2019-06-23 13:17:38,966634.96728731,0.00000330,0.00000000035411673,7755598,2019-06-23 13:17:38,btc,2.436806723692344,0.0,0.00000330,btc,189570.63227428,0.14574486,0.6138171018479911,131
0,[],2,[],2019-01-20 23:25:46,0.0,0,0,6476969,2019-01-20 23:25:46,,0.0,0.0,0,,0.0,0.0,0.0,131
1,[],17,[],2019-05-03 01:13:10,10000.0,0.00000001,0.000000000000548003,7559115,2019-05-03 01:13:10,btc,0.0953976503951408,0.0,0.00000001,btc,5037.62507334,0.0,0.0001,131
1,[],4,[],2019-06-17 14:32:42,4848.49465417,0.00007919,0.00000000735785966,7740163,2019-06-17 14:32:42,btc,0.9905723729472744,0.0,0.00007919,btc,202.13055914,0.0,0.0061509344290166,135
1,[],3,[],2019-06-05 06:33:11,40600.27748212,0.00000001,0.000000000000779096,7740019,2019-06-05 06:33:11,btc,0.2308097808993716,2146378.52189,0.00000001,btc,2477992.76904676,0.0,0.0004060027748212,136
1,[],4,[],2019-06-23 13:19:39,707135.75442097,0.00000171,0.00000000018349685099999998,7755599,2019-06-23 13:19:39,btc,110.18194962821435,0.0,0.00000171,btc,546381.71973633,0.02995072,0.4522573050964686,137
1,[],12,[],2019-06-23 13:19:41,66099.00666404,0.000001520000000000000058272072063492164062381561961956322193145751953125,0.000000000163108312,7755600,2019-06-23 13:19:41,btc,79.71325435977052,0.0,0.000001520000000000000058272072063492164062381561961956322193145751953125,btc,81717.92097078,0.0,0.0137825099999748,137
1,[],4,[],2019-06-23 13:19:41,279500.52691418,0.00001460,0.0000000015666982599999999,7755601,2019-06-23 13:19:41,btc,6.382999513447174,0.0,0.00001460,btc,161208.4441735,0.12229111,0.3990626262993131,142
1,[],5,[],2019-06-23 13:19:42,0.0,0,0,7755602,2019-06-23 13:19:42,btc,0.0,0.00457216,0,btc,0.0,0.0,0.0,142
1,[],20,[],2019-06-23 13:21:44,269172.0821,0.00001422,0.000000001525921182,7755603,2019-06-23 13:21:44,btc,1.6093998228218,237.2221,0.00001422,btc,9936.0204,0.0034429605555,0.0153388211829,142
1,[],22,[],2019-06-23 13:21:47,10715.0,0.00001299,0.000000001393932219,7755604,2019-06-23 13:21:47,BTC,2.99759384,0.0,0.00001299,BTC,835.7198755539798,0.0,0.00540125,142
0.0,[],25,[],2019-06-23 13:21:49,0.0,0,0,7755605,2019-06-23 13:21:49,,0.0,0.0,0.0,btc,0.0,0.0,0.0,142
0,[],28,[],2019-06-23 13:21:50,0.0,0,0,7755606,2019-06-23 13:21:50,,0.0,0.0,0,,0.0,0.0,0.0,142
1,[],17,[],2019-05-03 01:13:16,32967.38636364,0.00000088,0.000000000048224264,7559122,2019-05-03 01:13:16,btc,20.06976206696776,0.0,0.00000088,btc,2746.079105,0.0,0.0105613000000032,142
0,[],22,[],2019-06-23 13:21:53,0.0,0,0,7755607,2019-06-23 13:21:53,,1635.98618676,0.0,0,,788450755.3,0.0,0.0,143
0,[],22,[],2019-02-25 15:42:22,0.0,0,0,6783783,2019-02-25 15:42:22,,4.2131946,0.0,0,,2322156.0,0.0,0.0,146
,[],22,[],2018-11-20 23:01:11,0.0,0,0,4862114,2018-11-20 23:01:11,,2.56807021,0.0,,,61828.4988236,0.0,0.0,147
1,[],12,[],2019-04-21 06:38:04,193091.5971266,0.00000071,0.000000000037635183,7388679,2019-04-21 06:38:04,btc,2.301232411611175,0.0,0.00000071,btc,9957.48302385,0.00023528,0.0313308199999888,148
1,[],4,[],2019-03-19 21:31:25,255810.0415942,0.00000029,0.000000000011615747,6982695,2019-03-19 21:31:25,btc,218.94922712414143,0.0,0.00000029,btc,793529.37642722,0.00117,0.0608347789473395,152
0,[],22,[],2019-03-19 21:31:27,0.0,0,0,6982696,2019-03-19 21:31:27,,0.0,0.0,0,,0.0,0.0,0.0,152
1,[],5,[],2019-04-26 09:36:59,0.0,0,0,7465040,2019-04-26 09:36:59,btc,0.0,0.0,0,btc,0.0,0.0,0.0,153
,[],16,[],2019-01-11 15:38:59,0.0,0,0,6366141,2019-01-11 15:38:59,btc,0.0,0.0,,btc,0.0,0.0,0.0,155
0,[],23,[],2019-01-20 23:24:29,0.0,0,0,6476932,2019-01-20 23:24:29,,0.0,0.0,0,,0.0,0.0,0.0,156
0,[],22,[],2019-06-04 06:02:09,0.0,0,0,7734688,2019-06-04 06:02:09,,7.43375324,0.0,0,,5955762.942592593,0.0,0.0,156
1,[],22,[],2019-06-23 13:21:58,6996.0,0.00000001,0.0000000000010730809999999999,7755608,2019-06-23 13:21:58,BTC,1.7543039,0.0,0.00000001,BTC,57.0,0.0,6.996e-05,157
0,[],22,[],2019-05-21 23:40:32,0.0,0,0,7665049,2019-05-21 23:40:32,,50234.60468402,0.0,0,,54786159.03179465,0.0,0.0,158
,[],17,[],2018-11-20 22:56:10,0.0,0,0,4861976,2018-11-20 22:56:10,btc,1.1265625,0.0,,btc,1000.0,0.0,0.0,159
,[],20,[],2018-11-20 22:56:12,0.0,0,0,4861977,2018-11-20 22:56:12,btc,11912.7940471,0.0,,btc,34413894.3617,0.0,0.0,159
1,[],12,[],2019-05-24 02:51:20,9178.522006449999,0.00000191999999999999982841307998027158276954651228152215480804443359375,0.000000000151222656,7676256,2019-05-24 02:51:20,btc,149.80414728631675,0.0,0.00000191999999999999982841307998027158276954651228152215480804443359375,btc,1115.7451448499999,0.01783167678326,0.0120075778999181,168
1,[],17,[],2019-05-03 01:13:36,42852.0,0.00000002,0.000000000001096006,7559132,2019-05-03 01:13:36,btc,0.04279856251542,0.0,0.00000002,btc,274.46171372,0.0,0.00052852,168
1,[],22,[],2019-05-17 03:01:52,10.0,0.00000001,0.000000000000778341,7642059,2019-05-17 03:01:52,BTC,41.95893009,0.0,0.00000001,BTC,1753972.7737547632,0.0,1e-07,169
1,[],22,[],2019-05-30 08:38:18,202834.0,0.00000002,0.0000000000017416160000000001,7711049,2019-05-30 08:38:18,BTC,27.87002826,0.0,0.00000002,BTC,462189.5410507793,0.0,0.00211768,171
1,[],22,[],2019-05-29 08:05:18,349870.0,0.00000002,0.000000000001705894,7705265,2019-05-29 08:05:18,BTC,24.05907723,0.0,0.00000002,"BTC,LTC",1224285.4355616204,0.0,0.0039847,173
1,[],5,[],2019-06-23 13:21:59,0.0,0,0,7755609,2019-06-23 13:21:59,btc,0.0,0.0039478,0,btc,0.0,0.0,0.0,175
1,[],22,[],2019-06-17 14:33:12,90671.0,0.00000001,0.00000000000092914,7740175,2019-06-17 14:33:12,BTC,394.35459412,0.0,0.00000001,BTC,136275.61833431243,0.0,0.00090671,176
1,[],7,[],2019-06-23 13:22:00,0.0,0,0,7755610,2019-06-23 13:22:00,btc,522272.5934493988,0.0,0,btc,27809550.642174788,0.0,0.0,178
0,[],22,[],2019-06-23 13:22:02,0.0,0,0,7755611,2019-06-23 13:22:02,,1.00242428,0.0,0,,57512.0,0.0,0.0,178
0,[],2,[],2019-01-20 23:28:34,0.0,0,0,6477001,2019-01-20 23:28:34,,0.0,0.0,0,,0.0,0.0,0.0,178
1,[],5,[],2019-06-23 13:22:04,0.0,0,0,7755612,2019-06-23 13:22:04,btc,0.0,0.01015428,0,btc,0.0,0.0,0.0,179
0,[],22,[],2019-06-23 13:22:07,0.0,0,0,7755613,2019-06-23 13:22:07,,5.31753917,0.0,0,,14450788.311946675,0.0,0.0,179
0,[],23,[],2019-01-20 23:25:08,0.0,0,0,6476952,2019-01-20 23:25:08,,0.0,0.0,0,,0.0,0.0,0.0,179
1,[],22,[],2019-06-23 13:24:10,677539.8613636363,0.0000004,0.00000000004292324,7755614,2019-06-23 13:24:10,BTC,40.58757625,0.0,0.0000004,"BTC,LTC",148952.62502857723,0.00124535,0.56745942,180
1,[],26,[],2019-06-23 13:24:11,0.0,0.00000010,0.00000000001073081,7755615,2019-06-23 13:24:11,btc,0.0,0.0,0.00000010,btc,0.0,0.0,0.0,180
1,[],17,[],2019-05-03 01:13:56,20504.725000000002,0.0000001,0.00000000000548003,7559141,2019-05-03 01:13:56,btc,5.2010695838400265,0.0,0.0000001,btc,5033.45945,0.0,0.0011504725,180
,[],7,[],2018-11-20 22:58:01,562227.975654,0.00000085,0.000000000036176765,4862015,2018-11-20 22:58:01,btc,21836.6059674,2491.87645172,,btc,749999.041456,0.00211021,0.127565380455,183
,[],5,[],2019-01-10 08:11:41,0.0,0,0,6347036,2019-01-10 08:11:41,btc,82.15055501,0.00261,,btc,1.19002445,0.0,0.0,187
,[],17,[],2018-11-16 20:58:10,4062536.27273,0.00000001,0.000000000000550501,4708775,2018-11-16 20:58:10,btc,3.36492563466,0.195460381006,,"btc,eth",110697919.549,0.0,0.0157628953496,187
1,[],24,[],2019-05-22 21:04:52,0.0,0.000000000014,0.0000000000000010960978,7670219,2019-05-22 21:04:52,btc,0.0,0.0,0.000000000014,btc,0.0,0.0,0.0,187
0,[],22,[],2019-04-25 02:54:07,0.0,0,0,7447896,2019-04-25 02:54:07,,7.54794454,0.0,0,,76361.7243344055,0.0,0.0,191
0,[],22,[],2019-06-17 14:33:34,0.0,0,0,7740182,2019-06-17 14:33:34,,0.0,0.0,0,,0.0,0.0,0.0,197
0,[],23,[],2019-01-20 23:31:41,0.0,0,0,6477079,2019-01-20 23:31:41,,0.0,0.0,0,,0.0,0.0,0.0,199
0,[],22,[],2019-06-23 13:24:13,0.0,0,0,7755616,2019-06-23 13:24:13,,10.58263174,0.0,0,,84280969.0,0.0,0.0,199
1,[],26,[],2019-06-23 13:24:13,0.0,0.00000000,0,7755617,2019-06-23 13:24:13,btc,0.0,0.0,0.00000000,btc,0.0,0.0,0.0,199
0,[],2,[],2019-01-20 23:30:49,0.0,0,0,6477059,2019-01-20 23:30:49,,0.0,0.0,0,,0.0,0.0,0.0,201
1,[],4,[],2019-01-25 15:51:35,2084389.58565343,0.00000936,0.000000000333526752,6499557,2019-01-25 15:51:35,btc,2.0092503037378524,0.0,0.00000936,btc,160195.80207885,0.19272417,1.242687955921835,211
1,[],7,[],2019-06-23 13:24:15,1170054124.6898527,0.00000018,0.000000000019315458,7755618,2019-06-23 13:24:15,btc,1346838.6258339162,0.0,0.00000018,btc,5739479.26464841,0.0,11.954344045954047,212
1,[],12,[],2019-01-25 02:44:32,207462.42853209,0.000001080000000000000035831255497387193287295303889550268650054931640625,0.000000000038610756000000006,6493050,2019-01-25 02:44:32,btc,85023.03793723314,0.0,0.000001080000000000000035831255497387193287295303889550268650054931640625,btc,43675.73520027,0.000146250909087,0.0348620860622024,213
1,[],5,[],2019-05-30 00:07:46,0.0,0,0,7709357,2019-05-30 00:07:46,btc,0.0,0.06425239,0,btc,0.0,0.0,0.0,213
1,[],24,[],2019-05-30 00:07:46,0.0,0.000000399202,0.0000000000344859829346,7709358,2019-05-30 00:07:46,btc,0.0,0.0,0.000000399202,btc,0.0,0.0,0.0,213
1,[],26,[],2019-05-30 00:07:47,0.0,0.00000040,0.000000000034554919999999996,7709359,2019-05-30 00:07:47,btc,0.0,0.0,0.00000040,btc,0.0,0.0,0.0,213
0,[],22,[],2019-06-23 13:24:18,0.0,0,0,7755619,2019-06-23 13:24:18,,9.56923849,0.0,0,,3661587.2040649247,0.0,0.0,216
0,[],27,[],2019-06-23 13:24:26,0.0,0,0,7755620,2019-06-23 13:24:26,,145.7703362515382,0.0,0,"btc,ltc",596562.12538,0.0,0.0,216
1,[],22,[],2019-06-23 13:24:29,500768.7087912088,0.0000002,0.00000000002146162,7755621,2019-06-23 13:24:29,BTC,12055.89725319,0.0,0.0000002,BTC,512520.4678921843,0.00138675,0.02700789,217
1,[],7,[],2019-06-23 13:24:31,0.0,0,0,7755622,2019-06-23 13:24:31,btc,1234912.6160040614,0.0,0,btc,89377746.4752352,0.0,0.0,219
0,[],27,[],2019-06-23 13:24:37,0.0,0,0,7755623,2019-06-23 13:24:37,,250.34372354432625,0.0,0,btc,5709879.26511325,0.0,0.0,219
0,[],28,[],2019-06-23 13:24:38,0.0,0,0,7755624,2019-06-23 13:24:38,,0.0,0.0,0,,0.0,0.0,0.0,219
1,[],22,[],2019-05-23 16:41:05,172069.0,0.00000004,0.0000000000031167080000000004,7674065,2019-05-23 16:41:05,BTC,56.76466137,0.0,0.00000004,BTC,127061.6482738741,0.0,0.00393676,221
1,[],24,[],2019-05-23 16:41:05,0.0,0.000000010000,0.0000000000007791770000000001,7674066,2019-05-23 16:41:05,btc,0.0,0.0,0.000000010000,btc,0.0,0.0,0.0,221
1,[],20,[],2019-06-17 14:34:11,26882155.8301,0.000000003,0.000000000000278742,7740192,2019-06-17 14:34:11,btc,100050.81956632523,233521.3529,0.000000003,btc,38769742.8604,0.0007925640587,0.0306863532672,224
0,[],22,[],2019-06-17 14:34:13,0.0,0,0,7740193,2019-06-17 14:34:13,,0.0,0.0,0,,0.0,0.0,0.0,224
1,[],26,[],2019-06-23 13:24:39,0.0,0.00000022,0.000000000023607782,7755625,2019-06-23 13:24:39,btc,0.0,0.0,0.00000022,btc,0.0,0.0,0.0,231
1,[],26,[],2019-06-23 13:24:40,0.0,0.00000005,0.000000000005365405,7755626,2019-06-23 13:24:40,btc,0.0,0.0,0.00000005,btc,0.0,0.0,0.0,234
0.00000000028937510000000003,[],27,[],2019-06-23 13:24:46,100.0,2.893751e-18,3.1052292168309997e-22,7755627,2019-06-23 13:24:46,eth,0.0,0.0,0.00000001,"btc,eth",0.0,0.0,2.8937510000000002e-16,234
1,[],4,[],2019-05-22 17:06:12,91780.56053785,0.00000078,0.000000000061977552,7669277,2019-05-22 17:06:12,btc,5.573372450018177,0.0,0.00000078,btc,729173.93529783,0.0,0.0307060663355679,236
1,[],24,[],2019-05-22 17:06:12,0.0,0.000000010000,0.000000000000794584,7669278,2019-05-22 17:06:12,btc,0.0,0.0,0.000000010000,btc,0.0,0.0,0.0,236
1,[],5,[],2019-06-23 13:24:47,0.0,0,0,7755628,2019-06-23 13:24:47,btc,0.0,0.93488239,0,btc,0.0,0.0,0.0,237
1,[],20,[],2019-06-23 13:24:49,50516458.5015,0.000000078,0.0000000000083700318,7755629,2019-06-23 13:24:49,btc,8172549.212942184,14380553.1863,0.000000078,btc,41252096.3626,1.1476147201926,1.0740735181615,237
1,[],22,[],2019-06-23 13:24:53,2084614.0,0.00000004,0.0000000000042923239999999995,7755630,2019-06-23 13:24:53,BTC,1.20112207,0.0,0.00000004,"BTC,LTC",14507.148717948718,0.0,0.02587451,237
1,[],4,[],2019-06-23 13:24:54,41304907.35476275,0.00000007,0.000000000007511567,7755631,2019-06-23 13:24:54,btc,2.5540048913312203,0.0,0.00000007,btc,11774003.12400276,0.03778217,0.8541349587693909,238
1,[],5,[],2019-06-23 13:24:55,0.0,0,0,7755632,2019-06-23 13:24:55,btc,0.0,0.0217748,0,btc,0.0,0.0,0.0,238
0,[],22,[],2019-03-12 16:49:32,0.0,0,0,6914458,2019-03-12 16:49:32,,0.40415746,0.0,0,,526736.5639027493,0.0,0.0,249
0,[],22,[],2019-05-28 23:53:45,0.0,0,0,7703643,2019-05-28 23:53:45,,13.44714864,0.0,0,,43777534.3426455,0.0,0.0,252
0,[],28,[],2019-06-23 13:24:56,0.0,0,0,7755633,2019-06-23 13:24:56,,0.0,0.0,0,,0.0,0.0,0.0,256
1,[],22,[],2019-06-23 13:24:59,565929.0,0.00000001,0.0000000000010730809999999999,7755634,2019-06-23 13:24:59,BTC,31464.57209997,0.0,0.00000001,BTC,1031955.2230878276,3.304e-05,0.00565929,258
1,[],22,[],2019-05-19 18:12:02,400.0,0.00000001,0.0000000000007957800000000001,7653905,2019-05-19 18:12:02,BTC,2.415167,0.0,0.00000001,BTC,157.0,0.0,4e-06,259
1,[],5,[],2019-06-23 13:25:00,0.0,0,0,7755635,2019-06-23 13:25:00,btc,0.0,0.12022639,0,btc,0.0,0.0,0.0,264
1,[],20,[],2019-06-23 13:25:02,910742.3416,0.000000421,0.0000000000451767101,7755636,2019-06-23 13:25:02,btc,1.0313757759329,28508.3765,0.000000421,btc,62959.9021,0.0261094182398,0.0073877341718,264
0,[],22,[],2019-04-12 17:57:27,0.0,0,0,7278186,2019-04-12 17:57:27,,66.37522201,0.0,0,,677842.4169881374,0.0,0.0,271
0,[],22,[],2019-06-23 13:25:06,0.0,0,0,7755637,2019-06-23 13:25:06,,33050469.74148113,0.0,0,,14261527780.7,0.0,0.0,272
0,[],28,[],2019-06-23 13:25:07,0.0,0,0,7755638,2019-06-23 13:25:07,,0.0,0.0,0,,0.0,0.0,0.0,272
1,[],22,[],2019-05-23 07:12:29,219930.0,0.00000004,0.000000000003048688,7671985,2019-05-23 07:12:29,BTC,426.77835217,0.0,0.00000004,BTC,248664.3325962929,0.0,0.00739728,281
1,[],22,[],2019-06-23 13:25:12,25477.1,0.00000001,0.0000000000010730809999999999,7755639,2019-06-23 13:25:12,BTC,2.76785723,0.0,0.00000001,"BTC,LTC",1055281.637193209,0.00013184,0.00475046,286
0,[],22,[],2019-06-17 14:34:53,0.0,0,0,7740207,2019-06-17 14:34:53,,7337915.80475575,0.0,0,,2078527309.6797826,0.0,0.0,294
