pairValue,buyBook,exchangeId,sellBook,updated,buyTotal,satoshiPrice,usdPrice,exchangeLogId,created,bestPair,sellTotalBtc,volume,pairPrice,activePairs,sellTotal,volumeBtc,buyTotalBtc,coinId
1,[],3,[],2019-06-26 11:25:09,31396.11619272451,0.008278159999999999685282858763457625173032283782958984375,0.000001053451323671999988014188702,7767154,2019-06-26 11:25:09,btc,9.389237986079072,58.4610850095,0.008278159999999999685282858763457625173032283782958984375,btc,41.465540779503,0.0,0.2807605580953916,1
1,[],4,[],2019-06-26 11:25:10,207815.75743012,0.00838997,0.000001067679895299000028443104167,7767155,2019-06-26 11:25:10,btc,9.02186835269206,0.0,0.00838997,btc,413.21716309,6.24005316,0.6966281559009043,1
1,[],5,[],2019-06-26 11:25:12,0.0,0,0,7767156,2019-06-26 11:25:12,btc,0.0,0.29921075,0,btc,0.0,0.0,0.0,1
1,[],10,[],2019-06-26 11:25:14,309261.05758303,0.00238745,0.000000303819008415,7767157,2019-06-26 11:25:14,btc,6521.349440340103,1530.31146371,0.00238745,btc,1225.58190568,0.0,1.5859434393709138,1
1,[],12,[],2019-06-26 11:25:17,104.19555105,0.00822999999999999946875828271686259540729224681854248046875,0.000001047322640999999960296716938,7767158,2019-06-26 11:25:17,btc,0.28555127810340003,0.0,0.00822999999999999946875828271686259540729224681854248046875,btc,27.67533357,1.024368909485,0.1647208836844,1
1,[],20,[],2019-06-26 11:25:19,928.1991,0.00801003,0.000001019329984701000027155057488,7767159,2019-06-26 11:25:19,btc,0.1523333625586,2.412,0.00801003,btc,11.4317,0.0246635519041,0.1259807857727,1
1,[],21,[],2019-06-26 11:25:21,2516.52011158,0.008289549999999999696509433988,0.000001054900777484999989481459219,7767160,2019-06-26 11:25:21,btc,10.392511998046714,12841.61246465,0.008289549999999999696509433988467208109796047210693359375,"btc,eth",1571.94135068,105.54893632882936,16.814245761375638,1
1,[],22,[],2019-06-26 11:25:25,0.0199,0.00110000,0.00000013998237,7767161,2019-06-26 11:25:25,BTC,0.01666796,0.0,0.00110000,BTC,0.25318100557485945,0.0,2.189e-05,1
1,[],24,[],2019-06-26 11:25:25,0.0,0.000000000000,0,7767162,2019-06-26 11:25:25,btc,0.0,0.0,0.000000000000,btc,0.0,0.0,0.0,1
0.0,[],25,[],2019-06-26 11:25:42,0.0,0,0,7767163,2019-06-26 11:25:42,btc,46.4844999983751,19388.5055077,0.0,btc,5417.37903257,187.956,0.0,1
1,[],26,[],2019-06-26 11:25:45,0.0,0,0,7767164,2019-06-26 11:25:45,,0.0,0.0,0,,0.0,0.0,0.0,1
0,[],28,[],2019-06-26 11:25:47,0.0,0,0,7767165,2019-06-26 11:25:47,,0.0,0.0,0,,0.0,0.0,0.0,1
0,[],2,[],2019-01-20 23:28:45,0.0,0,0,6477011,2019-01-20 23:28:45,,0.0,0.0,0,,0.0,0.0,0.0,1
1,[],5,[],2019-06-17 14:29:02,0.0,0,0,7740076,2019-06-17 14:29:02,btc,0.0,2.72e-05,0,btc,0.0,0.0,0.0,2
1,[],22,[],2019-06-17 14:29:06,11550.3,0.0000002,0.0000000000185828,7740077,2019-06-17 14:29:06,BTC,21.00897301,0.0,0.0000002,"BTC,XMR",20678.87287795317,1.754e-05,0.00143681,2
1,[],5,[],2019-06-03 14:48:58,0.0,0,0,7731126,2019-06-03 14:48:58,btc,0.0,0.05905545,0,btc,0.0,0.0,0.0,3
1,[],12,[],2019-06-03 14:48:59,3468623.70302,0.000000116,0.000000000009823402000000002,7731127,2019-06-03 14:48:59,btc,169531.0336573751,0.0,0.000000116,btc,2361209.62379607,0.041350953071,0.33764769154428,3
0,[],28,[],2019-06-03 14:49:00,0.0,0,0,7731128,2019-06-03 14:49:00,,0.0,0.0,0,,0.0,0.0,0.0,3
0,[],2,[],2019-01-20 23:31:32,0.0,0,0,6477077,2019-01-20 23:31:32,,0.0,0.0,0,,0.0,0.0,0.0,4
1,[],4,[],2019-05-18 21:29:50,562734.9206932,0.00000010,0.000000000007298720000000001,7650946,2019-05-18 21:29:50,btc,41.9347137769675,0.0,0.00000010,btc,1123702.32192634,0.00052462,0.029254593370966,4
0,[],12,[],2019-06-02 05:03:43,0.0,0,0,7724919,2019-06-02 05:03:43,btc,625.901992874995,0.0,0,btc,1211362.4995005,0.0,0.0,5
0,[],2,[],2019-01-20 23:31:51,0.0,0,0,6477087,2019-01-20 23:31:51,,0.0,0.0,0,,0.0,0.0,0.0,6
1,[],11,[],2019-06-26 11:25:49,6351847.276736,0.00000001,0.000000000001272567,7767166,2019-06-26 11:25:49,btc,9583.561532562631,10000.0,0.00000001,btc,76147617.98104052,0.0,0.06351847276736,6
1,[],3,[],2019-06-26 11:25:50,11508.729378375667,0.0000507699999999999967178858362171212093016947619616985321044921875,0.000000006460822659,7767167,2019-06-26 11:25:50,btc,1026.2768446020705,627.29874475,0.0000507699999999999967178858362171212093016947619616985321044921875,btc,327.748534874402,0.0,0.011972091081225364,7
1,[],4,[],2019-06-26 11:25:50,325296.2981351,0.00006307,0.000000008026080069,7767168,2019-06-26 11:25:50,btc,6.5613745511050094,0.0,0.00006307,btc,51380.06615056,1.60379924,2.0451360791900823,7
1,[],5,[],2019-06-26 11:25:51,0.0,0,0,7767169,2019-06-26 11:25:51,btc,0.0,0.09379366,0,btc,0.0,0.0,0.0,7
1,[],20,[],2019-04-07 22:06:50,3201475.0482,0.000000001,0.000000000000051590000000000004,7213932,2019-04-07 22:06:50,btc,30.8005781811902,0.0,0.000000001,btc,23077405.3926,0.0,0.0032014750482,8
0,[],2,[],2019-01-20 23:22:42,0.0,0,0,6476876,2019-01-20 23:22:42,,0.0,0.0,0,,0.0,0.0,0.0,9
0,[],23,[],2019-01-20 23:22:48,0.0,0,0,6476878,2019-01-20 23:22:48,,0.0,0.0,0,,0.0,0.0,0.0,9
1,[],4,[],2019-06-26 11:25:53,1849228.84431404,0.00000040,0.00000000005090268,7767170,2019-06-26 11:25:53,btc,2.916680383500418,0.0,0.00000040,btc,3025729.67577036,0.50025067,0.2844514284780843,9
0,[],28,[],2019-06-26 11:25:55,0.0,0,0,7767171,2019-06-26 11:25:55,,0.0,0.0,0,,0.0,0.0,0.0,9
1,[],1,[],2019-02-17 23:31:42,1822507.21,0.00000181000000000000003456111265232042484285557293333113193511962890625,0.000000000066086901,6701244,2019-02-17 23:31:42,btc,3.6990969245,17153386.5,0.00000181000000000000003456111265232042484285557293333113193511962890625,btc,1997391.71,31.11772986,3.2610482446,9
1,[],4,[],2019-02-17 11:22:43,4341674.27126056,0.00000002,0.0000000000007272960000000001,6696112,2019-02-17 11:22:43,btc,0.1997230937751353,0.0,0.00000002,btc,4109766.79808031,0.00215132,0.0479381022052112,10
0,[],2,[],2019-01-20 23:23:08,0.0,0,0,6476890,2019-01-20 23:23:08,,0.0,0.0,0,,0.0,0.0,0.0,12
1,[],4,[],2019-06-26 11:25:56,40291355.00190506,0.00000024,0.000000000030541608,7767172,2019-06-26 11:25:56,btc,6.746101665508375,0.0,0.00000024,btc,8425376.80180705,0.54811035,1.4327777437303169,12
1,[],5,[],2019-06-26 11:25:57,0.0,0,0,7767173,2019-06-26 11:25:57,btc,0.0,0.03656346,0,btc,0.0,0.0,0.0,12
0.0,[],25,[],2019-06-26 11:26:02,0.0,0,0,7767174,2019-06-26 11:26:02,,0.0,0.0,0.0,btc,0.0,0.0,0.0,12
1,[],4,[],2019-06-26 11:26:02,569352.39001282,0.00000267,0.00000000033977538900000003,7767175,2019-06-26 11:26:02,btc,1.987795020197231,0.0,0.00000267,btc,328702.57774487,0.32936928,0.2747345762285725,13
1,[],10,[],2019-06-26 11:26:05,585115.39186527,0.00000266,0.000000000338502822,7767176,2019-06-26 11:26:05,btc,666797.8847654188,35342.5716723,0.00000266,btc,874662.06444358,0.0,0.2032275706885986,13
1,[],21,[],2019-06-26 11:26:06,6195578.2164007295,0.000002730000000000000119984317620,0.00000000034741079100000004,7767177,2019-06-26 11:26:06,btc,2.968198216085213,1176686.68491139,0.0000027300000000000001199843176202808336938687716610729694366455078125,btc,809069.14669587,3.52738139,3.049598513933186,13
1,[],4,[],2019-06-26 11:26:07,950552.68627585,0.00000044,0.000000000055992948,7767178,2019-06-26 11:26:07,btc,8.064205727253254,0.0,0.00000044,btc,1647447.04096479,0.01767803,0.0719182484037289,14
1,[],12,[],2019-06-26 11:26:08,232629.67847868,0.00000049,0.000000000062355783,7767179,2019-06-26 11:26:08,btc,193.48139657308514,0.0,0.00000049,btc,37803.58920806,0.007374851539,0.0131605299999887,14
1,[],26,[],2019-06-26 11:28:08,0.0,0.00000050,0.00000000006362835000000001,7767180,2019-06-26 11:28:08,btc,0.0,0.0,0.00000050,btc,0.0,0.0,0.0,14
0,[],17,[],2019-05-03 00:53:32,0.0,0,0,7558876,2019-05-03 00:53:32,btc,0.0,0.0,0,btc,0.0,0.0,0.0,14
0,[],4,[],2019-06-26 11:28:09,0.0,0,0,7767181,2019-06-26 11:28:09,,0.0,0.0,0,,0.0,0.0,0.0,15
,[],12,[],2018-12-01 15:15:48,204241.84496,0.00000489,0.000000000202473384,5260204,2018-12-01 15:15:48,btc,49.5475654835,0.0,,btc,35763.2193806,0.0163153972027625,0.0203389899998,15
0,[],2,[],2019-01-20 23:23:38,0.0,0,0,6476906,2019-01-20 23:23:38,,0.0,0.0,0,,0.0,0.0,0.0,18
1,[],4,[],2019-06-26 11:28:11,28913.18684282,0.00000862,0.000000001096952754,7767182,2019-06-26 11:28:11,btc,2.450714094500968,0.0,0.00000862,btc,16646.3909821,0.02587428,0.0213067657894451,18
1,[],10,[],2019-06-26 11:28:12,419413.29463148,0.00000794,0.000000001010418198,7767183,2019-06-26 11:28:12,btc,14.890481207597109,18853.1905051,0.00000794,btc,10994.1162264,0.0,0.2894122114973264,18
1,[],12,[],2019-06-26 11:28:14,968.27415245,0.000008509999999999999837252580292545900420009274967014789581298828125,0.000000001082954517,7767184,2019-06-26 11:28:14,btc,0.5224324626796916,0.0,0.000008509999999999999837252580292545900420009274967014789581298828125,btc,1928.74658592,2.568438e-06,0.0038332563919295,18
0,[],17,[],2019-05-03 00:53:39,0.0,0,0,7558882,2019-05-03 00:53:39,btc,0.0,0.0,0,btc,0.0,0.0,0.0,18
1,[],3,[],2019-06-26 11:04:03,153295.27062988555,0.0000055799999999999999380768771206628997560983407311141490936279296875,0.000000000709980786,7767146,2019-06-26 11:04:03,btc,190.3277503520454,15760.2721295,0.0000055799999999999999380768771206628997560983407311141490936279296875,btc,18734.63325414316,0.0,0.0514111076048365,19
1,[],4,[],2019-06-26 11:04:07,332263.02105349,0.00000795,0.000000001011531765,7767147,2019-06-26 11:04:07,btc,5.340706412703253,0.0,0.00000795,btc,254456.31364852,0.2368074,1.4004267453696864,19
1,[],5,[],2019-06-26 11:04:08,0.0,0,0,7767148,2019-06-26 11:04:08,btc,0.0,0.00628107,0,btc,0.0,0.0,0.0,19
1,[],12,[],2019-06-26 11:04:11,107351.48780201,0.0000060599999999999995775427918953681682978640310466289520263671875,0.000000000771054402,7767149,2019-06-26 11:04:11,btc,1.206580845418808,0.0,0.0000060599999999999995775427918953681682978640310466289520263671875,btc,3003.56634116,0.000280036898,0.0106676099997785,19
0,[],27,[],2019-06-26 11:04:16,0.0,0,0,7767150,2019-06-26 11:04:16,,0.0,0.0,0,btc,0.0,0.0,0.0,19
0,[],2,[],2019-01-20 23:24:19,0.0,0,0,6476924,2019-01-20 23:24:19,,0.0,0.0,0,,0.0,0.0,0.0,19
1,[],4,[],2019-06-26 11:04:17,10087097.23656777,0.00000005,0.000000000006361835,7767151,2019-06-26 11:04:17,btc,5.170127655812324,0.0,0.00000005,btc,2245045.26778403,0.0,0.1176747238096551,20
0,[],4,[],2019-06-26 11:04:17,0.0,0,0,7767152,2019-06-26 11:04:17,,12503.52308048411,0.0,0,,84134481.80349497,0.0,0.0,21
0,[],12,[],2019-06-26 11:04:19,0.0,0,0,7767153,2019-06-26 11:04:19,btc,2602.952815246953,0.0,0,btc,8020363.49350646,1.1458542e-05,0.0,21
0,[],17,[],2019-05-03 00:53:51,0.0,0,0,7558891,2019-05-03 00:53:51,btc,0.0,0.0,0,btc,0.0,0.0,0.0,21
1,[],12,[],2019-06-26 10:44:12,5875199656.277,0.0000000004,0.00000000000005041208000000001,7767035,2019-06-26 10:44:12,btc,1426624035460.257,0.0,0.0000000004,btc,2707094122.2811527,0.10048231004,1.4525996829108003,23
0.0000000002676534,[],27,[],2019-06-26 10:44:18,43497676.0,8.029602e-18,1.0119723459804e-21,7767036,2019-06-26 10:44:18,eth,1072.81086023082,959341.75224774,0.00000003,eth,5739897.756,2.0541686491956e-11,1.99524598439124e-10,23
1,[],4,[],2019-06-22 05:45:29,6100414.07522138,0.00000017,0.00000000001823352,7751732,2019-06-22 05:45:29,btc,10.22685272773715,0.0,0.00000017,btc,1790815.48208265,0.0,0.1345450262400025,24
0,[],22,[],2019-06-22 05:45:31,0.0,0,0,7751733,2019-06-22 05:45:31,,6.22e-05,0.0,0,,517.4264705882352,0.0,0.0,24
0.0,[],25,[],2019-06-22 05:45:32,0.0,0,0,7751734,2019-06-22 05:45:32,,0.0,0.0,0.0,btc,0.0,0.0,0.0,24
0,[],2,[],2019-01-20 23:25:56,0.0,0,0,6476976,2019-01-20 23:25:56,,0.0,0.0,0,,0.0,0.0,0.0,26
1,[],4,[],2019-06-26 10:44:18,26910769.73702963,0.00000337,0.000000000424721774,7767037,2019-06-26 10:44:18,btc,6.525603075090983,0.0,0.00000337,btc,216584.16509858,0.06839264,0.3315077137541565,26
1,[],10,[],2019-06-26 10:44:20,162180.22175173,0.00000441,0.0000000005557931820000001,7767038,2019-06-26 10:44:20,btc,25.35928566189749,5812.41617762,0.00000441,btc,19881.83116064,0.0,0.0508492240338679,26
1,[],5,[],2019-04-26 09:47:06,0.0,0,0,7465326,2019-04-26 09:47:06,btc,0.0,0.0,0,btc,0.0,0.0,0.0,27
1,[],3,[],2019-06-17 14:30:26,13571825.64059417,0.00000001,0.00000000000092914,7740112,2019-06-17 14:30:26,btc,3.485049956644059,4264730.43754,0.00000001,btc,23500048.28518193,0.0,0.1357182564059417,27
1,[],11,[],2019-06-17 14:30:28,2031833.58157834,0.00000001,0.00000000000092914,7740113,2019-06-17 14:30:28,btc,67502.92060589766,32677.9652116,0.00000001,btc,6487362.95640949,0.0,0.0203183358157834,27
1,[],7,[],2019-06-26 10:44:23,81415572.74461272,0.00000001,0.0000000000012603020000000001,7767040,2019-06-26 10:44:23,btc,46548272.258216195,5126635.27522,0.00000001,btc,39870626.4567807,0.0,0.8141557274461273,29
1,[],4,[],2019-06-26 10:44:21,541936519.2231854,0.00000001,0.0000000000012603020000000001,7767039,2019-06-26 10:44:21,btc,8.617230378479896,0.0,0.00000001,"btc,ltc",520493637.17669404,2.81991759,1.710777645411877,29
1,[],4,[],2019-06-26 10:44:23,15345974.31703515,0.00000004,0.0000000000050412080000000005,7767041,2019-06-26 10:44:23,btc,2.5888396630071338,0.0,0.00000004,btc,2248924.27404088,0.00754806,0.1673836302907171,30
0,[],17,[],2019-05-03 01:11:25,0.0,0,0,7559066,2019-05-03 01:11:25,btc,0.0,0.0,0,btc,0.0,0.0,0.0,30
1,[],4,[],2019-06-26 10:46:24,231088.89988447,0.00003007,0.000000003789728114,7767042,2019-06-26 10:46:24,btc,3.6468567236191634,0.0,0.00003007,btc,55092.41845803,0.51724031,0.3569050886023563,31
1,[],21,[],2019-06-26 10:46:25,960371.21218937,0.00003115999999999999981814893801,0.000000003927101032,7767043,2019-06-26 10:46:25,btc,8.365337796464166,910938.07854977,0.0000311599999999999998181489380133513122927979566156864166259765625,btc,208254.42673464,28.17402004,4.673401666265076,31
0,[],2,[],2019-01-20 23:28:43,0.0,0,0,6477009,2019-01-20 23:28:43,,0.0,0.0,0,,0.0,0.0,0.0,32
0,[],4,[],2019-06-26 10:46:25,0.0,0,0,7767044,2019-06-26 10:46:25,,0.0,0.0,0,,0.0,0.0,0.0,33
1,[],12,[],2019-03-30 07:55:10,40641173.964,0.00000003,0.000000000001228359,7108785,2019-03-30 07:55:10,btc,4233210.82356125,0.0,0.00000003,btc,28378394.68333462,0.0126927883965248,0.90752895892,33
0.0000000001079232,[],4,[],2019-06-26 10:46:28,148713831.7258943,4.7486208e-17,5.9846962914816e-21,7767045,2019-06-26 10:46:28,ltc,4.288031286297949,0.0,0.00000044,ltc,163751750.82994026,0.00111336,6.515167384810034e-10,34
1,[],5,[],2019-06-26 10:46:29,0.0,0,0,7767046,2019-06-26 10:46:29,btc,0.0,0.01,0,btc,0.0,0.0,0.0,34
0.0000000002926451,[],17,[],2019-05-02 18:17:47,200000.0,2.9264510000000002e-18,1.596703856561e-22,7556430,2019-05-02 18:17:47,eth,0.20942468735267253,0.0,0.00000001,"btc,eth",1018272.20243647,0.0,5.852902e-13,36
0.0000000001311821,[],4,[],2019-05-31 13:28:19,2417517744.0607657,1.311821e-18,1.105058333085e-22,7717483,2019-05-31 13:28:19,ltc,5.019900492391546e-08,0.0,0.00000001,ltc,7102398142.262129,0.0,3.171350544531538e-09,36
1,[],5,[],2019-05-31 13:28:21,0.0,0,0,7717484,2019-05-31 13:28:21,btc,0.0,0.0,0,btc,0.0,0.0,0.0,36
0.0000000003108179,[],27,[],2019-05-31 13:30:34,10388811.226876,6.216358000000001e-18,5.236566733830001e-22,7717485,2019-05-31 13:30:34,eth,1569.8708019850988,761866.634299,0.00000002,"ltc,eth",5084024.2511555,4.736034912207001e-12,3.3251980286483705e-11,36
1,[],4,[],2019-06-25 10:05:55,10747826.61931615,0.00000014,0.000000000015920562,7762320,2019-06-25 10:05:55,btc,19773.05513423956,0.0,0.00000014,btc,682946.14349671,0.0006293,0.1362851255028938,37
1,[],12,[],2019-06-25 10:05:57,4167862.54235103,0.00000013,0.000000000014783379,7762321,2019-06-25 10:05:57,btc,7.381091518261743,0.0,0.00000013,btc,1713444.53926904,0.016313049979,0.1478110147956336,37
1,[],27,[],2019-06-25 10:08:02,10970.0,0.00000019,0.000000000021606477,7762322,2019-06-25 10:08:02,btc,22.62970013895233,0.0,0.00000019,btc,4298.824295,0.0,0.00167419,37
1,[],17,[],2019-05-03 01:11:36,211752.74075282,0.00000025,0.000000000013700074999999998,7559074,2019-05-03 01:11:36,btc,0.055484923955058496,0.0,0.00000025,"btc,eth",1387.19918473,0.0,0.0005381851887916605,37
1,[],5,[],2019-06-26 10:46:29,0.0,0,0,7767047,2019-06-26 10:46:29,btc,0.0,0.260502,0,btc,0.0,0.0,0.0,42
1,[],12,[],2019-06-26 10:46:31,2024056.59035094,0.000001769999999999999994019540816569957542014890350401401519775390625,0.000000000223073454,7767048,2019-06-26 10:46:31,btc,525.50416424471,0.0,0.000001769999999999999994019540816569957542014890350401401519775390625,btc,141471.77214127,0.063818060284,0.0604332399999598,42
1,[],27,[],2019-06-26 10:46:37,683.0,0.00000140,0.00000000017644228,7767049,2019-06-26 10:46:37,btc,0.07600425,0.0,0.00000140,"btc,eth",18.0,0.0,0.0005422,42
1,[],12,[],2019-03-13 09:13:29,1112112.0,0.00000001,0.000000000000386531,6919902,2019-03-13 09:13:29,btc,29058.00478931866,0.0,0.00000001,btc,5967681.93306694,9.99000999e-07,0.01112112,43
1,[],5,[],2019-04-26 22:38:52,0.0,0,0,7474154,2019-04-26 22:38:52,btc,0.0,0.02638891,0,btc,0.0,0.0,0.0,43
0,[],17,[],2019-04-26 22:38:53,0.0,0,0,7474155,2019-04-26 22:38:53,btc,0.0,0.0,0,btc,0.0,0.0,0.0,43
1,[],12,[],2019-03-05 01:54:08,639326.02,0.00000004,0.000000000001486676,6845775,2019-03-05 01:54:08,btc,11116042.728239931,0.0,0.00000004,btc,1103841.4595604,0.0003330765234764,0.014975410599999999,44
0.0000000001079232,[],4,[],2019-06-26 10:46:38,108446424.57018301,4.5327744e-17,5.7126646418688e-21,7767050,2019-06-26 10:46:38,ltc,2559.69547817069,0.0,0.00000042,ltc,26079260.27580088,0.00152616,5.118320372176904e-10,49
0.0000000001079232,[],4,[],2019-06-26 10:46:39,315956316.95360464,2.0505407999999998e-17,2.5843006713216e-21,7767051,2019-06-26 10:46:39,ltc,28149.84578083961,0.0,0.00000019,ltc,196442662.3391701,0.0,2.0294898732903713e-09,52
0,[],22,[],2019-06-26 10:46:41,0.0,0,0,7767052,2019-06-26 10:46:41,,10289.80784133,0.0,0,,287058287.4566013,0.0,0.0,57
0,[],27,[],2019-06-26 10:46:48,0.0,0,0,7767053,2019-06-26 10:46:48,,0.0,0.0,0,"btc,eth",0.0,0.0,0.0,57
0,[],4,[],2019-06-26 10:46:48,0.0,0,0,7767054,2019-06-26 10:46:48,,19.71936381139394,0.0,0,,6040987733.402391,0.0,0.0,58
0,[],12,[],2019-06-26 10:46:50,0.0,0,0,7767055,2019-06-26 10:46:50,btc,53483603.12156215,0.0,0,btc,3684870967.8880687,0.049262936678,0.0,58
0.0000000000821259,[],22,[],2019-06-26 10:48:54,126877.0,8.212590000000001e-19,1.0350343602180001e-22,7767056,2019-06-26 10:48:54,XMR,68.17454206,0.0,0.00000001,XMR,9626402.6,0.0,0.00126877,58
1,[],17,[],2019-05-03 01:12:09,1200000.0,0.0000000001,0.00000000000000548003,7559085,2019-05-03 01:12:09,btc,1e+24,0.0,0.0000000001,"btc,eth",39516342.31952568,0.0,0.00010000000058666061,58
1,[],5,[],2019-06-17 14:31:27,0.0,0,0,7740135,2019-06-17 14:31:27,btc,0.0,0.00079154,0,btc,0.0,0.0,0.0,61
1,[],22,[],2019-06-17 14:31:30,13612.833333333334,0.00000012,0.00000000001114968,7740136,2019-06-17 14:31:30,BTC,1002.29123003,0.0,0.00000012,BTC,15014.200177125656,0.0,0.00153257,61
1,[],26,[],2019-06-17 14:31:30,0.0,0.00000050,0.000000000046457,7740137,2019-06-17 14:31:30,btc,0.0,0.0,0.00000050,btc,0.0,0.0,0.0,61
1,[],27,[],2019-06-17 14:31:36,8400.0,0.00000018,0.00000000001672452,7740138,2019-06-17 14:31:36,btc,1.9742539297246655,0.0,0.00000018,"btc,eth",10953.51663696,0.0,0.001512,61
0,[],28,[],2019-06-17 14:31:38,0.0,0,0,7740139,2019-06-17 14:31:38,,0.0,0.0,0,,0.0,0.0,0.0,61
1,[],4,[],2019-06-26 10:48:55,395876.34016384,0.00000066,0.000000000083179932,7767057,2019-06-26 10:48:55,btc,3.4620065942612137,0.0,0.00000066,btc,1294632.75456145,0.05742846,0.2025672737337787,67
0.0,[],25,[],2019-06-26 10:48:57,0.0,0,0,7767058,2019-06-26 10:48:57,,0.0,0.0,0.0,btc,0.0,0.0,0.0,67
1,[],12,[],2019-06-02 06:23:14,910048.355,0.00000006,0.000000000005154929999999999,7725270,2019-06-02 06:23:14,btc,5.167005424215783,0.0,0.00000006,btc,738530.60239759,0.003159757462,0.0187188113,71
,[],5,[],2018-11-20 23:02:39,1.5e-07,0.00000005,0.000000000002128045,4862160,2018-11-20 23:02:39,btc,2.84511358,0.0,,btc,0.00036572,0.0,0.07381892,74
1,[],5,[],2019-06-26 10:48:58,0.0,0,0,7767059,2019-06-26 10:48:58,btc,0.0,0.02010418,0,btc,0.0,0.0,0.0,75
1,[],4,[],2019-06-04 03:25:15,715281.46076168,0.00000001,0.000000000000803619,7734085,2019-06-04 03:25:15,btc,581089.6218469425,0.0,0.00000001,btc,37692563.61091116,0.0,0.0071528146076168,81
0,[],20,[],2019-01-25 09:30:31,0.0,0,0,6495923,2019-01-25 09:30:31,btc,0.0,0.0,0,btc,0.0,0.0,0.0,81
1,[],4,[],2019-06-26 10:48:59,186041.70307759,0.00008900,0.0000000112166878,7767060,2019-06-26 10:48:59,btc,57.4011305255227,0.0,0.00008900,btc,116421.72334367,0.15286484,0.2546870742210928,82
1,[],21,[],2019-06-26 10:48:59,59658.86240965,0.00008640999999999999430042724180,0.000000010890269581999999,7767061,2019-06-26 10:48:59,btc,5.246497543764484,25886.24951023,0.000086409999999999994300427241800122146742069162428379058837890625,btc,48121.71545158,2.3736049,3.946848838986693,82
0,[],17,[],2019-03-25 22:42:34,0.0,0,0,7038780,2019-03-25 22:42:34,btc,0.0445064681804024,0.0,0,btc,995513.18476001,0.0,0.0,84
0.0000000001161485,[],4,[],2019-05-20 13:09:39,216715621.0206096,1.161485e-18,9.0533806701e-23,7657228,2019-05-20 13:09:39,ltc,1.6511566870244727,0.0,0.00000001,ltc,471032407.9048656,0.0,2.5171194308112273e-10,85
,[],22,[],2018-11-20 23:09:34,3408.1,0.0000001,0.0000000000041895,4862324,2018-11-20 23:09:34,BTC,0.04624735,0.0,,BTC,4990.0,0.0,0.00033081,86
1,[],22,[],2019-06-26 09:07:19,62694.0,0.00000005,0.0000000000063518149999999994,7766682,2019-06-26 09:07:19,BTC,1.85249053,0.0,0.00000005,BTC,287024.94736842107,0.0003,0.00062846,87
1,[],27,[],2019-06-26 09:07:25,361781.0,0.0000002,0.000000000025407259999999998,7766683,2019-06-26 09:07:25,btc,19.86923154858,99950.0,0.0000002,btc,548343.482,0.01999,0.01237888,87
,[],2,[],2018-11-20 23:10:47,0.0,0,0,4862359,2018-11-20 23:10:47,,0.0,0.0,,,0.0,0.0,0.0,88
1,[],11,[],2019-06-17 14:31:59,193715.3529613,0.000073310000000000001140094962881477158589405007660388946533203125,0.00000000681152534,7740147,2019-06-17 14:31:59,btc,168.35454702024953,5791.70569014,0.000073310000000000001140094962881477158589405007660388946533203125,btc,196971.41170107,0.0,1.1996165759440112,89
0,[],2,[],2019-01-20 23:31:45,0.0,0,0,6477083,2019-01-20 23:31:45,,0.0,0.0,0,,0.0,0.0,0.0,91
1,[],12,[],2019-06-18 02:35:48,427715.74,0.00000015,0.000000000013911045000000001,7746087,2019-06-18 02:35:48,btc,116.61022144471085,0.0,0.00000015,btc,193315.55943968,0.000180759303,0.0129558314,91
1,[],22,[],2019-06-20 20:27:07,75910.0,0.00000002,0.000000000001914908,7746207,2019-06-20 20:27:07,BTC,0.49565371,0.0,0.00000002,"BTC,LTC",6.384990670617935,0.0,0.0016592,91
0,[],17,[],2019-05-03 01:12:26,0.0,0,0,7559096,2019-05-03 01:12:26,btc,0.0,0.0,0,btc,0.0,0.0,0.0,91
1,[],22,[],2019-06-26 10:49:05,105655.66666666667,0.00000003,0.000000000003780906,7767062,2019-06-26 10:49:05,BTC,11.48170281,0.0,0.00000003,"BTC,LTC",314416.4683191416,0.0,0.06677967,95
0.0000000001079232,[],4,[],2019-06-26 10:49:06,538061643.1169521,2.3743104e-17,2.9923481457408e-21,7767063,2019-06-26 10:49:06,ltc,10.918604928394963,0.0,0.00000022,ltc,155978768.1065991,0.0,7.364082177105763e-10,96
0,[],12,[],2019-06-26 10:49:08,0.0,0,0,7767064,2019-06-26 10:49:08,btc,36.38283049884116,0.0,0,btc,9951691.88411588,0.0,0.0,96
0,[],17,[],2019-05-03 01:12:32,0.0,0,0,7559100,2019-05-03 01:12:32,btc,0.0,0.0,0,btc,0.0,0.0,0.0,96
1,[],4,[],2019-04-14 03:32:46,1039404.33283278,0.00000038,0.000000000019245518,7293458,2019-04-14 03:32:46,btc,4.170086055365747,0.0,0.00000038,btc,3097704.34561074,0.06260606,0.1859928211030784,99
1,[],4,[],2019-06-26 10:51:09,265297.56500055,0.00000792,0.000000000998159184,7767065,2019-06-26 10:51:09,btc,7.631242360549365,0.0,0.00000792,btc,172979.8762773,0.31586243,0.1908367287378162,100
0,[],2,[],2019-01-20 23:23:55,0.0,0,0,6476914,2019-01-20 23:23:55,,0.0,0.0,0,,0.0,0.0,0.0,100
1,[],22,[],2019-06-05 06:30:35,150000.0,0.00000002,0.000000000001558192,7740007,2019-06-05 06:30:35,BTC,28.56386409,0.0,0.00000002,BTC,12787.719,0.0,0.0017,101
1,[],4,[],2019-06-26 10:51:09,540767.51192861,0.00000154,0.000000000194086508,7767066,2019-06-26 10:51:09,btc,883.9304483482044,0.0,0.00000154,btc,752251.43012421,0.01603821,0.0915428509357174,103
1,[],12,[],2019-06-17 14:32:14,179201505.10870332,0.000000005,0.00000000000046457,7740154,2019-06-17 14:32:14,btc,113577.79366343976,0.0,0.000000005,btc,79148141.67831126,0.019059029059,0.27280986350611003,105
1,[],27,[],2019-06-17 14:32:19,18306828.03496503,0.00000002,0.00000000000185828,7740155,2019-06-17 14:32:19,btc,180.7198218385489,1083.96503497,0.00000002,btc,276513.60142659,7.588e-05,0.3661365606993006,105
1,[],22,[],2019-04-21 00:17:26,21333.0,0.00000001,0.000000000000532493,7385819,2019-04-21 00:17:26,BTC,51.38182867,0.0,0.00000001,BTC,470435.0,0.0,0.00021333,107
1,[],26,[],2019-04-21 00:17:26,0.0,0.00000000,0,7385820,2019-04-21 00:17:26,btc,0.0,0.0,0.00000000,btc,0.0,0.0,0.0,107
1,[],5,[],2019-06-26 10:51:12,0.0,0,0,7767067,2019-06-26 10:51:12,btc,0.0,0.015,0,btc,0.0,0.0,0.0,112
0,[],22,[],2019-06-26 10:51:15,0.0,0,0,7767068,2019-06-26 10:51:15,,6.79500102,0.0,0,,3375892.0833333335,0.0,0.0,112
1,[],27,[],2019-06-26 10:51:21,1.0,0.00000001,0.0000000000012603020000000001,7767069,2019-06-26 10:51:21,btc,0.0,0.0,0.00000001,"btc,eth",0.0,0.0,1e-08,112
1,[],4,[],2019-06-26 10:51:22,969082.44592937,0.00000054,0.00000000006805630800000001,7767070,2019-06-26 10:51:22,btc,6.5765444680954985,0.0,0.00000054,btc,995608.17129449,0.13221695,0.1077866043428658,113
1,[],5,[],2019-06-26 10:51:23,0.0,0,0,7767071,2019-06-26 10:51:23,btc,0.0,0.0,0,btc,0.0,0.0,0.0,113
1,[],17,[],2019-04-26 02:17:47,162738.278,0.00000004,0.0000000000021069000000000002,7461287,2019-04-26 02:17:47,btc,1.3331140273775473,0.0,0.00000004,btc,51796.221,0.0,0.00230953112,116
1,[],27,[],2019-05-22 05:13:01,210000.0,0.00000001,0.00000000000079145,7666372,2019-05-22 05:13:01,btc,3919.0005001478,0.0,0.00000001,btc,128660.871,0.0,0.0021,116
1,[],4,[],2019-05-21 22:31:11,138169.03963019,0.00000701,0.000000000558364025,7664793,2019-05-21 22:31:11,btc,150.95388250938234,0.0,0.00000701,btc,344631.17141974,0.07552974,0.4288357684941946,120
1,[],7,[],2019-05-21 22:31:12,3901.07750076,0.000010679999999999999389654892212320191902108490467071533203125,0.0000000008506887,7664794,2019-05-21 22:31:12,btc,231188.94669936574,0.0,0.000010679999999999999389654892212320191902108490467071533203125,btc,4133.83151364,0.0,0.0113888422364489,120
1,[],20,[],2019-04-07 18:42:29,1914137.0852,0.000000035,0.0000000000017871910000000002,7211992,2019-04-07 18:42:29,btc,32.2497668025648,25528.85,0.000000035,btc,1001975.4986,0.00089350975,0.0152723574729,125
1,[],22,[],2019-06-17 14:32:38,10000.0,0.00000001,0.00000000000092914,7740161,2019-06-17 14:32:38,BTC,0.032061,0.0,0.00000001,BTC,299316.7611111111,0.0,0.0001,126
1,[],4,[],2019-06-26 10:51:23,1197742.6691159,0.00000335,0.00000000042220117000000004,7767072,2019-06-26 10:51:23,btc,2.398843611017396,0.0,0.00000335,btc,173107.77443978,0.13355069,0.6880391558941187,131
0,[],2,[],2019-01-20 23:25:46,0.0,0,0,6476969,2019-01-20 23:25:46,,0.0,0.0,0,,0.0,0.0,0.0,131
1,[],17,[],2019-05-03 01:13:10,10000.0,0.00000001,0.000000000000548003,7559115,2019-05-03 01:13:10,btc,0.0953976503951408,0.0,0.00000001,btc,5037.62507334,0.0,0.0001,131
1,[],4,[],2019-06-17 14:32:42,4848.49465417,0.00007919,0.00000000735785966,7740163,2019-06-17 14:32:42,btc,0.9905723729472744,0.0,0.00007919,btc,202.13055914,0.0,0.0061509344290166,135
1,[],3,[],2019-06-05 06:33:11,40600.27748212,0.00000001,0.000000000000779096,7740019,2019-06-05 06:33:11,btc,0.2308097808993716,2146378.52189,0.00000001,btc,2477992.76904676,0.0,0.0004060027748212,136
1,[],4,[],2019-06-26 10:53:25,801845.28614976,0.00000170,0.00000000021425134,7767073,2019-06-26 10:53:25,btc,113.11115406081547,0.0,0.00000170,btc,531787.33098275,0.02556874,0.3249605389851629,137
1,[],12,[],2019-06-26 10:53:26,67612.8043119,0.000001610000000000000043611490287143173105732785188592970371246337890625,0.00000000020290862200000002,7767074,2019-06-26 10:53:26,btc,80.24175262511213,0.0,0.000001610000000000000043611490287143173105732785188592970371246337890625,btc,83175.92097078,0.00018306,0.0162642799999606,137
1,[],4,[],2019-06-26 10:53:27,353112.15610529,0.00001087,0.0000000013699482740000001,7767075,2019-06-26 10:53:27,btc,4.862572021705304,0.0,0.00001087,btc,164760.53131485,0.23984675,0.2912315627455747,142
1,[],5,[],2019-06-26 10:53:28,0.0,0,0,7767076,2019-06-26 10:53:28,btc,0.0,0.00762043,0,btc,0.0,0.0,0.0,142
1,[],20,[],2019-06-26 10:55:30,269455.2804,0.00001091,0.000000001374989482,7767077,2019-06-26 10:55:30,btc,1.6105855616245,0.02,0.00001091,btc,9994.3592,2.182e-07,0.0075219621142,142
1,[],22,[],2019-06-26 10:55:33,10820.0,0.00000600,0.0000000007561812,7767078,2019-06-26 10:55:33,BTC,2.99759384,0.0,0.00000600,BTC,835.7198755539798,0.0,0.0053672,142
0.0,[],25,[],2019-06-26 10:55:34,0.0,0,0,7767079,2019-06-26 10:55:34,,0.0,0.0,0.0,btc,0.0,0.0,0.0,142
0,[],28,[],2019-06-26 10:55:36,0.0,0,0,7767080,2019-06-26 10:55:36,,0.0,0.0,0,,0.0,0.0,0.0,142
1,[],17,[],2019-05-03 01:13:16,32967.38636364,0.00000088,0.000000000048224264,7559122,2019-05-03 01:13:16,btc,20.06976206696776,0.0,0.00000088,btc,2746.079105,0.0,0.0105613000000032,142
0,[],22,[],2019-06-26 10:55:38,0.0,0,0,7767081,2019-06-26 10:55:38,,1635.98618676,0.0,0,,788450755.3,0.0,0.0,143
0,[],22,[],2019-02-25 15:42:22,0.0,0,0,6783783,2019-02-25 15:42:22,,4.2131946,0.0,0,,2322156.0,0.0,0.0,146
,[],22,[],2018-11-20 23:01:11,0.0,0,0,4862114,2018-11-20 23:01:11,,2.56807021,0.0,,,61828.4988236,0.0,0.0,147
1,[],12,[],2019-04-21 06:38:04,193091.5971266,0.00000071,0.000000000037635183,7388679,2019-04-21 06:38:04,btc,2.301232411611175,0.0,0.00000071,btc,9957.48302385,0.00023528,0.0313308199999888,148
1,[],4,[],2019-03-19 21:31:25,255810.0415942,0.00000029,0.000000000011615747,6982695,2019-03-19 21:31:25,btc,218.94922712414143,0.0,0.00000029,btc,793529.37642722,0.00117,0.0608347789473395,152
0,[],22,[],2019-03-19 21:31:27,0.0,0,0,6982696,2019-03-19 21:31:27,,0.0,0.0,0,,0.0,0.0,0.0,152
1,[],5,[],2019-04-26 09:36:59,0.0,0,0,7465040,2019-04-26 09:36:59,btc,0.0,0.0,0,btc,0.0,0.0,0.0,153
,[],16,[],2019-01-11 15:38:59,0.0,0,0,6366141,2019-01-11 15:38:59,btc,0.0,0.0,,btc,0.0,0.0,0.0,155
0,[],23,[],2019-01-20 23:24:29,0.0,0,0,6476932,2019-01-20 23:24:29,,0.0,0.0,0,,0.0,0.0,0.0,156
0,[],22,[],2019-06-04 06:02:09,0.0,0,0,7734688,2019-06-04 06:02:09,,7.43375324,0.0,0,,5955762.942592593,0.0,0.0,156
1,[],22,[],2019-06-26 10:55:42,6996.0,0.00000001,0.0000000000012603020000000001,7767082,2019-06-26 10:55:42,BTC,1.7543039,0.0,0.00000001,BTC,57.0,0.0,6.996e-05,157
0,[],22,[],2019-05-21 23:40:32,0.0,0,0,7665049,2019-05-21 23:40:32,,50234.60468402,0.0,0,,54786159.03179465,0.0,0.0,158
,[],17,[],2018-11-20 22:56:10,0.0,0,0,4861976,2018-11-20 22:56:10,btc,1.1265625,0.0,,btc,1000.0,0.0,0.0,159
,[],20,[],2018-11-20 22:56:12,0.0,0,0,4861977,2018-11-20 22:56:12,btc,11912.7940471,0.0,,btc,34413894.3617,0.0,0.0,159
1,[],12,[],2019-05-24 02:51:20,9178.522006449999,0.00000191999999999999982841307998027158276954651228152215480804443359375,0.000000000151222656,7676256,2019-05-24 02:51:20,btc,149.80414728631675,0.0,0.00000191999999999999982841307998027158276954651228152215480804443359375,btc,1115.7451448499999,0.01783167678326,0.0120075778999181,168
1,[],17,[],2019-05-03 01:13:36,42852.0,0.00000002,0.000000000001096006,7559132,2019-05-03 01:13:36,btc,0.04279856251542,0.0,0.00000002,btc,274.46171372,0.0,0.00052852,168
1,[],22,[],2019-05-17 03:01:52,10.0,0.00000001,0.000000000000778341,7642059,2019-05-17 03:01:52,BTC,41.95893009,0.0,0.00000001,BTC,1753972.7737547632,0.0,1e-07,169
1,[],22,[],2019-05-30 08:38:18,202834.0,0.00000002,0.0000000000017416160000000001,7711049,2019-05-30 08:38:18,BTC,27.87002826,0.0,0.00000002,BTC,462189.5410507793,0.0,0.00211768,171
1,[],22,[],2019-05-29 08:05:18,349870.0,0.00000002,0.000000000001705894,7705265,2019-05-29 08:05:18,BTC,24.05907723,0.0,0.00000002,"BTC,LTC",1224285.4355616204,0.0,0.0039847,173
1,[],5,[],2019-06-26 10:55:43,0.0,0,0,7767083,2019-06-26 10:55:43,btc,0.0,0.01771419,0,btc,0.0,0.0,0.0,175
1,[],22,[],2019-06-17 14:33:12,90671.0,0.00000001,0.00000000000092914,7740175,2019-06-17 14:33:12,BTC,394.35459412,0.0,0.00000001,BTC,136275.61833431243,0.0,0.00090671,176
1,[],7,[],2019-06-26 10:55:45,0.0,0,0,7767084,2019-06-26 10:55:45,btc,522525.9102318058,0.0,0,btc,27672336.30417513,0.0,0.0,178
0,[],22,[],2019-06-26 10:55:48,0.0,0,0,7767085,2019-06-26 10:55:48,,1.00242428,0.0,0,,57512.0,0.0,0.0,178
0,[],2,[],2019-01-20 23:28:34,0.0,0,0,6477001,2019-01-20 23:28:34,,0.0,0.0,0,,0.0,0.0,0.0,178
1,[],5,[],2019-06-26 10:55:49,0.0,0,0,7767086,2019-06-26 10:55:49,btc,0.0,0.00019051,0,btc,0.0,0.0,0.0,179
0,[],22,[],2019-06-26 10:55:51,0.0,0,0,7767087,2019-06-26 10:55:51,,5.31753917,0.0,0,,14450788.311946675,0.0,0.0,179
0,[],23,[],2019-01-20 23:25:08,0.0,0,0,6476952,2019-01-20 23:25:08,,0.0,0.0,0,,0.0,0.0,0.0,179
1,[],22,[],2019-06-26 10:57:55,677582.9613636363,0.0000004,0.00000000005041208,7767088,2019-06-26 10:57:55,BTC,40.60813364,0.0,0.0000004,"BTC,LTC",161909.75646929155,0.00678502,0.56357666,180
1,[],26,[],2019-06-26 10:57:55,0.0,0.00000010,0.00000000001260302,7767089,2019-06-26 10:57:55,btc,0.0,0.0,0.00000010,btc,0.0,0.0,0.0,180
1,[],17,[],2019-05-03 01:13:56,20504.725000000002,0.0000001,0.00000000000548003,7559141,2019-05-03 01:13:56,btc,5.2010695838400265,0.0,0.0000001,btc,5033.45945,0.0,0.0011504725,180
,[],7,[],2018-11-20 22:58:01,562227.975654,0.00000085,0.000000000036176765,4862015,2018-11-20 22:58:01,btc,21836.6059674,2491.87645172,,btc,749999.041456,0.00211021,0.127565380455,183
,[],5,[],2019-01-10 08:11:41,0.0,0,0,6347036,2019-01-10 08:11:41,btc,82.15055501,0.00261,,btc,1.19002445,0.0,0.0,187
,[],17,[],2018-11-16 20:58:10,4062536.27273,0.00000001,0.000000000000550501,4708775,2018-11-16 20:58:10,btc,3.36492563466,0.195460381006,,"btc,eth",110697919.549,0.0,0.0157628953496,187
1,[],24,[],2019-05-22 21:04:52,0.0,0.000000000014,0.0000000000000010960978,7670219,2019-05-22 21:04:52,btc,0.0,0.0,0.000000000014,btc,0.0,0.0,0.0,187
0,[],22,[],2019-04-25 02:54:07,0.0,0,0,7447896,2019-04-25 02:54:07,,7.54794454,0.0,0,,76361.7243344055,0.0,0.0,191
0,[],22,[],2019-06-17 14:33:34,0.0,0,0,7740182,2019-06-17 14:33:34,,0.0,0.0,0,,0.0,0.0,0.0,197
0,[],23,[],2019-01-20 23:31:41,0.0,0,0,6477079,2019-01-20 23:31:41,,0.0,0.0,0,,0.0,0.0,0.0,199
0,[],22,[],2019-06-26 10:57:58,0.0,0,0,7767090,2019-06-26 10:57:58,,10.58263174,0.0,0,,84280969.0,0.0,0.0,199
1,[],26,[],2019-06-26 10:57:58,0.0,0.00000000,0,7767091,2019-06-26 10:57:58,btc,0.0,0.0,0.00000000,btc,0.0,0.0,0.0,199
0,[],2,[],2019-01-20 23:30:49,0.0,0,0,6477059,2019-01-20 23:30:49,,0.0,0.0,0,,0.0,0.0,0.0,201
1,[],4,[],2019-01-25 15:51:35,2084389.58565343,0.00000936,0.000000000333526752,6499557,2019-01-25 15:51:35,btc,2.0092503037378524,0.0,0.00000936,btc,160195.80207885,0.19272417,1.242687955921835,211
1,[],7,[],2019-06-26 10:58:01,1170054124.6898527,0.00000018,0.000000000022685436,7767092,2019-06-26 10:58:01,btc,1346838.6258339162,0.0,0.00000018,btc,5739479.26464841,0.0,11.954344045954047,212
1,[],12,[],2019-01-25 02:44:32,207462.42853209,0.000001080000000000000035831255497387193287295303889550268650054931640625,0.000000000038610756000000006,6493050,2019-01-25 02:44:32,btc,85023.03793723314,0.0,0.000001080000000000000035831255497387193287295303889550268650054931640625,btc,43675.73520027,0.000146250909087,0.0348620860622024,213
1,[],5,[],2019-05-30 00:07:46,0.0,0,0,7709357,2019-05-30 00:07:46,btc,0.0,0.06425239,0,btc,0.0,0.0,0.0,213
1,[],24,[],2019-05-30 00:07:46,0.0,0.000000399202,0.0000000000344859829346,7709358,2019-05-30 00:07:46,btc,0.0,0.0,0.000000399202,btc,0.0,0.0,0.0,213
1,[],26,[],2019-05-30 00:07:47,0.0,0.00000040,0.000000000034554919999999996,7709359,2019-05-30 00:07:47,btc,0.0,0.0,0.00000040,btc,0.0,0.0,0.0,213
0,[],22,[],2019-06-26 10:58:04,0.0,0,0,7767093,2019-06-26 10:58:04,,9.56923849,0.0,0,,3661587.2040649247,0.0,0.0,216
0,[],27,[],2019-06-26 10:58:10,0.0,0,0,7767094,2019-06-26 10:58:10,,1948.6853458840976,8750.0,0,"btc,ltc",470189.12534794,8.75e-05,0.0,216
1,[],22,[],2019-06-26 10:58:15,1404275.723076923,0.00000018,0.000000000022685436,7767095,2019-06-26 10:58:15,BTC,12055.86418103,0.0,0.00000018,BTC,544683.6271819416,0.00188069,0.03694961,217
1,[],7,[],2019-06-26 10:58:16,0.0,0,0,7767096,2019-06-26 10:58:16,btc,2123800.2786640613,4000.0,0,btc,82453746.4752352,4e-05,0.0,219
0,[],27,[],2019-06-26 10:58:20,0.0,0,0,7767097,2019-06-26 10:58:20,,250.23456542469674,0.0,0,btc,2160556.935837,0.0,0.0,219
0,[],28,[],2019-06-26 10:58:21,0.0,0,0,7767098,2019-06-26 10:58:21,,0.0,0.0,0,,0.0,0.0,0.0,219
0,[],22,[],2019-06-26 10:58:25,0.0,0,0,7767099,2019-06-26 10:58:25,,56.75439223,0.0,0,,184664.6482738741,0.0,0.0,221
1,[],24,[],2019-06-26 10:58:25,0.0,0.000000030000,0.000000000003780906,7767100,2019-06-26 10:58:25,btc,0.0,0.0,0.000000030000,btc,0.0,0.0,0.0,221
1,[],20,[],2019-06-17 14:34:11,26882155.8301,0.000000003,0.000000000000278742,7740192,2019-06-17 14:34:11,btc,100050.81956632523,233521.3529,0.000000003,btc,38769742.8604,0.0007925640587,0.0306863532672,224
0,[],22,[],2019-06-17 14:34:13,0.0,0,0,7740193,2019-06-17 14:34:13,,0.0,0.0,0,,0.0,0.0,0.0,224
1,[],26,[],2019-06-26 10:58:25,0.0,0.00000022,0.000000000027726644000000002,7767101,2019-06-26 10:58:25,btc,0.0,0.0,0.00000022,btc,0.0,0.0,0.0,231
1,[],26,[],2019-06-26 10:58:25,0.0,0.00000005,0.00000000000630151,7767102,2019-06-26 10:58:25,btc,0.0,0.0,0.00000005,btc,0.0,0.0,0.0,234
0.0000000002676534,[],27,[],2019-06-26 10:58:31,100.0,2.676534e-18,3.373241153268e-22,7767103,2019-06-26 10:58:31,eth,0.0,0.0,0.00000001,"btc,eth",0.0,0.0,2.676534e-16,234
1,[],4,[],2019-05-22 17:06:12,91780.56053785,0.00000078,0.000000000061977552,7669277,2019-05-22 17:06:12,btc,5.573372450018177,0.0,0.00000078,btc,729173.93529783,0.0,0.0307060663355679,236
1,[],24,[],2019-05-22 17:06:12,0.0,0.000000010000,0.000000000000794584,7669278,2019-05-22 17:06:12,btc,0.0,0.0,0.000000010000,btc,0.0,0.0,0.0,236
1,[],5,[],2019-06-26 10:58:32,0.0,0,0,7767104,2019-06-26 10:58:32,btc,0.0,1.17655353,0,btc,0.0,0.0,0.0,237
1,[],22,[],2019-06-26 10:58:37,2084614.0,0.00000004,0.0000000000050412080000000005,7767105,2019-06-26 10:58:37,BTC,1.20112188,0.0,0.00000004,"BTC,LTC",14507.148717948718,0.0,0.02587451,237
1,[],20,[],2019-06-26 10:36:28,145154109.5312,0.000000072,0.0000000000090530568,7766986,2019-06-26 10:36:28,btc,8172549.513220145,23877585.0318,0.000000072,btc,48023438.0316,1.7893752348939,1.1020559864418,237
1,[],4,[],2019-06-26 10:58:38,31405872.98515631,0.00000006,0.000000000007561812,7767106,2019-06-26 10:58:38,btc,2.339881410377288,0.0,0.00000006,btc,10771131.75208942,0.1129844,0.5351890333854722,238
1,[],5,[],2019-06-26 10:58:38,0.0,0,0,7767107,2019-06-26 10:58:38,btc,0.0,0.00735492,0,btc,0.0,0.0,0.0,238
0,[],22,[],2019-03-12 16:49:32,0.0,0,0,6914458,2019-03-12 16:49:32,,0.40415746,0.0,0,,526736.5639027493,0.0,0.0,249
0,[],22,[],2019-05-28 23:53:45,0.0,0,0,7703643,2019-05-28 23:53:45,,13.44714864,0.0,0,,43777534.3426455,0.0,0.0,252
0,[],28,[],2019-06-26 10:58:41,0.0,0,0,7767108,2019-06-26 10:58:41,,0.0,0.0,0,,0.0,0.0,0.0,256
1,[],22,[],2019-06-26 10:58:45,539394.0,0.00000001,0.0000000000012603020000000001,7767109,2019-06-26 10:58:45,BTC,31464.57209997,0.0,0.00000001,BTC,1031955.2230878276,6.949e-05,0.00539394,258
1,[],22,[],2019-05-19 18:12:02,400.0,0.00000001,0.0000000000007957800000000001,7653905,2019-05-19 18:12:02,BTC,2.415167,0.0,0.00000001,BTC,157.0,0.0,4e-06,259
1,[],5,[],2019-06-26 10:58:46,0.0,0,0,7767110,2019-06-26 10:58:46,btc,0.0,0.02733862,0,btc,0.0,0.0,0.0,264
1,[],20,[],2019-06-26 10:58:48,933994.6223,0.000000135,0.000000000017014077000000002,7767111,2019-06-26 10:58:48,btc,1.0499646295459,6203.8411,0.000000135,btc,33080.3178,0.0037511507996,0.0054974328797,264
0,[],22,[],2019-04-12 17:57:27,0.0,0,0,7278186,2019-04-12 17:57:27,,66.37522201,0.0,0,,677842.4169881374,0.0,0.0,271
0,[],22,[],2019-06-26 10:58:51,0.0,0,0,7767112,2019-06-26 10:58:51,,33050469.74148113,0.0,0,,14261527780.7,0.0,0.0,272
0,[],28,[],2019-06-26 10:58:52,0.0,0,0,7767113,2019-06-26 10:58:52,,0.0,0.0,0,,0.0,0.0,0.0,272
1,[],22,[],2019-05-23 07:12:29,219930.0,0.00000004,0.000000000003048688,7671985,2019-05-23 07:12:29,BTC,426.77835217,0.0,0.00000004,BTC,248664.3325962929,0.0,0.00739728,281
1,[],22,[],2019-06-26 10:58:56,2019645.6,0.00000002,0.0000000000025206040000000003,7767114,2019-06-26 10:58:56,BTC,4.68199829,0.0,0.00000002,"BTC,LTC",1091500.0324313042,0.0005142,0.02469758,286
0,[],22,[],2019-06-17 14:34:53,0.0,0,0,7740207,2019-06-17 14:34:53,,7337915.80475575,0.0,0,,2078527309.6797826,0.0,0.0,294
