pairValue,buyBook,exchangeId,sellBook,updated,buyTotal,satoshiPrice,usdPrice,exchangeLogId,created,bestPair,sellTotalBtc,volume,pairPrice,activePairs,sellTotal,volumeBtc,buyTotalBtc,coinId
1,[],3,[],2019-05-13 01:53:08,32396.737819358066,0.01065370000000000032247537973262296873144805431365966796875,0.0000007489306064900001,7622178,2019-05-13 01:53:08,btc,3.3345531289248,127.199385026,0.01065370000000000032247537973262296873144805431365966796875,btc,19.221302537493,0.0,0.48065980986358187,1
1,[],4,[],2019-05-13 01:53:09,251119.74500464,0.01075996,0.000000756400440092,7622179,2019-05-13 01:53:09,btc,8.641869173036628,0.0,0.01075996,btc,390.39269053,1.0870587,0.5372856911845826,1
1,[],5,[],2019-05-13 01:53:12,0.0,0,0,7622180,2019-05-13 01:53:12,btc,0.0,0.05463436,0,btc,0.0,0.0,0.0,1
1,[],10,[],2019-05-13 01:53:14,256867.16334021,0.00917,0.000000644629909,7622181,2019-05-13 01:53:14,btc,6525.410359704952,1497.08389875,0.00917,btc,1484.32950594,0.0,3.598399556841167,1
1,[],12,[],2019-05-13 01:53:17,68.73899539,0.01077000000000000005939693181744587491266429424285888671875,0.0000007571062290000001,7622182,2019-05-13 01:53:17,btc,0.135557636382,0.0,0.01077000000000000005939693181744587491266429424285888671875,btc,8.84724558,1.1167364053241,0.2884866805145,1
1,[],20,[],2019-05-13 01:53:19,974.5862,0.010700243,0.0000007522024723411001,7622183,2019-05-13 01:53:19,btc,0.0786411484287,0.1344,0.010700243,btc,5.1861,0.001603739479,0.1758942386028,1
1,[],21,[],2019-05-13 01:53:21,1996.40143457,0.01082632000000000038753000808,0.000000761065395464,7622184,2019-05-13 01:53:21,btc,14.672521799009273,10921.92450451,0.010826320000000000387530008083558641374111175537109375,"btc,eth",1598.6066301399999,115.2003713931653,14.405781718086384,1
0,[],22,[],2019-05-13 01:53:23,0.0,0,0,7622185,2019-05-13 01:53:23,,0.3163308,0.0,0,,0.2527518593615956,0.0,0.0,1
1,[],24,[],2019-05-13 01:53:24,0.0,0.000000000000,0,7622186,2019-05-13 01:53:24,btc,0.0,0.0,0.000000000000,btc,0.0,0.0,0.0,1
0.0,[],25,[],2019-05-13 01:55:24,0.0,0,0,7622187,2019-05-13 01:55:24,btc,7.176099999586794,0.0,0.0,btc,644.87013719,0.0,0.0,1
1,[],26,[],2019-05-13 01:55:26,0.0,0,0,7622188,2019-05-13 01:55:26,,0.0,0.0,0,,0.0,0.0,0.0,1
1,[],28,[],2019-05-13 01:55:28,987.9,0.01131000,0.000000795066987,7622189,2019-05-13 01:55:28,btc,0.160832048,350172.25,0.01131000,btc,8.7307,0.0,0.024551096,1
0,[],2,[],2019-01-20 23:28:45,0.0,0,0,6477011,2019-01-20 23:28:45,,0.0,0.0,0,,0.0,0.0,0.0,1
1,[],5,[],2019-05-13 01:55:30,0.0,0,0,7622190,2019-05-13 01:55:30,btc,0.0,0.00027534,0,btc,0.0,0.0,0.0,2
1,[],22,[],2019-05-13 01:55:34,12625.0,0.00000018,0.000000000012653586000000002,7622191,2019-05-13 01:55:34,BTC,21.00846647,0.0,0.00000018,"BTC,XMR",24148.96059725142,0.0,0.00158221,2
1,[],5,[],2019-05-13 01:55:36,0.0,0,0,7622192,2019-05-13 01:55:36,btc,0.0,0.29215218,0,btc,0.0,0.0,0.0,3
1,[],12,[],2019-05-13 01:55:37,3579385.82304,0.000000133,0.000000000009349594100000002,7622193,2019-05-13 01:55:37,btc,11597.365065152175,0.0,0.000000133,btc,3446509.78186245,0.09535563913278006,0.35682296117216,3
0,[],28,[],2019-05-13 01:55:38,0.0,0,0,7622194,2019-05-13 01:55:38,,0.0,0.0,0,,0.0,0.0,0.0,3
0,[],2,[],2019-01-20 23:31:32,0.0,0,0,6477077,2019-01-20 23:31:32,,0.0,0.0,0,,0.0,0.0,0.0,4
1,[],4,[],2019-04-26 19:14:12,610911.70993152,0.00000026,0.000000000013566046,7471614,2019-04-26 19:14:12,btc,31.457742656463164,0.0,0.00000026,btc,718733.71307795,0.00142695,0.0638464483338706,4
0,[],12,[],2019-04-25 23:08:22,0.0,0,0,7459310,2019-04-25 23:08:22,btc,1111851.94727753,0.0,0,btc,953412.0,0.0,0.0,5
0,[],2,[],2019-01-20 23:31:51,0.0,0,0,6477087,2019-01-20 23:31:51,,0.0,0.0,0,,0.0,0.0,0.0,6
1,[],11,[],2019-05-12 00:02:31,5042415.307535999,0.00000001,0.00000000000072476,7617400,2019-05-12 00:02:31,btc,9576.518911699495,10000.0,0.00000001,btc,47478529.75253575,0.0,0.05042415307536,6
1,[],3,[],2019-05-13 01:55:39,11123.24194224058,0.00012160000000000000127363397606217176871723495423793792724609375,0.00000000854820032,7622195,2019-05-13 01:55:39,btc,14.357376243630199,74.2247196733,0.00012160000000000000127363397606217176871723495423793792724609375,btc,344.256531411478,0.0,0.03329930516654044,7
1,[],4,[],2019-05-13 01:55:40,68617.86283369,0.00013600,0.0000000095604872,7622196,2019-05-13 01:55:40,btc,7.696600947376846,0.0,0.00013600,btc,34564.53584743,3.53216469,4.388876235871735,7
1,[],5,[],2019-05-13 01:55:41,0.0,0,0,7622197,2019-05-13 01:55:41,btc,0.0,0.69462118,0,btc,0.0,0.0,0.0,7
1,[],20,[],2019-04-07 22:06:50,3201475.0482,0.000000001,0.000000000000051590000000000004,7213932,2019-04-07 22:06:50,btc,30.8005781811902,0.0,0.000000001,btc,23077405.3926,0.0,0.0032014750482,8
1,[],4,[],2019-05-13 01:55:45,23370606.82209925,0.00000060,0.00000000004217862,7622198,2019-05-13 01:55:45,btc,4.227985869912669,0.0,0.00000060,btc,3230436.7846348,0.73601855,0.6810477692893375,9
1,[],28,[],2019-05-13 01:55:47,18055.0,0.00000021,0.000000000014762517,7622199,2019-05-13 01:55:47,btc,2708.775233808764,3749451.0,0.00000021,btc,25766.3492,0.0,0.00186155,9
0,[],2,[],2019-01-20 23:22:42,0.0,0,0,6476876,2019-01-20 23:22:42,,0.0,0.0,0,,0.0,0.0,0.0,9
0,[],23,[],2019-01-20 23:22:48,0.0,0,0,6476878,2019-01-20 23:22:48,,0.0,0.0,0,,0.0,0.0,0.0,9
1,[],1,[],2019-02-17 23:31:42,1822507.21,0.00000181000000000000003456111265232042484285557293333113193511962890625,0.000000000066086901,6701244,2019-02-17 23:31:42,btc,3.6990969245,17153386.5,0.00000181000000000000003456111265232042484285557293333113193511962890625,btc,1997391.71,31.11772986,3.2610482446,9
1,[],4,[],2019-02-17 11:22:43,4341674.27126056,0.00000002,0.0000000000007272960000000001,6696112,2019-02-17 11:22:43,btc,0.1997230937751353,0.0,0.00000002,btc,4109766.79808031,0.00215132,0.0479381022052112,10
1,[],4,[],2019-05-13 01:55:47,7008349.86569527,0.00000081,0.000000000056941137,7622200,2019-05-13 01:55:47,btc,6.455568473342969,0.0,0.00000081,btc,4662934.83965901,1.39555972,2.9188139517421656,12
1,[],5,[],2019-05-13 01:55:48,0.0,0,0,7622201,2019-05-13 01:55:48,btc,0.0,0.05620112,0,btc,0.0,0.0,0.0,12
0.0,[],25,[],2019-05-13 01:55:50,0.0,0,0,7622202,2019-05-13 01:55:50,,0.0,0.0,0.0,btc,0.0,0.0,0.0,12
0,[],2,[],2019-01-20 23:23:08,0.0,0,0,6476890,2019-01-20 23:23:08,,0.0,0.0,0,,0.0,0.0,0.0,12
1,[],4,[],2019-05-13 01:55:52,32135078.98650051,0.00000588,0.000000000413350476,7622203,2019-05-13 01:55:52,btc,2.9487472977078775,0.0,0.00000588,btc,361666.10025119,0.67841927,0.912807096815844,13
1,[],21,[],2019-05-13 01:55:55,2615819.97831584,0.000006000000000000000152005144582,0.00000000042178620000000003,7622204,2019-05-13 01:55:55,btc,5.000266016651468,1071413.39522093,0.00000600000000000000015200514458246772164784488268196582794189453125,btc,754672.83072074,6.39422978,12.700523629331952,13
1,[],10,[],2019-05-12 21:06:24,696987.62307203,0.00000581,0.000000000415510865,7621313,2019-05-12 21:06:24,btc,666793.6476936387,20471.4248879,0.00000581,btc,738452.6838612,0.0,0.4730972016005682,13
1,[],4,[],2019-05-13 01:55:56,998298.03116492,0.00000080,0.00000000005623816,7622205,2019-05-13 01:55:56,btc,7.154521086530319,0.0,0.00000080,btc,1219514.11314477,0.0317082,0.155970315381727,14
1,[],12,[],2019-05-13 01:55:57,246843.96969694,0.00000082,0.000000000057644114000000004,7622206,2019-05-13 01:55:57,btc,0.1179779206805451,0.0,0.00000082,btc,14045.23656591,0.00092782,0.0234249899999867,14
1,[],26,[],2019-05-13 01:57:57,0.0,0.00000050,0.000000000035148850000000004,7622207,2019-05-13 01:57:57,btc,0.0,0.0,0.00000050,btc,0.0,0.0,0.0,14
0,[],17,[],2019-05-03 00:53:32,0.0,0,0,7558876,2019-05-03 00:53:32,btc,0.0,0.0,0,btc,0.0,0.0,0.0,14
0,[],4,[],2019-05-13 01:57:58,0.0,0,0,7622208,2019-05-13 01:57:58,,0.0,0.0,0,,0.0,0.0,0.0,15
,[],12,[],2018-12-01 15:15:48,204241.84496,0.00000489,0.000000000202473384,5260204,2018-12-01 15:15:48,btc,49.5475654835,0.0,,btc,35763.2193806,0.0163153972027625,0.0203389899998,15
1,[],4,[],2019-05-13 01:58:00,37418.53152646,0.00001115,0.0000000007838193550000001,7622209,2019-05-13 01:58:00,btc,1.1120661287779265,0.0,0.00001115,btc,14496.13708419,0.0902236,0.0838115788205719,18
1,[],10,[],2019-05-13 01:58:02,334110.8766408,0.00001498,0.0000000010530595460000002,7622210,2019-05-13 01:58:02,btc,15.409849769090492,2054.84666027,0.00001498,btc,10005.3591226,0.0,0.5009076251749479,18
1,[],12,[],2019-05-13 01:58:04,222402.61849935,0.000011019999999999999522500016002624079192173667252063751220703125,0.000000000774680654,7622211,2019-05-13 01:58:04,btc,33215.12473502036,0.0,0.000011019999999999999522500016002624079192173667252063751220703125,btc,1539.79252362,0.0065198913992155,0.0171018110814728,18
0,[],2,[],2019-01-20 23:23:38,0.0,0,0,6476906,2019-01-20 23:23:38,,0.0,0.0,0,,0.0,0.0,0.0,18
0,[],17,[],2019-05-03 00:53:39,0.0,0,0,7558882,2019-05-03 00:53:39,btc,0.0,0.0,0,btc,0.0,0.0,0.0,18
0,[],2,[],2019-01-20 23:24:19,0.0,0,0,6476924,2019-01-20 23:24:19,,0.0,0.0,0,,0.0,0.0,0.0,19
1,[],3,[],2019-05-13 01:40:36,163627.99425902078,0.000012809999999999999325032105923494185617528273724019527435302734375,0.000000000904925301,7622139,2019-05-13 01:40:36,btc,0.2563199789463171,945.525562509,0.000012809999999999999325032105923494185617528273724019527435302734375,btc,7252.566877867577,0.0,0.1006608953899594,19
1,[],4,[],2019-05-13 01:40:37,456708.3356986,0.00001216,0.0000000008590079360000001,7622140,2019-05-13 01:40:37,btc,3.16567580115867,0.0,0.00001216,btc,106889.98781327,0.21742124,1.0553348019821829,19
1,[],5,[],2019-05-13 01:40:38,0.0,0,0,7622141,2019-05-13 01:40:38,btc,0.0,0.01377881,0,btc,0.0,0.0,0.0,19
1,[],12,[],2019-05-13 01:40:40,205560.78460531,0.000010040000000000000435055637348913393225302570499479770660400390625,0.0000000007092466840000001,7622142,2019-05-13 01:40:40,btc,0.3003720664416524,0.0,0.000010040000000000000435055637348913393225302570499479770660400390625,btc,3065.34453584,0.0006096056451908,0.080525509999812,19
1,[],27,[],2019-05-13 01:40:49,100.0,0.0000001,0.00000000000706421,7622143,2019-05-13 01:40:49,btc,0.0,0.0,0.0000001,btc,0.0,0.0,1e-05,19
1,[],4,[],2019-05-13 01:40:50,1835078.57391266,0.00000009,0.000000000006357789,7622144,2019-05-13 01:40:50,btc,5.279309685630553,0.0,0.00000009,btc,2279170.28595418,0.0,0.0608465352282092,20
1,[],4,[],2019-05-13 01:40:51,73821465.25151692,0.00000001,0.000000000000706421,7622145,2019-05-13 01:40:51,btc,1774.0397226388775,0.0,0.00000001,btc,57725133.54345615,0.00103849,0.7382146525151692,21
1,[],12,[],2019-05-13 01:40:53,5138002.0,0.00000001,0.000000000000706421,7622146,2019-05-13 01:40:53,btc,2895.660552025804,0.0,0.00000001,btc,7177576.54745251,0.000590985014985,0.05138002,21
0,[],17,[],2019-05-03 00:53:51,0.0,0,0,7558891,2019-05-03 00:53:51,btc,0.0,0.0,0,btc,0.0,0.0,0.0,21
1,[],12,[],2019-05-13 01:42:54,7486667265.0,0.0000000004,0.000000000000028256840000000002,7622147,2019-05-13 01:42:54,btc,311118500152.2805,0.0,0.0000000004,btc,2753062295.6399565,0.06363065884515888,1.7297662094000001,23
0.0000000002697225,[],27,[],2019-05-13 01:43:04,57376281.0,5.39445e-18,3.81075276345e-22,7622148,2019-05-13 01:43:04,eth,192.6141885716391,1341392259.1426742,0.00000002,eth,15367478.992711,1.4472146945822324e-08,1.8360625812022501e-10,23
1,[],4,[],2019-05-13 01:43:05,822600.90576991,0.00000030,0.00000000002119263,7622149,2019-05-13 01:43:05,btc,13.878628401307848,0.0,0.00000030,btc,2051380.29394104,0.00363894,0.0440532667147802,24
1,[],22,[],2019-05-13 01:43:08,21.76,0.00000100,0.0000000000706421,7622150,2019-05-13 01:43:08,BTC,7.415e-05,0.0,0.00000100,BTC,23.919354838709676,0.0,1.186e-05,24
0.0,[],25,[],2019-05-13 01:43:09,0.0,0,0,7622151,2019-05-13 01:43:09,,0.0,0.0,0.0,btc,0.0,0.0,0.0,24
1,[],4,[],2019-05-13 01:43:10,26940967.17622003,0.00000403,0.00000000028468766300000003,7622152,2019-05-13 01:43:10,btc,11.01109602760447,0.0,0.00000403,btc,339893.53780639,0.07931955,0.409596716296369,26
1,[],10,[],2019-05-13 01:43:13,161064.62038903,0.00000834,0.000000000589155114,7622153,2019-05-13 01:43:13,btc,25.2556816955928,3351.53833784,0.00000834,btc,18777.26094476,0.0,0.0867414870340571,26
0,[],2,[],2019-01-20 23:25:56,0.0,0,0,6476976,2019-01-20 23:25:56,,0.0,0.0,0,,0.0,0.0,0.0,26
1,[],11,[],2019-04-30 04:16:17,7094566.83690364,0.00000006,0.000000000003115554,7518027,2019-04-30 04:16:17,btc,67504.138725751,6116.07566417,0.00000006,btc,6591680.7351637,0.0,0.38529422037817224,27
1,[],5,[],2019-04-26 09:47:06,0.0,0,0,7465326,2019-04-26 09:47:06,btc,0.0,0.0,0,btc,0.0,0.0,0.0,27
1,[],3,[],2019-04-28 02:38:55,141621.60361514,0.00000001,0.0000000000005253330000000001,7491060,2019-04-28 02:38:55,btc,2.501704004580372,921815.184511,0.00000001,btc,21091882.2176418,0.0,0.0014162160361513999,27
1,[],4,[],2019-05-13 01:43:13,1456773317.4617727,0.00000001,0.000000000000706421,7622154,2019-05-13 01:43:13,btc,4.533976364889981,0.0,0.00000001,"btc,ltc",287128500.9589521,0.10122247,9.434155823163705,29
1,[],7,[],2019-05-13 01:43:14,113333441.7229273,0.00000001,0.000000000000706421,7622155,2019-05-13 01:43:14,btc,46550610.53307455,0.0,0.00000001,btc,41715977.64674773,0.0,1.133334417229273,29
1,[],4,[],2019-05-13 01:43:15,1591755.42983155,0.00000011,0.000000000007770631,7622156,2019-05-13 01:43:15,btc,2.592379076924961,0.0,0.00000011,btc,2073383.42154881,0.00238917,0.0331842464754727,30
0,[],17,[],2019-05-03 01:11:25,0.0,0,0,7559066,2019-05-03 01:11:25,btc,0.0,0.0,0,btc,0.0,0.0,0.0,30
1,[],4,[],2019-05-13 01:45:17,208590.27029088,0.00004735,0.000000003344903435,7622157,2019-05-13 01:45:17,btc,6.772190676526979,0.0,0.00004735,btc,65348.225479,1.05315259,0.8279201717468248,31
1,[],21,[],2019-05-13 01:45:19,68505.11147539,0.00004724000000000000171630071266,0.0000000033371328040000003,7622158,2019-05-13 01:45:19,btc,4.466117083618658,194362.50339938,0.000047240000000000001716300712661933403069269843399524688720703125,btc,80641.10548389,9.1998596,2.741091918814708,31
0,[],2,[],2019-01-20 23:28:43,0.0,0,0,6477009,2019-01-20 23:28:43,,0.0,0.0,0,,0.0,0.0,0.0,32
0,[],4,[],2019-05-13 01:45:21,0.0,0,0,7622159,2019-05-13 01:45:21,,0.0,0.0,0,,0.0,0.0,0.0,33
1,[],12,[],2019-03-30 07:55:10,40641173.964,0.00000003,0.000000000001228359,7108785,2019-03-30 07:55:10,btc,4233210.82356125,0.0,0.00000003,btc,28378394.68333462,0.0126927883965248,0.90752895892,33
0,[],4,[],2019-05-13 01:11:32,0.0,0,0,7622009,2019-05-13 01:11:32,,3.124996390316739,0.0,0,,138697861.87231293,0.0,0.0,34
1,[],5,[],2019-05-13 01:11:36,0.0,0,0,7622010,2019-05-13 01:11:36,btc,0.0,0.00221951,0,btc,0.0,0.0,0.0,34
0.000000000133684,[],4,[],2019-05-02 18:17:45,3384239970.6360936,1.3368400000000002e-18,7.293946092400001e-23,7556428,2019-05-02 18:17:45,ltc,5.381102735485169e-08,0.0,0.00000001,ltc,6862894551.7408495,0.0,4.524187362345155e-09,36
1,[],5,[],2019-05-02 18:17:46,0.0,0,0,7556429,2019-05-02 18:17:46,btc,0.0,0.0,0,btc,0.0,0.0,0.0,36
0.0000000002926451,[],17,[],2019-05-02 18:17:47,200000.0,2.9264510000000002e-18,1.596703856561e-22,7556430,2019-05-02 18:17:47,eth,0.20942468735267253,0.0,0.00000001,"btc,eth",1018272.20243647,0.0,5.852902e-13,36
0.000000000133684,[],27,[],2019-05-02 18:17:55,7883196.008,1.3368400000000002e-18,7.293946092400001e-23,7556431,2019-05-02 18:17:55,ltc,25567.4086131264,0.0,0.00000001,"ltc,eth",21753551.64,0.0,1.0538571751334722e-11,36
1,[],4,[],2019-05-13 01:45:23,253355.38543174,0.00000021,0.000000000014834841,7622160,2019-05-13 01:45:23,btc,19772.87132269242,0.0,0.00000021,btc,951563.27250569,0.00188184,0.0173962330424792,37
1,[],12,[],2019-05-13 01:45:24,2088607.33333332,0.00000021,0.000000000014834841,7622161,2019-05-13 01:45:24,btc,19604.336501626633,0.0,0.00000021,btc,403205.58740921,0.0209284997970909,0.2419160699999972,37
1,[],27,[],2019-05-13 01:47:31,1600.0,0.00000015,0.000000000010596315,7622162,2019-05-13 01:47:31,btc,24.12760334291843,0.0,0.00000015,btc,5839.49448498,0.0,3e-05,37
1,[],17,[],2019-05-03 01:11:36,211752.74075282,0.00000025,0.000000000013700074999999998,7559074,2019-05-03 01:11:36,btc,0.055484923955058496,0.0,0.00000025,"btc,eth",1387.19918473,0.0,0.0005381851887916605,37
1,[],5,[],2019-05-13 01:47:32,0.0,0,0,7622163,2019-05-13 01:47:32,btc,0.0,0.00515808,0,btc,0.0,0.0,0.0,42
1,[],12,[],2019-05-13 01:47:34,350009.52882771,0.000002640000000000000134644899396629824650517548434436321258544921875,0.00000000018649514400000002,7622164,2019-05-13 01:47:34,btc,2227607.7424474778,0.0,0.000002640000000000000134644899396629824650517548434436321258544921875,btc,99605.66120629,0.0855686957692359,0.0788641198028031,42
1,[],27,[],2019-05-13 01:47:46,506.0,0.00000002,0.000000000001412842,7622165,2019-05-13 01:47:46,btc,1.22618465,0.0,0.00000002,"btc,eth",1336.4476,0.0,3.000000419580321e-06,42
1,[],12,[],2019-03-13 09:13:29,1112112.0,0.00000001,0.000000000000386531,6919902,2019-03-13 09:13:29,btc,29058.00478931866,0.0,0.00000001,btc,5967681.93306694,9.99000999e-07,0.01112112,43
1,[],5,[],2019-04-26 22:38:52,0.0,0,0,7474154,2019-04-26 22:38:52,btc,0.0,0.02638891,0,btc,0.0,0.0,0.0,43
0,[],17,[],2019-04-26 22:38:53,0.0,0,0,7474155,2019-04-26 22:38:53,btc,0.0,0.0,0,btc,0.0,0.0,0.0,43
1,[],12,[],2019-03-05 01:54:08,639326.02,0.00000004,0.000000000001486676,6845775,2019-03-05 01:54:08,btc,11116042.728239931,0.0,0.00000004,btc,1103841.4595604,0.0003330765234764,0.014975410599999999,44
1,[],4,[],2019-05-13 01:47:47,123640519.13338153,0.00000001,0.000000000000706421,7622166,2019-05-13 01:47:47,btc,436.8455846232931,0.0,0.00000001,"btc,ltc",23990892.08342435,0.00358769,0.21908061074449056,49
1,[],4,[],2019-05-13 01:47:48,81452122.28971466,0.00000001,0.000000000000706421,7622167,2019-05-13 01:47:48,btc,21662.667784762005,0.0,0.00000001,"btc,ltc",121176758.36488555,0.00403736,0.011764775675981918,52
0,[],22,[],2019-05-13 01:47:50,0.0,0,0,7622168,2019-05-13 01:47:50,,10289.64343849,0.0,0,,311140042.4566013,0.0,0.0,57
0,[],27,[],2019-05-13 01:48:09,0.0,0,0,7622169,2019-05-13 01:48:09,,0.0,0.0,0,"btc,eth",0.0,0.0,0.0,57
0.0000000001230201,[],4,[],2019-05-13 01:48:10,817890876.5561304,1.2302010000000001e-18,8.69039820621e-23,7622170,2019-05-13 01:48:10,ltc,19.110662205502123,0.0,0.00000001,ltc,6159992955.671694,0.0,1.0061701742302283e-09,58
1,[],12,[],2019-05-13 01:48:12,1483418969.0,0.0000000001,0.0000000000000070642100000000005,7622171,2019-05-13 01:48:12,btc,118395962.55075951,0.0,0.0000000001,btc,4614824983.954055,0.00248597938151848,0.1483418969,58
0.0000000001083482,[],22,[],2019-05-13 01:50:15,137323.0,1.083482e-18,7.65394437922e-23,7622172,2019-05-13 01:50:15,XMR,69.17947824,0.0,0.00000001,XMR,9887848.044444444,0.0,0.00137323,58
1,[],17,[],2019-05-03 01:12:09,1200000.0,0.0000000001,0.00000000000000548003,7559085,2019-05-03 01:12:09,btc,1e+24,0.0,0.0000000001,"btc,eth",39516342.31952568,0.0,0.00010000000058666061,58
1,[],5,[],2019-05-13 01:50:16,0.0,0,0,7622173,2019-05-13 01:50:16,btc,0.0,0.0112502,0,btc,0.0,0.0,0.0,61
1,[],22,[],2019-05-13 01:50:19,13613.833333333334,0.00000012,0.000000000008477052,7622174,2019-05-13 01:50:19,BTC,1002.33190883,0.0,0.00000012,BTC,15392.180177125656,0.0,0.00153269,61
1,[],26,[],2019-05-13 01:50:19,0.0,0.00000050,0.00000000003532105,7622175,2019-05-13 01:50:19,btc,0.0,0.0,0.00000050,btc,0.0,0.0,0.0,61
1,[],27,[],2019-05-13 01:50:29,101000.0,0.00000001,0.000000000000706421,7622176,2019-05-13 01:50:29,btc,1.9482732497246655,0.0,0.00000001,"btc,eth",13266.51663696,0.0,1.00000002697225e-05,61
1,[],28,[],2019-05-13 01:50:30,1039.304,0.00000008,0.000000000005651368,7622177,2019-05-13 01:50:30,btc,2.056501795415105,734.0,0.00000008,btc,10022.46650005,0.0,2.439304e-05,61
1,[],4,[],2019-05-13 01:17:26,1201560.84901091,0.00000099,0.000000000069480477,7622029,2019-05-13 01:17:26,btc,2.2357868658061197,0.0,0.00000099,btc,733822.43853337,0.04631471,0.7776979347379696,67
0.0,[],25,[],2019-05-13 01:17:27,0.0,0,0,7622030,2019-05-13 01:17:27,,0.0,0.0,0.0,btc,0.0,0.0,0.0,67
1,[],12,[],2019-05-13 01:17:29,1451647.0,0.00000007,0.000000000004912761,7622031,2019-05-13 01:17:29,btc,55556353.35711012,0.0,0.00000007,btc,1482084.78723713,0.0007294806693323,0.02157294,71
,[],5,[],2018-11-20 23:02:39,1.5e-07,0.00000005,0.000000000002128045,4862160,2018-11-20 23:02:39,btc,2.84511358,0.0,,btc,0.00036572,0.0,0.07381892,74
1,[],5,[],2019-05-13 01:17:30,0.0,0,0,7622032,2019-05-13 01:17:30,btc,0.0,0.00691156,0,btc,0.0,0.0,0.0,75
0,[],4,[],2019-05-13 01:17:31,0.0,0,0,7622033,2019-05-13 01:17:31,,133647.3434328639,0.0,0,,34200062.02546142,0.0,0.0,81
0,[],20,[],2019-01-25 09:30:31,0.0,0,0,6495923,2019-01-25 09:30:31,btc,0.0,0.0,0,btc,0.0,0.0,0.0,81
1,[],4,[],2019-05-13 01:17:33,30450.19625832,0.00006804,0.000000004775203692,7622034,2019-05-13 01:17:33,btc,18.519346442863096,0.0,0.00006804,btc,24997.71136406,0.64135156,0.2001237489453235,82
1,[],21,[],2019-05-13 01:17:35,262110.88040324,0.00006511999999999999993310906277,0.000000004570271376,7622035,2019-05-13 01:17:35,btc,3.7639126028369723,26576.74535719,0.000065119999999999999933109062766334318439476191997528076171875,btc,50361.1858296,1.73056998,1.6442185390753221,82
0,[],17,[],2019-03-25 22:42:34,0.0,0,0,7038780,2019-03-25 22:42:34,btc,0.0445064681804024,0.0,0,btc,995513.18476001,0.0,0.0,84
0.00000000013644,[],4,[],2019-05-01 19:17:39,299701867.376,1.3644e-18,7.259508504e-23,7542161,2019-05-01 19:17:39,ltc,1.6769037726995486,0.0,0.00000001,ltc,427823536.87452894,0.00010978,4.089132278478144e-10,85
,[],22,[],2018-11-20 23:09:34,3408.1,0.0000001,0.0000000000041895,4862324,2018-11-20 23:09:34,BTC,0.04624735,0.0,,BTC,4990.0,0.0,0.00033081,86
1,[],22,[],2019-05-13 01:17:40,85999.0,0.00000001,0.0000000000007018229999999999,7622036,2019-05-13 01:17:40,BTC,3.66445213,0.0,0.00000001,BTC,336978.29736842104,0.0,0.00085999,87
0,[],27,[],2019-05-13 01:17:46,0.0,0,0,7622037,2019-05-13 01:17:46,,4.961703020736,13416.0,0,btc,19948.62841,0.00040248,0.0,87
,[],2,[],2018-11-20 23:10:47,0.0,0,0,4862359,2018-11-20 23:10:47,,0.0,0.0,,,0.0,0.0,0.0,88
1,[],11,[],2019-05-13 01:17:48,75349.17368442,0.0001362199999999999934334471429764334970968775451183319091796875,0.000000009560232906,7622038,2019-05-13 01:17:48,btc,177.13430066576265,2567.89762829,0.0001362199999999999934334471429764334970968775451183319091796875,btc,192945.24447406,0.0,4.099720549181148,89
0,[],2,[],2019-01-20 23:31:45,0.0,0,0,6477083,2019-01-20 23:31:45,,0.0,0.0,0,,0.0,0.0,0.0,91
1,[],12,[],2019-05-13 01:17:49,533386.98383079,0.00000049,0.000000000034389326999999996,7622039,2019-05-13 01:17:49,btc,89.86784053647145,0.0,0.00000049,btc,184664.79152962,0.0103254572641319,0.0645998905999828,91
1,[],22,[],2019-05-13 01:19:53,76014.0,0.0000008,0.00000000005614584,7622040,2019-05-13 01:19:53,BTC,0.495,0.0,0.0000008,"BTC,LTC",4.95,0.0,0.0017135,91
0,[],17,[],2019-05-03 01:12:26,0.0,0,0,7559096,2019-05-03 01:12:26,btc,0.0,0.0,0,btc,0.0,0.0,0.0,91
1,[],22,[],2019-04-09 20:17:52,374949.73333333334,0.00000015,0.000000000007771935,7235704,2019-04-09 20:17:52,BTC,6.87372503,0.0,0.00000015,"BTC,LTC",159980.01196797504,1.1e-05,0.80510266,95
0.0000000001232838,[],4,[],2019-05-13 01:19:54,546792779.0546907,8.260014600000001e-17,5.7970682266158e-21,7622041,2019-05-13 01:19:54,ltc,11.293129813527338,0.0,0.00000067,ltc,134193643.56241755,0.06450335,1.3263162927497171e-09,96
0,[],12,[],2019-05-13 01:19:55,0.0,0,0,7622042,2019-05-13 01:19:55,btc,25054.270923706474,0.0,0,btc,7550278.46658341,0.0,0.0,96
0,[],17,[],2019-05-03 01:12:32,0.0,0,0,7559100,2019-05-03 01:12:32,btc,0.0,0.0,0,btc,0.0,0.0,0.0,96
1,[],4,[],2019-04-14 03:32:46,1039404.33283278,0.00000038,0.000000000019245518,7293458,2019-04-14 03:32:46,btc,4.170086055365747,0.0,0.00000038,btc,3097704.34561074,0.06260606,0.1859928211030784,99
0,[],2,[],2019-01-20 23:23:55,0.0,0,0,6476914,2019-01-20 23:23:55,,0.0,0.0,0,,0.0,0.0,0.0,100
1,[],4,[],2019-05-13 01:21:56,392590.08288339,0.00003301,0.000000002316717723,7622043,2019-05-13 01:21:56,btc,6.942236530297738,0.0,0.00003301,btc,119524.42553061,0.44903121,0.6616913900906808,100
1,[],22,[],2019-05-13 01:22:00,130000.0,0.00000001,0.0000000000007018229999999999,7622044,2019-05-13 01:22:00,BTC,24.83526409,0.0,0.00000001,BTC,11187.719,0.0,0.0013,101
1,[],4,[],2019-05-13 01:22:01,580843.30104996,0.00000357,0.000000000250550811,7622045,2019-05-13 01:22:01,btc,255.71950927042718,0.0,0.00000357,btc,419103.07380557,2.53009217,0.2719392218365108,103
1,[],12,[],2019-05-13 01:22:04,96190335.76392001,0.000000006,0.0000000000004210938,7622046,2019-05-13 01:22:04,btc,468525267.52608836,0.0,0.000000006,btc,98261372.5901968,0.0107930395182818,0.2685338209677601,105
0,[],27,[],2019-05-13 01:22:15,0.0,0,0,7622047,2019-05-13 01:22:15,,0.0584885651331397,0.0,0,btc,600596.63747933,0.0,0.0,105
1,[],22,[],2019-04-21 00:17:26,21333.0,0.00000001,0.000000000000532493,7385819,2019-04-21 00:17:26,BTC,51.38182867,0.0,0.00000001,BTC,470435.0,0.0,0.00021333,107
1,[],26,[],2019-04-21 00:17:26,0.0,0.00000000,0,7385820,2019-04-21 00:17:26,btc,0.0,0.0,0.00000000,btc,0.0,0.0,0.0,107
1,[],5,[],2019-05-13 01:22:17,0.0,0,0,7622048,2019-05-13 01:22:17,btc,0.0,0.0,0,btc,0.0,0.0,0.0,112
1,[],22,[],2019-05-13 01:22:21,79003.0,0.00000001,0.0000000000007018229999999999,7622049,2019-05-13 01:22:21,BTC,2.79232726,0.0,0.00000001,BTC,1380942.0833333333,0.0,0.00079003,112
1,[],27,[],2019-05-13 01:22:31,1.0,0.00000001,0.0000000000007018229999999999,7622050,2019-05-13 01:22:31,btc,1.25032588,0.0,0.00000001,"btc,eth",1819.0,0.0,1e-08,112
1,[],4,[],2019-05-13 01:22:33,358161.61212942,0.00000153,0.000000000107378919,7622051,2019-05-13 01:22:33,btc,4.68715516397902,0.0,0.00000153,btc,518379.76269704,0.01878971,0.1986482531634328,113
1,[],5,[],2019-05-13 01:22:34,0.0,0,0,7622052,2019-05-13 01:22:34,btc,0.0,0.0,0,btc,0.0,0.0,0.0,113
1,[],17,[],2019-04-26 02:17:47,162738.278,0.00000004,0.0000000000021069000000000002,7461287,2019-04-26 02:17:47,btc,1.3331140273775473,0.0,0.00000004,btc,51796.221,0.0,0.00230953112,116
0,[],27,[],2019-04-26 02:19:51,0.0,0,0,7461288,2019-04-26 02:19:51,,0.0,0.0,0,,0.0,0.0,0.0,116
1,[],4,[],2019-05-07 20:09:28,131822.85721655,0.00001022,0.00000000060230548,7572994,2019-05-07 20:09:28,btc,132.18460413545117,0.0,0.00001022,btc,268070.13193351,0.06918336,1.0489745103085106,120
1,[],7,[],2019-05-07 20:09:30,9501.79941055,0.000011699999999999999788190263583231853772304020822048187255859375,0.0000000006895277999999999,7572995,2019-05-07 20:09:30,btc,231185.88817567716,62.23644451,0.000011699999999999999788190263583231853772304020822048187255859375,btc,4076.97424313,0.00072692,0.018013380795019,120
1,[],20,[],2019-04-07 18:42:29,1914137.0852,0.000000035,0.0000000000017871910000000002,7211992,2019-04-07 18:42:29,btc,32.2497668025648,25528.85,0.000000035,btc,1001975.4986,0.00089350975,0.0152723574729,125
1,[],22,[],2019-05-13 01:22:37,10000.0,0.00000001,0.0000000000007018229999999999,7622053,2019-05-13 01:22:37,BTC,0.032061,0.0,0.00000001,BTC,299316.7611111111,0.0,0.0001,126
1,[],4,[],2019-05-13 01:22:38,1887286.69481252,0.00000627,0.00000000044004302099999997,7622054,2019-05-13 01:22:38,btc,3.339126376941097,0.0,0.00000627,btc,167355.96485958,0.06719187,0.461725869897174,131
0,[],2,[],2019-01-20 23:25:46,0.0,0,0,6476969,2019-01-20 23:25:46,,0.0,0.0,0,,0.0,0.0,0.0,131
1,[],17,[],2019-05-03 01:13:10,10000.0,0.00000001,0.000000000000548003,7559115,2019-05-03 01:13:10,btc,0.0953976503951408,0.0,0.00000001,btc,5037.62507334,0.0,0.0001,131
1,[],4,[],2019-05-13 01:24:39,4702.86994863,0.00024812,0.000000017413632276,7622055,2019-05-13 01:24:39,btc,5.026798700606594,0.0,0.00024812,btc,179.49429964,0.00531025,0.0080713739898755,135
1,[],3,[],2019-05-13 01:24:40,15105.0,0.00000001,0.0000000000007018229999999999,7622056,2019-05-13 01:24:40,btc,0.2039354059486088,764516.391393,0.00000001,btc,1718704.31412391,0.0,0.00015105,136
1,[],4,[],2019-05-13 01:24:41,2500468.31390026,0.00000183,0.000000000128433609,7622057,2019-05-13 01:24:41,btc,318.7281505791247,0.0,0.00000183,btc,524024.90916266,0.02485392,0.5761713608347422,137
1,[],12,[],2019-05-13 01:24:42,324728.14433675,0.0000018500000000000000751026844880708921436962555162608623504638671875,0.000000000129837255,7622058,2019-05-13 01:24:42,btc,48531.23148303146,0.0,0.0000018500000000000000751026844880708921436962555162608623504638671875,btc,39892.6066523,0.0011831938561462,0.0242257857271021,137
1,[],4,[],2019-05-13 01:24:43,48898.73558601,0.00003012,0.000000002113890876,7622059,2019-05-13 01:24:43,btc,4.916573350602693,0.0,0.00003012,btc,72604.97537944,0.41577563,0.2486800007166298,142
1,[],5,[],2019-05-13 01:24:44,0.0,0,0,7622060,2019-05-13 01:24:44,btc,0.0,0.07089795,0,btc,0.0,0.0,0.0,142
1,[],20,[],2019-05-13 01:26:46,162682.3208,0.00002857,0.0000000020051083109999998,7622061,2019-05-13 01:26:46,btc,1.7319014742907,0.0,0.00002857,btc,8790.6601,0.0,0.046701156986,142
1,[],22,[],2019-05-13 01:26:50,1370.0,0.00000200,0.00000000014036459999999999,7622062,2019-05-13 01:26:50,BTC,3.2756588,0.0,0.00000200,BTC,1135.5948275773155,0.0,0.0003632,142
0.0,[],25,[],2019-05-13 01:26:51,0.0,0,0,7622063,2019-05-13 01:26:51,,0.0,0.0,0.0,btc,0.0,0.0,0.0,142
1,[],28,[],2019-05-13 01:27:30,79102.0,0.00003311,0.000000002323735953,7622064,2019-05-13 01:27:30,btc,0.0555251924,249674.0,0.00003311,btc,438.37303,0.0,0.07347342,142
1,[],17,[],2019-05-03 01:13:16,32967.38636364,0.00000088,0.000000000048224264,7559122,2019-05-03 01:13:16,btc,20.06976206696776,0.0,0.00000088,btc,2746.079105,0.0,0.0105613000000032,142
0,[],22,[],2019-05-13 01:27:33,0.0,0,0,7622065,2019-05-13 01:27:33,,64.16505383,0.0,0,,688775795.8,0.0,0.0,143
0,[],22,[],2019-02-25 15:42:22,0.0,0,0,6783783,2019-02-25 15:42:22,,4.2131946,0.0,0,,2322156.0,0.0,0.0,146
,[],22,[],2018-11-20 23:01:11,0.0,0,0,4862114,2018-11-20 23:01:11,,2.56807021,0.0,,,61828.4988236,0.0,0.0,147
1,[],12,[],2019-04-21 06:38:04,193091.5971266,0.00000071,0.000000000037635183,7388679,2019-04-21 06:38:04,btc,2.301232411611175,0.0,0.00000071,btc,9957.48302385,0.00023528,0.0313308199999888,148
1,[],4,[],2019-03-19 21:31:25,255810.0415942,0.00000029,0.000000000011615747,6982695,2019-03-19 21:31:25,btc,218.94922712414143,0.0,0.00000029,btc,793529.37642722,0.00117,0.0608347789473395,152
0,[],22,[],2019-03-19 21:31:27,0.0,0,0,6982696,2019-03-19 21:31:27,,0.0,0.0,0,,0.0,0.0,0.0,152
1,[],5,[],2019-04-26 09:36:59,0.0,0,0,7465040,2019-04-26 09:36:59,btc,0.0,0.0,0,btc,0.0,0.0,0.0,153
,[],16,[],2019-01-11 15:38:59,0.0,0,0,6366141,2019-01-11 15:38:59,btc,0.0,0.0,,btc,0.0,0.0,0.0,155
0,[],22,[],2019-05-11 16:24:45,0.0,0,0,7616280,2019-05-11 16:24:45,,6.80191271,0.0,0,,4673448.342592592,0.0,0.0,156
0,[],23,[],2019-01-20 23:24:29,0.0,0,0,6476932,2019-01-20 23:24:29,,0.0,0.0,0,,0.0,0.0,0.0,156
1,[],22,[],2019-05-13 01:27:37,7066.0,0.00000800,0.0000000005614583999999999,7622066,2019-05-13 01:27:37,BTC,1.79802465,0.0,0.00000800,BTC,802.6461988741639,0.0,0.00062996,157
0,[],22,[],2019-05-07 22:25:46,0.0,0,0,7574238,2019-05-07 22:25:46,,50234.60468402,0.0,0,,54786159.03179465,0.0,0.0,158
,[],17,[],2018-11-20 22:56:10,0.0,0,0,4861976,2018-11-20 22:56:10,btc,1.1265625,0.0,,btc,1000.0,0.0,0.0,159
,[],20,[],2018-11-20 22:56:12,0.0,0,0,4861977,2018-11-20 22:56:12,btc,11912.7940471,0.0,,btc,34413894.3617,0.0,0.0,159
1,[],12,[],2019-05-13 01:27:39,261484.30873047,0.0000019499999999999999646983772638719756287173368036746978759765625,0.000000000136855485,7622067,2019-05-13 01:27:39,btc,23.178069107946587,0.0,0.0000019499999999999999646983772638719756287173368036746978759765625,btc,13846.91716398,0.003312323502304,0.035370892899908996,168
1,[],17,[],2019-05-03 01:13:36,42852.0,0.00000002,0.000000000001096006,7559132,2019-05-03 01:13:36,btc,0.04279856251542,0.0,0.00000002,btc,274.46171372,0.0,0.00052852,168
1,[],22,[],2019-05-07 03:57:18,743122.0,0.00000001,0.000000000000593596,7562020,2019-05-07 03:57:18,BTC,41.40912107,0.0,0.00000001,BTC,1593401.2737547632,0.00342649,0.00743122,169
1,[],22,[],2019-05-13 01:29:44,255790.0,0.00000003,0.0000000000021054689999999997,7622068,2019-05-13 01:29:44,BTC,27.85867283,0.0,0.00000003,BTC,432593.2870425971,0.00012595,0.0037957,171
1,[],22,[],2019-05-13 01:29:49,214985.2,0.00000014,0.000000000009825522,7622069,2019-05-13 01:29:49,BTC,10823.68628372,0.0,0.00000014,"BTC,LTC",703598.1983490599,0.00124446,0.0130528,173
1,[],5,[],2019-05-06 19:49:32,0.0,0,0,7559281,2019-05-06 19:49:32,btc,0.0,0.00023336,0,btc,0.0,0.0,0.0,175
1,[],22,[],2019-05-13 01:29:52,90671.0,0.00000001,0.0000000000007018229999999999,7622070,2019-05-13 01:29:52,BTC,394.35459412,0.0,0.00000001,BTC,136275.61833431243,0.0,0.00090671,176
1,[],7,[],2019-05-13 01:29:53,0.0,0,0,7622071,2019-05-13 01:29:53,btc,520274.28701410955,6470.52947052,0,btc,27450861.7072692,6.471e-05,0.0,178
0,[],22,[],2019-05-13 01:29:56,0.0,0,0,7622072,2019-05-13 01:29:56,,1.00242428,0.0,0,,57512.0,0.0,0.0,178
0,[],2,[],2019-01-20 23:28:34,0.0,0,0,6477001,2019-01-20 23:28:34,,0.0,0.0,0,,0.0,0.0,0.0,178
0,[],23,[],2019-01-20 23:25:08,0.0,0,0,6476952,2019-01-20 23:25:08,,0.0,0.0,0,,0.0,0.0,0.0,179
1,[],5,[],2019-05-13 01:29:57,0.0,0,0,7622073,2019-05-13 01:29:57,btc,0.0,0.02844011,0,btc,0.0,0.0,0.0,179
1,[],22,[],2019-05-13 01:30:01,2000776.0,0.00000001,0.0000000000007018229999999999,7622074,2019-05-13 01:30:01,BTC,5.33711194,0.0,0.00000001,BTC,14248283.911946677,6.74e-05,0.02000776,179
1,[],22,[],2019-05-13 01:32:06,654757.982953083,0.00000021,0.000000000014738283,7622075,2019-05-13 01:32:06,BTC,40.27054669,0.0,0.00000021,"BTC,LTC",46435.55533190082,0.00493824,0.55347942,180
1,[],26,[],2019-05-13 01:32:06,0.0,0.00000250,0.00000000017545575,7622076,2019-05-13 01:32:06,btc,0.0,200.0,0.00000250,btc,0.0,0.0,0.0,180
1,[],17,[],2019-05-03 01:13:56,20504.725000000002,0.0000001,0.00000000000548003,7559141,2019-05-03 01:13:56,btc,5.2010695838400265,0.0,0.0000001,btc,5033.45945,0.0,0.0011504725,180
,[],7,[],2018-11-20 22:58:01,562227.975654,0.00000085,0.000000000036176765,4862015,2018-11-20 22:58:01,btc,21836.6059674,2491.87645172,,btc,749999.041456,0.00211021,0.127565380455,183
,[],5,[],2019-01-10 08:11:41,0.0,0,0,6347036,2019-01-10 08:11:41,btc,82.15055501,0.00261,,btc,1.19002445,0.0,0.0,187
1,[],24,[],2019-04-30 17:34:05,0.0,0.000000000014,7.396256000000001e-16,7526291,2019-04-30 17:34:05,btc,0.0,0.0,0.000000000014,btc,0.0,0.0,0.0,187
,[],17,[],2018-11-16 20:58:10,4062536.27273,0.00000001,0.000000000000550501,4708775,2018-11-16 20:58:10,btc,3.36492563466,0.195460381006,,"btc,eth",110697919.549,0.0,0.0157628953496,187
0,[],22,[],2019-04-25 02:54:07,0.0,0,0,7447896,2019-04-25 02:54:07,,7.54794454,0.0,0,,76361.7243344055,0.0,0.0,191
0,[],22,[],2019-05-13 01:32:12,0.0,0,0,7622077,2019-05-13 01:32:12,,0.0,0.0,0,,0.0,0.0,0.0,197
0,[],23,[],2019-01-20 23:31:41,0.0,0,0,6477079,2019-01-20 23:31:41,,0.0,0.0,0,,0.0,0.0,0.0,199
0.0000000001232838,[],22,[],2019-05-13 01:32:16,53056789.0,2.465676e-18,1.7304681273479999e-22,7622078,2019-05-13 01:32:16,LTC,7.64571369,0.0,0.00000002,LTC,35310436.0,4.348371265074e-12,0.60713197,199
1,[],26,[],2019-05-13 01:32:16,0.0,0.00000000,0,7622079,2019-05-13 01:32:16,btc,0.0,0.0,0.00000000,btc,0.0,0.0,0.0,199
0,[],2,[],2019-01-20 23:30:49,0.0,0,0,6477059,2019-01-20 23:30:49,,0.0,0.0,0,,0.0,0.0,0.0,201
1,[],4,[],2019-01-25 15:51:35,2084389.58565343,0.00000936,0.000000000333526752,6499557,2019-01-25 15:51:35,btc,2.0092503037378524,0.0,0.00000936,btc,160195.80207885,0.19272417,1.242687955921835,211
1,[],7,[],2019-05-13 01:32:19,13705768.217555769,0.00000083,0.00000000005825130899999999,7622080,2019-05-13 01:32:19,btc,15200781.507462686,137889.629342,0.00000083,btc,13441544.24500996,0.0,1.0798615515672627,212
1,[],5,[],2019-05-07 13:02:51,0.0,0,0,7566706,2019-05-07 13:02:51,btc,0.0,0.43032184,0,btc,0.0,0.0,0.0,213
1,[],24,[],2019-05-07 13:02:52,0.0,0.000000050000,0.000000000002968865,7566707,2019-05-07 13:02:52,btc,0.0,0.0,0.000000050000,btc,0.0,0.0,0.0,213
1,[],26,[],2019-05-07 13:02:52,0.0,0.00000040,0.00000000002375092,7566708,2019-05-07 13:02:52,btc,0.0,0.0,0.00000040,btc,0.0,0.0,0.0,213
1,[],12,[],2019-01-25 02:44:32,207462.42853209,0.000001080000000000000035831255497387193287295303889550268650054931640625,0.000000000038610756000000006,6493050,2019-01-25 02:44:32,btc,85023.03793723314,0.0,0.000001080000000000000035831255497387193287295303889550268650054931640625,btc,43675.73520027,0.000146250909087,0.0348620860622024,213
0,[],22,[],2019-05-13 01:32:22,0.0,0,0,7622081,2019-05-13 01:32:22,,9.58164616,0.0,0,,2460817.094064925,0.0,0.0,216
0,[],27,[],2019-05-13 01:32:34,0.0,0,0,7622082,2019-05-13 01:32:34,,60.55527910867708,0.0,0,"btc,ltc",229430.447308,0.0,0.0,216
1,[],22,[],2019-05-13 01:32:38,1070290.970929408,0.00000074,0.000000000051934901999999995,7622083,2019-05-13 01:32:38,BTC,12055.62925198,0.0,0.00000074,BTC,778646.2900471298,0.01513537,0.15041349,217
1,[],7,[],2019-05-13 01:32:39,0.0,0,0,7622084,2019-05-13 01:32:39,btc,111302.56865462937,0.0,0,btc,137781098.61523312,0.0,0.0,219
0,[],27,[],2019-05-13 01:32:48,0.0,0,0,7622085,2019-05-13 01:32:48,,0.06997067,0.0,0,btc,1753528.0,0.0,0.0,219
0.0000000000000038,[],28,[],2019-05-13 01:33:31,472553134.161,2.4700000000000003e-18,1.7335028100000001e-22,7622086,2019-05-13 01:33:31,doge,3653032.673251157,625263.623,0.00065000,"btc,doge",46211323.3823,0.0,2.014348048961505e-11,219
1,[],22,[],2019-05-13 01:33:34,373170.0,0.00000004,0.0000000000028072919999999998,7622087,2019-05-13 01:33:34,BTC,56.7649867,0.0,0.00000004,BTC,131552.84827387411,0.0,0.0119808,221
1,[],24,[],2019-05-13 01:33:35,0.0,0.000000010000,0.0000000000007018229999999999,7622088,2019-05-13 01:33:35,btc,0.0,0.0,0.000000010000,btc,0.0,0.0,0.0,221
1,[],20,[],2019-05-13 00:33:26,7919438.5971,0.000000009,0.0000000000006273666,7621938,2019-05-13 00:33:26,btc,100049.98908601116,7915927.9222,0.000000009,btc,28431133.3666,0.0870249270247,0.0251743342985,224
0,[],22,[],2019-05-13 01:33:38,0.0,0,0,7622089,2019-05-13 01:33:38,,0.0,0.0,0,,0.0,0.0,0.0,224
1,[],26,[],2019-05-13 01:33:38,0.0,0.00000026,0.000000000018247398,7622090,2019-05-13 01:33:38,btc,0.0,0.0,0.00000026,btc,0.0,0.0,0.0,231
1,[],26,[],2019-05-13 01:33:39,0.0,0.00000005,0.000000000003509115,7622091,2019-05-13 01:33:39,btc,0.0,0.0,0.00000005,btc,0.0,0.0,0.0,234
0,[],27,[],2019-05-13 01:33:45,0.0,0,0,7622092,2019-05-13 01:33:45,,0.01134836604,0.0,0,"btc,eth",11462.996,0.0,0.0,234
1,[],4,[],2019-04-29 21:02:20,217188.93193785,0.00000080,0.00000000004151584,7514327,2019-04-29 21:02:20,btc,5.239800103892936,0.0,0.00000080,btc,797346.30008933,0.0,0.0590549781555679,236
1,[],24,[],2019-04-29 21:02:20,0.0,0.000000100000,0.00000000000518948,7514328,2019-04-29 21:02:20,btc,0.0,0.0,0.000000100000,btc,0.0,0.0,0.0,236
1,[],5,[],2019-05-06 20:53:15,0.0,0,0,7559637,2019-05-06 20:53:15,btc,0.0,0.20253514,0,btc,0.0,0.0,0.0,237
1,[],20,[],2019-05-06 20:53:18,38173217.6136,0.000000083,0.0000000000047460728,7559638,2019-05-06 20:53:18,btc,21342.514614200165,8832375.7238,0.000000083,btc,27701499.3386,0.7554403456107,1.3621107610479,237
1,[],22,[],2019-05-06 20:53:20,343938.0,0.00000009,0.000000000005146344,7559639,2019-05-06 20:53:20,BTC,1.20267422,0.0,0.00000009,BTC,17930.94871794872,0.0,0.01017442,237
1,[],4,[],2019-05-13 01:33:46,8720065.29094497,0.00000014,0.000000000009825522,7622093,2019-05-13 01:33:46,btc,2.7297485149166203,0.0,0.00000014,btc,8171660.28961669,0.09818238,0.7524700626332999,238
1,[],5,[],2019-05-13 01:33:48,0.0,0,0,7622094,2019-05-13 01:33:48,btc,0.0,0.00272009,0,btc,0.0,0.0,0.0,238
0,[],22,[],2019-03-12 16:49:32,0.0,0,0,6914458,2019-03-12 16:49:32,,0.40415746,0.0,0,,526736.5639027493,0.0,0.0,249
0,[],22,[],2019-05-13 01:33:53,0.0,0,0,7622095,2019-05-13 01:33:53,,4.50924384,0.0,0,,38675894.69978836,0.0,0.0,252
1,[],28,[],2019-05-13 01:34:22,46170154.152,0.00000025,0.000000000017545574999999998,7622096,2019-05-13 01:34:22,btc,43893.02322814165,168993.0586,0.00000025,btc,2892520.9582,0.0,0.62709171804,256
1,[],22,[],2019-05-13 01:34:25,1088993.5,0.00000002,0.0000000000014036459999999999,7622097,2019-05-13 01:34:25,BTC,21.88116616,0.0,0.00000002,BTC,522884.63333384093,0.0,0.01124633,258
1,[],22,[],2019-03-13 00:07:30,47146.0,0.00000001,0.000000000000387233,6917028,2019-03-13 00:07:30,BTC,2.415167,0.0,0.00000001,BTC,157.0,0.0,0.00047146,259
1,[],5,[],2019-05-13 01:34:27,0.0,0,0,7622098,2019-05-13 01:34:27,btc,0.0,0.01357261,0,btc,0.0,0.0,0.0,264
1,[],20,[],2019-05-13 01:34:29,1333222.5418,0.000001149,0.0000000000806394627,7622099,2019-05-13 01:34:29,btc,5.0401993970008,39621.9277,0.000001149,btc,89032.8336,0.0450416922663,0.0424100931753,264
0,[],22,[],2019-04-12 17:57:27,0.0,0,0,7278186,2019-04-12 17:57:27,,66.37522201,0.0,0,,677842.4169881374,0.0,0.0,271
0,[],22,[],2019-05-13 01:34:32,0.0,0,0,7622100,2019-05-13 01:34:32,,33050467.4724609,0.0,0,,14361462970.7,0.0,0.0,272
0.0000000000000038,[],28,[],2019-05-13 01:35:00,311251238682.584,2.242e-21,1.573487166e-25,7622101,2019-05-13 01:35:00,doge,27193004.641454298,35884358658.24,0.00000059,doge,368165441487.476,0.0,2.390643615472773e-10,272
1,[],22,[],2019-05-13 01:35:07,127364.9,0.0000001,0.00000000000701823,7622102,2019-05-13 01:35:07,BTC,427.36546797,0.0,0.0000001,BTC,252462.95264460208,1.3e-05,0.0039223,281
1,[],22,[],2019-05-13 01:35:11,645064.7666666667,0.00000006,0.0000000000042109379999999995,7622103,2019-05-13 01:35:11,BTC,1.49425472,0.0,0.00000006,"BTC,LTC",461502.2802838498,0.00607623,0.0250811,286
0,[],22,[],2019-05-13 01:35:14,0.0,0,0,7622104,2019-05-13 01:35:14,,7337893.19360497,0.0,0,,1388519263.7797825,0.0,0.0,294
