pairValue,buyBook,exchangeId,sellBook,updated,buyTotal,satoshiPrice,usdPrice,exchangeLogId,created,bestPair,sellTotalBtc,volume,pairPrice,activePairs,sellTotal,volumeBtc,buyTotalBtc,coinId
1,[],3,[],2019-08-14 13:19:14,31388.390040923507,0.00789726999999999963730790142335536074824631214141845703125,0.00000084052224064,7896417,2019-08-14 13:19:14,btc,11.18513226187709,9.5154642968,0.00789726999999999963730790142335536074824631214141845703125,btc,35.303091315991004,0.0,0.21258712409477323,1
1,[],4,[],2019-08-14 13:19:15,25298.65224124,0.00789014,0.00000083976338048,7896418,2019-08-14 13:19:15,btc,8.851864388796347,0.0,0.00789014,btc,565.64706124,0.73989739,0.6620340438440718,1
1,[],12,[],2019-08-14 13:19:19,98.94206082000001,0.0079199999999999999567013020396188949234783649444580078125,0.0000008429414400000001,7896419,2019-08-14 13:19:19,btc,0.3235235344839,0.0,0.0079199999999999999567013020396188949234783649444580078125,btc,31.859522600000002,0.685123874778,0.174616090033,1
1,[],20,[],2019-08-14 13:19:22,932.5775,0.00801273,0.0000008528108793600001,7896420,2019-08-14 13:19:22,btc,0.2241428849594,0.4216,0.00801273,btc,18.8229,0.00353646315,0.129721776302,1
1,[],21,[],2019-08-14 13:19:23,2323.98193509,0.007932069999999999398987426957,0.00000084422607424,7896421,2019-08-14 13:19:23,btc,9.224413917007332,1143.3558368000001,0.00793206999999999939898742695731925778090953826904296875,"btc,eth",1785.47870569,8.178922758777594,14.3938544456542,1
1,[],22,[],2019-08-14 13:19:26,0.5198816666666667,0.00600000,0.000000638592,7896422,2019-08-14 13:19:26,BTC,0.01699234,0.0,0.00600000,BTC,0.2826706326589883,1.1e-07,0.00302178,1
1,[],24,[],2019-08-14 13:19:27,0.0,0.000000000000,0,7896423,2019-08-14 13:19:27,btc,0.0,0.0,0.000000000000,btc,0.0,0.0,0.0,1
0.0,[],25,[],2019-08-14 13:19:27,0.0,0,0,7896424,2019-08-14 13:19:27,btc,22.677099999103895,5312.83850096,0.0,btc,2767.58462038,42.475,0.0,1
1,[],26,[],2019-08-14 13:19:32,0.0,0,0,7896425,2019-08-14 13:19:32,,0.0,0.0,0,,0.0,0.0,0.0,1
1,[],28,[],2019-08-14 13:20:22,1040.4,0.008020000000,0.00000085358464,7896426,2019-08-14 13:20:22,btc,0.38023024096,2712.513255,0.008020000000,btc,23.7255,0.0,0.274306096,1
1,[],10,[],2019-07-13 08:58:05,251434.9725798,0.00271069,0.00000031407274150500003,7812232,2019-07-13 08:58:05,btc,6515.317158446701,1686.04548878,0.00271069,btc,2002.66956917,0.0,1.2639712180673435,1
1,[],5,[],2019-07-06 00:27:44,0.0,0,0,7800775,2019-07-06 00:27:44,btc,0.0,0.00190933,0,btc,0.0,0.0,0.0,1
0,[],2,[],2019-01-20 23:28:45,0.0,0,0,6477011,2019-01-20 23:28:45,,0.0,0.0,0,,0.0,0.0,0.0,1
0,[],22,[],2019-08-14 13:20:25,0.0,0,0,7896427,2019-08-14 13:20:25,,0.0,0.0,0,,0.0,0.0,0.0,2
1,[],5,[],2019-07-06 00:28:14,0.0,0,0,7800785,2019-07-06 00:28:14,btc,0.0,0.00208797,0,btc,0.0,0.0,0.0,2
1,[],5,[],2019-06-03 14:48:58,0.0,0,0,7731126,2019-06-03 14:48:58,btc,0.0,0.05905545,0,btc,0.0,0.0,0.0,3
1,[],12,[],2019-08-13 17:25:04,4632818.94540633,0.000000061,0.0000000000066360924000000004,7894259,2019-08-13 17:25:04,btc,42974.56150254562,0.0,0.000000061,btc,9397625.94546945,0.045168638127,0.18004979431303866,3
0,[],28,[],2019-08-13 17:25:06,0.0,0,0,7894260,2019-08-13 17:25:06,,0.0,0.0,0,,0.0,0.0,0.0,3
0,[],2,[],2019-01-20 23:31:32,0.0,0,0,6477077,2019-01-20 23:31:32,,0.0,0.0,0,,0.0,0.0,0.0,4
1,[],4,[],2019-07-23 19:39:19,5194762.69889617,0.00000005,0.00000000000508272,7830176,2019-07-23 19:39:19,btc,51.370046856622295,0.0,0.00000005,btc,1310172.08039262,0.0,0.0608782288383904,4
0,[],2,[],2019-01-20 23:31:51,0.0,0,0,6477087,2019-01-20 23:31:51,,0.0,0.0,0,,0.0,0.0,0.0,6
1,[],11,[],2019-08-12 15:08:45,87302.0,0.00000001,0.000000000001135941,7891621,2019-08-12 15:08:45,btc,9583.469746979361,4910218.0,0.00000001,btc,78273068.50750598,0.0,0.0008730200000000001,6
1,[],3,[],2019-08-14 13:20:26,11616.919054784144,0.00006046000000000000050397186424078199706855230033397674560546875,0.000000006434878720000001,7896428,2019-08-14 13:20:26,btc,2027.9075429647237,0.0877339903968,0.00006046000000000000050397186424078199706855230033397674560546875,btc,563.832751989976,0.0,0.025823244918772654,7
1,[],4,[],2019-08-14 13:20:26,61715.08966091,0.00008379,0.000000008917937280000001,7896429,2019-08-14 13:20:26,btc,13.33444211771054,0.0,0.00008379,btc,79811.58403189,1.00095504,2.35052012130071,7
1,[],5,[],2019-07-06 00:28:21,0.0,0,0,7800789,2019-07-06 00:28:21,btc,0.0,0.38662001,0,btc,0.0,0.0,0.0,7
1,[],5,[],2019-07-05 17:50:59,0.0,0,0,7799863,2019-07-05 17:50:59,btc,0.0,0.04857279,0,btc,0.0,0.0,0.0,12
0,[],2,[],2019-01-20 23:23:08,0.0,0,0,6476890,2019-01-20 23:23:08,,0.0,0.0,0,,0.0,0.0,0.0,12
1,[],4,[],2019-08-14 13:20:28,25295299.29139997,0.00000024,0.00000000002554368,7896430,2019-08-14 13:20:28,btc,5.938643760943145,0.0,0.00000024,btc,10167883.91786394,0.22622271,2.0144441463809457,12
0.0,[],25,[],2019-08-14 13:20:31,0.0,0,0,7896431,2019-08-14 13:20:31,,0.0,0.0,0.0,btc,0.0,0.0,0.0,12
1,[],4,[],2019-08-14 13:20:32,730923.37270571,0.00000146,0.00000000015539072000000002,7896432,2019-08-14 13:20:32,btc,3.6280992475773712,0.0,0.00000146,btc,902497.58888853,0.08456773,0.3244327746416461,13
1,[],21,[],2019-08-14 13:20:35,6446709.17175591,0.000001430000000000000072932653840,0.00000000015219776000000003,7896433,2019-08-14 13:20:35,btc,4.437234269853774,163050.78093637,0.000001430000000000000072932653839841155019030338735319674015045166015625,btc,1853686.09286233,0.24124143,2.680418052103665,13
1,[],10,[],2019-08-14 12:05:38,675872.01471055,0.00000151,0.000000000159392882,7896285,2019-08-14 12:05:38,btc,666797.2225411417,18536.6099221,0.00000151,btc,1007535.85264279,0.0,0.1259729136412655,13
1,[],4,[],2019-08-14 13:20:36,1262232.4918276,0.00000078,0.00000000008301696,7896434,2019-08-14 13:20:36,btc,2.86941966414843,0.0,0.00000078,btc,857041.49951702,0.09655375,0.2093290755784058,14
1,[],12,[],2019-08-14 13:20:37,239194.1435404,0.00000092,0.00000000009791744,7896435,2019-08-14 13:20:37,btc,651.9827614371574,0.0,0.00000092,btc,31061.07788319,0.002921751429,0.0312087619999798,14
1,[],26,[],2019-08-14 13:22:37,0.0,0,0,7896436,2019-08-14 13:22:37,,0.0,0.0,0,,0.0,0.0,0.0,14
0,[],17,[],2019-05-03 00:53:32,0.0,0,0,7558876,2019-05-03 00:53:32,btc,0.0,0.0,0,btc,0.0,0.0,0.0,14
0,[],4,[],2019-08-14 13:22:38,0.0,0,0,7896437,2019-08-14 13:22:38,,0.0,0.0,0,,0.0,0.0,0.0,15
,[],12,[],2018-12-01 15:15:48,204241.84496,0.00000489,0.000000000202473384,5260204,2018-12-01 15:15:48,btc,49.5475654835,0.0,,btc,35763.2193806,0.0163153972027625,0.0203389899998,15
0,[],2,[],2019-01-20 23:23:38,0.0,0,0,6476906,2019-01-20 23:23:38,,0.0,0.0,0,,0.0,0.0,0.0,18
1,[],4,[],2019-08-14 13:22:39,35794.86570458,0.00000704,0.00000000074928128,7896438,2019-08-14 13:22:39,btc,2.4532700738962085,0.0,0.00000704,btc,26152.89981913,0.03244456,0.0512365077927215,18
1,[],10,[],2019-08-14 13:22:41,409741.20938124,0.00000677,0.0000000007205446400000001,7896439,2019-08-14 13:22:41,btc,15.239937369477824,3036.29812367,0.00000677,btc,27228.7226369,0.0,0.2749393898419662,18
1,[],12,[],2019-08-14 13:22:42,4372.93589004,0.0000067800000000000003072910849388765797129963175393640995025634765625,0.0000000007216089600000001,7896440,2019-08-14 13:22:42,btc,0.5685908074871667,0.0,0.0000067800000000000003072910849388765797129963175393640995025634765625,btc,2267.0212645,7.0785184e-05,0.0083513026244858,18
0,[],17,[],2019-05-03 00:53:39,0.0,0,0,7558882,2019-05-03 00:53:39,btc,0.0,0.0,0,btc,0.0,0.0,0.0,18
0,[],27,[],2019-08-12 16:48:42,0.0,0,0,7891818,2019-08-12 16:48:42,,0.0,0.0,0,btc,0.0,0.0,0.0,19
1,[],3,[],2019-08-14 13:24:42,216015.14032608556,0.0000057500000000000000044994390158148434011309291236102581024169921875,0.000000000611984,7896441,2019-08-14 13:24:42,btc,190.7622142476292,5312.35438571,0.0000057500000000000000044994390158148434011309291236102581024169921875,btc,43515.81155248486,0.0,0.3607617489389297,19
1,[],4,[],2019-08-14 13:24:43,606243.55271327,0.00000615,0.0000000006545568000000001,7896442,2019-08-14 13:24:43,btc,3.517020267415921,0.0,0.00000615,btc,262660.44289872,0.22061792,1.7741708855261002,19
1,[],12,[],2019-08-14 13:24:44,128428.86639372,0.0000079699999999999999252160709506398461599019356071949005126953125,0.00000000084826304,7896443,2019-08-14 13:24:44,btc,0.933743168959352,0.0,0.0000079699999999999999252160709506398461599019356071949005126953125,btc,2900.77160987,0.0,0.016272565661251,19
0,[],2,[],2019-01-20 23:24:19,0.0,0,0,6476924,2019-01-20 23:24:19,,0.0,0.0,0,,0.0,0.0,0.0,19
1,[],5,[],2019-07-06 02:01:19,0.0,0,0,7800799,2019-07-06 02:01:19,btc,0.0,0.0,0,btc,0.0,0.0,0.0,19
1,[],4,[],2019-08-14 13:24:45,10498547.74977137,0.00000007,0.00000000000745024,7896444,2019-08-14 13:24:45,btc,4.981009768947983,0.0,0.00000007,btc,2259868.62320188,0.00332541,0.1284502294625621,20
0,[],4,[],2019-08-14 13:24:46,0.0,0,0,7896445,2019-08-14 13:24:46,,49590.484399415465,0.0,0,,172391864.27814376,0.0,0.0,21
0,[],12,[],2019-08-14 13:24:47,0.0,0,0,7896446,2019-08-14 13:24:47,btc,2617.9764452306194,0.0,0,btc,8688049.86013984,0.0,0.0,21
0,[],17,[],2019-05-03 00:53:51,0.0,0,0,7558891,2019-05-03 00:53:51,btc,0.0,0.0,0,btc,0.0,0.0,0.0,21
0.0000000002204393,[],27,[],2019-07-29 17:24:02,79794022.5,8.5971327e-17,8.21370058158e-21,7852364,2019-07-29 17:24:02,eth,1253.5830452782222,787155.0,0.00000039,eth,2317982.66147653,6.7672759904685e-11,2.1948587434632156e-09,23
1,[],12,[],2019-08-14 13:26:48,4295013266.8826685,0.0000000034,0.0000000000003618688,7896447,2019-08-14 13:26:48,btc,168400687774.65198,0.0,0.0000000034,btc,1861761140.8721278,1.558999188506,3.0434132793774693,23
1,[],4,[],2019-08-14 13:26:49,6575136.2548517,0.00000049,0.00000000005215168,7896448,2019-08-14 13:26:49,btc,9.480889254241896,0.0,0.00000049,btc,1974217.74744808,0.34001401,0.3365946762709983,24
0,[],22,[],2019-08-14 13:26:52,0.0,0,0,7896449,2019-08-14 13:26:52,,0.0,0.0,0,,0.0,0.0,0.0,24
0.0,[],25,[],2019-08-14 13:26:54,0.0,0,0,7896450,2019-08-14 13:26:54,,0.0,0.0,0.0,btc,0.0,0.0,0.0,24
1,[],4,[],2019-08-14 13:26:56,26953956.96049004,0.00000355,0.00000000037783360000000004,7896451,2019-08-14 13:26:56,btc,106.71992109531249,0.0,0.00000355,btc,1057658.90582417,0.06467265,0.4318001221178393,26
1,[],10,[],2019-08-14 13:26:58,233894.6731779,0.00000386,0.0000000004108275200000001,7896452,2019-08-14 13:26:58,btc,25.758244372910177,7874.66976278,0.00000386,btc,18817.81486851,0.0,0.0552281054941475,26
0,[],2,[],2019-01-20 23:25:56,0.0,0,0,6476976,2019-01-20 23:25:56,,0.0,0.0,0,,0.0,0.0,0.0,26
0.00000000007812940000000001,[],4,[],2019-08-14 13:26:59,725375264.1942241,5.469058000000001e-17,5.820827810560001e-21,7896453,2019-08-14 13:26:59,ltc,12.326564312971096,0.0,0.0000007,ltc,994946365.8018849,0.00208199,5.555046896666906e-09,29
1,[],7,[],2019-08-14 13:27:00,0.0,0,0,7896454,2019-08-14 13:27:00,btc,1236881.0048440725,0.0,0,btc,60353678.72853072,0.0,0.0,29
1,[],4,[],2019-08-14 13:27:01,15090076.40590399,0.00000009,0.00000000000957888,7896455,2019-08-14 13:27:01,btc,2.624562505591529,0.0,0.00000009,btc,2023839.91412313,0.00057947,0.1779855257384015,30
0,[],17,[],2019-05-03 01:11:25,0.0,0,0,7559066,2019-05-03 01:11:25,btc,0.0,0.0,0,btc,0.0,0.0,0.0,30
1,[],4,[],2019-08-14 13:29:02,218276.3191507,0.00003198,0.00000000340369536,7896456,2019-08-14 13:29:02,btc,2.765509777984825,0.0,0.00003198,btc,50040.37916789,0.58633653,0.6477791177989424,31
1,[],21,[],2019-08-14 13:29:03,80281.13171678,0.00003186000000000000328048352372,0.0000000033909235200000005,7896457,2019-08-14 13:29:03,btc,6.514976104485275,130598.16057518,0.0000318600000000000032804835237154605920295580290257930755615234375,btc,166373.93627855,4.3050902,2.026871420027075,31
0,[],2,[],2019-01-20 23:28:43,0.0,0,0,6477009,2019-01-20 23:28:43,,0.0,0.0,0,,0.0,0.0,0.0,32
0,[],4,[],2019-08-14 13:29:03,0.0,0,0,7896458,2019-08-14 13:29:03,,0.0,0.0,0,,0.0,0.0,0.0,33
1,[],12,[],2019-03-30 07:55:10,40641173.964,0.00000003,0.000000000001228359,7108785,2019-03-30 07:55:10,btc,4233210.82356125,0.0,0.00000003,btc,28378394.68333462,0.0126927883965248,0.90752895892,33
0.00000000007812940000000001,[],4,[],2019-08-14 13:29:05,29681334.50556877,3.281434800000001e-17,3.4924966863360006e-21,7896459,2019-08-14 13:29:05,ltc,6.0250425991647685,0.0,0.00000042,ltc,161245128.47242934,0.00040673,2.834241018753416e-10,34
1,[],5,[],2019-07-06 02:03:46,0.0,0,0,7800811,2019-07-06 02:03:46,btc,0.0,0.0,0,btc,0.0,0.0,0.0,34
1,[],27,[],2019-08-12 16:26:17,6255.0,0.00000019,0.000000000021630303,7891745,2019-08-12 16:26:17,btc,22.61101824371233,0.0,0.00000019,btc,4198.924835,0.0,0.00091445,37
1,[],4,[],2019-08-14 13:29:05,10802879.72489642,0.00000016,0.00000000001702912,7896460,2019-08-14 13:29:05,btc,19774.017055003995,0.0,0.00000016,btc,2336634.25249828,0.02311456,0.1774814243803363,37
1,[],12,[],2019-08-14 13:29:06,8684387.04895104,0.00000015,0.0000000000159648,7896461,2019-08-14 13:29:06,btc,1718.2393030450228,0.0,0.00000015,btc,2061000.46568597,0.026715934834,0.285056679999999,37
1,[],17,[],2019-05-03 01:11:36,211752.74075282,0.00000025,0.000000000013700074999999998,7559074,2019-05-03 01:11:36,btc,0.055484923955058496,0.0,0.00000025,"btc,eth",1387.19918473,0.0,0.0005381851887916605,37
0,[],27,[],2019-08-12 16:26:27,0.0,0,0,7891747,2019-08-12 16:26:27,,0.001005,0.0,0,"btc,eth",3.0,0.0,0.0,42
1,[],12,[],2019-08-14 13:31:08,211325.51468182,0.000001230000000000000081983031474663903281907550990581512451171875,0.00000000013091136000000003,7896462,2019-08-14 13:31:08,btc,559.2150317816901,0.0,0.000001230000000000000081983031474663903281907550990581512451171875,btc,169509.68426962,0.006039458663,0.054257667165929196,42
1,[],5,[],2019-07-06 02:03:47,0.0,0,0,7800812,2019-07-06 02:03:47,btc,0.0,0.14382058,0,btc,0.0,0.0,0.0,42
1,[],12,[],2019-03-13 09:13:29,1112112.0,0.00000001,0.000000000000386531,6919902,2019-03-13 09:13:29,btc,29058.00478931866,0.0,0.00000001,btc,5967681.93306694,9.99000999e-07,0.01112112,43
1,[],5,[],2019-04-26 22:38:52,0.0,0,0,7474154,2019-04-26 22:38:52,btc,0.0,0.02638891,0,btc,0.0,0.0,0.0,43
0,[],17,[],2019-04-26 22:38:53,0.0,0,0,7474155,2019-04-26 22:38:53,btc,0.0,0.0,0,btc,0.0,0.0,0.0,43
0.00000000007812940000000001,[],4,[],2019-08-14 13:31:09,107334302.85972883,6.172222600000001e-17,6.569219957632001e-21,7896463,2019-08-14 13:31:09,ltc,2096.2764497706107,0.0,0.00000079,ltc,24819857.74652194,0.0,4.2050369662963257e-10,49
0.0000000000761789,[],4,[],2019-08-12 15:19:45,92949563.32000165,1.9044725e-17,2.1633683961225003e-21,7891657,2019-08-12 15:19:45,ltc,31227.10836365824,0.0,0.00000025,ltc,232133860.71048552,0.0,4.884581044515765e-10,52
0,[],27,[],2019-08-12 16:26:37,0.0,0,0,7891750,2019-08-12 16:26:37,,0.0,0.0,0,"btc,eth",0.0,0.0,0.0,57
0,[],22,[],2019-08-14 13:31:12,0.0,0,0,7896464,2019-08-14 13:31:12,,10290.02779686,0.0,0,,282696231.3316013,0.0,0.0,57
0.00000000007812940000000001,[],4,[],2019-08-14 13:31:12,505608300.221,7.812940000000001e-19,8.315468300800001e-23,7896465,2019-08-14 13:31:12,ltc,19.78757465523479,0.0,0.00000001,ltc,5443362175.22347,0.00011055,3.95028731312866e-10,58
1,[],12,[],2019-08-14 13:31:13,1272452826.2145119,0.0000000001,0.0000000000000106432,7896466,2019-08-14 13:31:13,btc,52808302.525223605,0.0,0.0000000001,btc,4251357234.525511,0.046588914152,0.12724528262145118,58
0.00000000007912860000000001,[],22,[],2019-08-14 13:33:16,126877.0,7.912860000000001e-19,8.421815155200001e-23,7896467,2019-08-14 13:33:16,XMR,68.17454206,0.0,0.00000001,XMR,9626402.6,0.0,0.00126877,58
1,[],17,[],2019-05-03 01:12:09,1200000.0,0.0000000001,0.00000000000000548003,7559085,2019-05-03 01:12:09,btc,1e+24,0.0,0.0000000001,"btc,eth",39516342.31952568,0.0,0.00010000000058666061,58
0,[],27,[],2019-07-29 19:34:56,0.0,0,0,7852673,2019-07-29 19:34:56,,1.97314195,0.0,0,"btc,eth",10936.9,0.0,0.0,61
1,[],22,[],2019-08-14 13:33:20,336.0,0.00000001,0.00000000000106432,7896468,2019-08-14 13:33:20,BTC,1000.95211887,0.0,0.00000001,BTC,9434.689066014545,0.0,3.36e-06,61
1,[],26,[],2019-08-14 13:33:20,0.0,0,0,7896469,2019-08-14 13:33:20,,0.0,0.0,0,,0.0,0.0,0.0,61
1,[],28,[],2019-08-14 13:33:55,40000.0,0.00000004,0.00000000000425728,7896470,2019-08-14 13:33:55,btc,0.242343945415105,383.0,0.00000004,btc,8016.46650005,0.0,0.001,61
1,[],5,[],2019-06-17 14:31:27,0.0,0,0,7740135,2019-06-17 14:31:27,btc,0.0,0.00079154,0,btc,0.0,0.0,0.0,61
1,[],4,[],2019-08-13 16:58:35,1883114.45433125,0.00000085,0.00000000009277520499999999,7894193,2019-08-13 16:58:35,btc,3.3470068670635973,0.0,0.00000085,btc,1246084.71186987,0.12608114,0.885388009837053,67
0.0,[],25,[],2019-08-13 16:58:40,0.0,0,0,7894194,2019-08-13 16:58:40,,0.0,0.0,0.0,btc,0.0,0.0,0.0,67
1,[],12,[],2019-06-02 06:23:14,910048.355,0.00000006,0.000000000005154929999999999,7725270,2019-06-02 06:23:14,btc,5.167005424215783,0.0,0.00000006,btc,738530.60239759,0.003159757462,0.0187188113,71
,[],5,[],2018-11-20 23:02:39,1.5e-07,0.00000005,0.000000000002128045,4862160,2018-11-20 23:02:39,btc,2.84511358,0.0,,btc,0.00036572,0.0,0.07381892,74
1,[],5,[],2019-07-06 00:15:01,0.0,0,0,7800749,2019-07-06 00:15:01,btc,0.0,0.01883861,0,btc,0.0,0.0,0.0,75
1,[],4,[],2019-08-14 13:33:57,200597.14103047,0.00006019,0.0000000064061420800000005,7896471,2019-08-14 13:33:57,btc,58.080921182923305,0.0,0.00006019,btc,129086.20632337,1.33612961,0.579121515857146,82
1,[],21,[],2019-08-14 13:33:58,809107.16160731,0.00005951999999999999933948668929,0.000000006334832640000001,7896472,2019-08-14 13:33:58,btc,4.904323681837115,15659.88192553,0.00005951999999999999933948668928707093073171563446521759033203125,btc,60519.51874765,0.95021218,1.2974078400377984,82
0,[],4,[],2019-07-23 20:51:52,0.0,0,0,7830376,2019-07-23 20:51:52,,1.6413985531662756,0.0,0,,620289065.5915176,0.0,0.0,85
,[],22,[],2018-11-20 23:09:34,3408.1,0.0000001,0.0000000000041895,4862324,2018-11-20 23:09:34,BTC,0.04624735,0.0,,BTC,4990.0,0.0,0.00033081,86
1,[],27,[],2019-08-06 12:06:36,100155.0,0.00000003,0.000000000003516594,7875448,2019-08-06 12:06:36,btc,7.177196150774,345.0,0.00000003,btc,287406.89336,1.035e-05,0.00300465,87
1,[],22,[],2019-08-14 00:42:19,185880.0,0.00000002,0.00000000000216652,7895024,2019-08-14 00:42:19,BTC,1.81986075,0.0,0.00000002,BTC,756375.347368421,0.0,0.00186702,87
,[],2,[],2018-11-20 23:10:47,0.0,0,0,4862359,2018-11-20 23:10:47,,0.0,0.0,,,0.0,0.0,0.0,88
0,[],2,[],2019-01-20 23:31:45,0.0,0,0,6477083,2019-01-20 23:31:45,,0.0,0.0,0,,0.0,0.0,0.0,91
1,[],12,[],2019-07-29 19:37:20,363887.60323923,0.0000004,0.0000000000380056,7852681,2019-07-29 19:37:20,btc,434.49795557380435,0.0,0.0000004,btc,256704.51785259,0.005208319156,0.022326455808262,91
1,[],22,[],2019-07-29 19:39:29,50200.0,0.00000002,0.00000000000190028,7852682,2019-07-29 19:39:29,BTC,1.05335,0.0,0.00000002,"BTC,LTC",1839.95,1.836e-05,0.001804,91
0,[],17,[],2019-05-03 01:12:26,0.0,0,0,7559096,2019-05-03 01:12:26,btc,0.0,0.0,0,btc,0.0,0.0,0.0,91
0.00000000007812940000000001,[],4,[],2019-08-14 13:33:59,557004697.9453236,1.0938116000000002e-17,1.1641655621120002e-21,7896473,2019-08-14 13:33:59,ltc,11.470885563418621,0.0,0.00000014,ltc,203364297.9261232,0.0,6.366075431382877e-10,96
0,[],12,[],2019-08-14 13:34:00,0.0,0,0,7896474,2019-08-14 13:34:00,btc,47.489492395634365,0.0,0,btc,13200201.563436551,0.0,0.0,96
0,[],17,[],2019-05-03 01:12:32,0.0,0,0,7559100,2019-05-03 01:12:32,btc,0.0,0.0,0,btc,0.0,0.0,0.0,96
0,[],2,[],2019-01-20 23:23:55,0.0,0,0,6476914,2019-01-20 23:23:55,,0.0,0.0,0,,0.0,0.0,0.0,100
1,[],4,[],2019-08-14 13:36:01,140932.21818869,0.00001376,0.00000000146450432,7896475,2019-08-14 13:36:01,btc,7.637007911225546,0.0,0.00001376,btc,180119.86065241,0.70002007,0.636802127333373,100
1,[],22,[],2019-08-14 13:36:04,146000.0,0.00000002,0.00000000000212864,7896476,2019-08-14 13:36:04,BTC,26.50623849,0.0,0.00000002,BTC,10383.92,0.0,0.00162,101
1,[],27,[],2019-08-12 16:30:59,2050161.9,0.00000005,0.0000000000056921850000000005,7891762,2019-08-12 16:30:59,btc,261.32824567561846,0.0,0.00000005,btc,285690.80442935,0.0,0.060251537,105
1,[],12,[],2019-08-12 17:29:15,82119504.0,0.000000003,0.0000000000003422832,7891868,2019-08-12 17:29:15,btc,342090.02371141105,0.0,0.000000003,btc,116064332.02353828,0.003174081412,0.11150923900000001,105
1,[],27,[],2019-08-12 16:31:06,1.0,0.00000001,0.000000000001138437,7891764,2019-08-12 16:31:06,btc,0.0,0.0,0.00000001,"btc,eth",0.0,0.0,1e-08,112
0,[],22,[],2019-08-14 13:36:08,0.0,0,0,7896477,2019-08-14 13:36:08,,6.79500102,0.0,0,,3375892.0833333335,0.0,0.0,112
1,[],5,[],2019-07-06 00:19:31,0.0,0,0,7800761,2019-07-06 00:19:31,btc,0.0,0.0,0,btc,0.0,0.0,0.0,112
1,[],4,[],2019-08-14 13:36:09,634346.69724358,0.00000068,0.00000000007237376,7896478,2019-08-14 13:36:09,btc,5.448135702606448,0.0,0.00000068,btc,1512296.70000679,0.19608854,0.2278823746155691,113
1,[],5,[],2019-07-06 00:19:43,0.0,0,0,7800765,2019-07-06 00:19:43,btc,0.0,0.0,0,btc,0.0,0.0,0.0,113
1,[],17,[],2019-04-26 02:17:47,162738.278,0.00000004,0.0000000000021069000000000002,7461287,2019-04-26 02:17:47,btc,1.3331140273775473,0.0,0.00000004,btc,51796.221,0.0,0.00230953112,116
1,[],27,[],2019-08-02 18:48:59,95525.16595526,0.00000001,0.000000000001045936,7866367,2019-08-02 18:48:59,btc,3918.96487209,0.0,0.00000001,btc,88497.69,0.0,0.0009552516595526,116
1,[],4,[],2019-07-18 16:30:54,1315571.55655546,0.00000231,0.000000000240609138,7830151,2019-07-18 16:30:54,btc,97.45214423295644,0.0,0.00000231,btc,453338.25653217,0.02253203,0.1939949889478389,120
1,[],7,[],2019-07-18 16:30:55,3748.91566159,0.0000075000000000000001900064307280846520598061033524572849273681640625,0.0000000007811985,7830152,2019-07-18 16:30:55,btc,231231.56046533308,193.90926286,0.0000075000000000000001900064307280846520598061033524572849273681640625,btc,4437.92755754,0.00147798,0.008882383768671,120
1,[],4,[],2019-08-14 13:38:10,928428.28645315,0.00000302,0.00000000032142464,7896479,2019-08-14 13:38:10,btc,2.913944396162585,0.0,0.00000302,btc,349964.80965357,0.17158933,0.1905258843886884,131
0,[],2,[],2019-01-20 23:25:46,0.0,0,0,6476969,2019-01-20 23:25:46,,0.0,0.0,0,,0.0,0.0,0.0,131
1,[],17,[],2019-05-03 01:13:10,10000.0,0.00000001,0.000000000000548003,7559115,2019-05-03 01:13:10,btc,0.0953976503951408,0.0,0.00000001,btc,5037.62507334,0.0,0.0001,131
1,[],4,[],2019-08-14 13:40:11,8558.86788301,0.00005583,0.00000000594209856,7896480,2019-08-14 13:40:11,btc,0.2923741873745871,0.0,0.00005583,btc,234.13941042,0.0,0.0034430417266401,135
1,[],3,[],2019-07-13 16:51:20,187.26592867,0.00000001,0.000000000001140965,7813490,2019-07-13 16:51:20,btc,419.77407087449336,1935513.62324,0.00000001,btc,3179086.72005867,0.0,1.8726592866999999e-06,136
1,[],4,[],2019-08-14 13:40:12,828193.60045104,0.00000403,0.00000000042892096000000004,7896481,2019-08-14 13:40:12,btc,24.01448750521867,0.0,0.00000403,btc,496899.78639109,0.20012166,1.7623108803444243,137
1,[],12,[],2019-08-14 13:40:13,213873.15667031,0.0000040699999999999999958193164228958949024672619998455047607421875,0.00000000043317824,7896482,2019-08-14 13:40:13,btc,39.89899335375646,0.0,0.0000040699999999999999958193164228958949024672619998455047607421875,btc,55993.58533501,0.002307041351,0.0377519379999168,137
1,[],4,[],2019-08-14 13:40:14,1307928.1308072,0.00004005,0.0000000042626016,7896483,2019-08-14 13:40:14,btc,12.620510962624524,0.0,0.00004005,btc,126050.62086948,0.75578771,2.255811346373363,142
1,[],20,[],2019-08-14 13:42:16,110262.8949,0.000037781,0.000000004021107392,7896484,2019-08-14 13:42:16,btc,1.2785349133217,30.299,0.000037781,btc,3124.0813,0.00113850621,0.0204984909119,142
1,[],22,[],2019-08-14 13:42:19,10619.88,0.00000200,0.000000000212864,7896485,2019-08-14 13:42:19,BTC,1.55898515,0.0,0.00000200,BTC,835.8398331062671,0.0,0.00416696,142
0.0,[],25,[],2019-08-14 13:42:21,0.0,0,0,7896486,2019-08-14 13:42:21,,0.0,0.0,0.0,btc,0.0,0.0,0.0,142
1,[],28,[],2019-08-14 13:42:38,10093636.0,0.000035010000,0.00000000372618432,7896487,2019-08-14 13:42:38,btc,0.51474502,3143.0,0.000035010000,btc,2808.485,0.0,1.39650526,142
1,[],17,[],2019-05-03 01:13:16,32967.38636364,0.00000088,0.000000000048224264,7559122,2019-05-03 01:13:16,btc,20.06976206696776,0.0,0.00000088,btc,2746.079105,0.0,0.0105613000000032,142
1,[],5,[],2019-07-06 02:06:10,0.0,0,0,7800822,2019-07-06 02:06:10,btc,0.0,0.00140707,0,btc,0.0,0.0,0.0,142
0,[],22,[],2019-08-14 13:42:40,0.0,0,0,7896488,2019-08-14 13:42:40,,68.14027224,0.0,0,,718000153.5744588,0.0,0.0,143
0,[],22,[],2019-02-25 15:42:22,0.0,0,0,6783783,2019-02-25 15:42:22,,4.2131946,0.0,0,,2322156.0,0.0,0.0,146
,[],22,[],2018-11-20 23:01:11,0.0,0,0,4862114,2018-11-20 23:01:11,,2.56807021,0.0,,,61828.4988236,0.0,0.0,147
1,[],12,[],2019-04-21 06:38:04,193091.5971266,0.00000071,0.000000000037635183,7388679,2019-04-21 06:38:04,btc,2.301232411611175,0.0,0.00000071,btc,9957.48302385,0.00023528,0.0313308199999888,148
1,[],5,[],2019-04-26 09:36:59,0.0,0,0,7465040,2019-04-26 09:36:59,btc,0.0,0.0,0,btc,0.0,0.0,0.0,153
0,[],23,[],2019-01-20 23:24:29,0.0,0,0,6476932,2019-01-20 23:24:29,,0.0,0.0,0,,0.0,0.0,0.0,156
0,[],22,[],2019-08-14 13:42:43,0.0,0,0,7896489,2019-08-14 13:42:43,,6.78813965,0.0,0,,4560228.592592592,0.0,0.0,156
1,[],22,[],2019-08-03 17:00:24,6996.0,0.00000001,0.000000000001078598,7868327,2019-08-03 17:00:24,BTC,1.7543039,0.0,0.00000001,BTC,57.0,0.0,6.996e-05,157
0,[],22,[],2019-07-23 20:07:56,0.0,0,0,7830260,2019-07-23 20:07:56,,50234.60468402,0.0,0,,54786159.03179465,0.0,0.0,158
,[],17,[],2018-11-20 22:56:10,0.0,0,0,4861976,2018-11-20 22:56:10,btc,1.1265625,0.0,,btc,1000.0,0.0,0.0,159
,[],20,[],2018-11-20 22:56:12,0.0,0,0,4861977,2018-11-20 22:56:12,btc,11912.7940471,0.0,,btc,34413894.3617,0.0,0.0,159
1,[],22,[],2019-08-14 13:42:48,59028.0,0.00000001,0.00000000000106432,7896490,2019-08-14 13:42:48,BTC,12.83785151,0.0,0.00000001,"BTC,LTC",190182.34947371835,8e-07,0.00101028,171
1,[],22,[],2019-07-30 10:12:34,339113.0,0.00000001,0.00000000000094793,7854865,2019-07-30 10:12:34,BTC,21.25940355,0.0,0.00000001,"BTC,LTC",1435750.3536050986,0.00010646,0.01335315,173
1,[],5,[],2019-07-06 02:08:45,0.0,0,0,7800830,2019-07-06 02:08:45,btc,0.0,0.00700197,0,btc,0.0,0.0,0.0,175
1,[],22,[],2019-07-25 12:34:58,8535.0,0.00000001,0.000000000001008706,7836984,2019-07-25 12:34:58,BTC,393.97654772,0.0,0.00000001,BTC,136275.61833431243,1.465e-05,8.535e-05,176
1,[],7,[],2019-07-01 10:15:32,0.0,0,0,7783526,2019-07-01 10:15:32,btc,521516.2326888725,0.0,0,btc,26809253.73522063,0.0,0.0,178
0,[],22,[],2019-08-14 13:43:02,0.0,0,0,7896491,2019-08-14 13:43:02,,1.00255534,0.0,0,,112828.0,0.0,0.0,178
0,[],2,[],2019-01-20 23:28:34,0.0,0,0,6477001,2019-01-20 23:28:34,,0.0,0.0,0,,0.0,0.0,0.0,178
1,[],5,[],2019-07-06 02:08:50,0.0,0,0,7800832,2019-07-06 02:08:50,btc,0.0,6.904e-05,0,btc,0.0,0.0,0.0,179
0,[],23,[],2019-01-20 23:25:08,0.0,0,0,6476952,2019-01-20 23:25:08,,0.0,0.0,0,,0.0,0.0,0.0,179
0,[],22,[],2019-08-14 13:43:06,0.0,0,0,7896492,2019-08-14 13:43:06,,10.33298658,0.0,0,,14829644.231946677,0.0,0.0,179
1,[],22,[],2019-08-14 13:45:10,775878.18432282,0.00000051,0.00000000005428032,7896493,2019-08-14 13:45:10,BTC,2.96809302,0.0,0.00000051,"BTC,LTC",248481.59096771595,0.00539632,0.61555445,180
1,[],26,[],2019-08-14 13:45:11,0.0,0,0,7896494,2019-08-14 13:45:11,,0.0,0.0,0,,0.0,0.0,0.0,180
1,[],17,[],2019-05-03 01:13:56,20504.725000000002,0.0000001,0.00000000000548003,7559141,2019-05-03 01:13:56,btc,5.2010695838400265,0.0,0.0000001,btc,5033.45945,0.0,0.0011504725,180
,[],7,[],2018-11-20 22:58:01,562227.975654,0.00000085,0.000000000036176765,4862015,2018-11-20 22:58:01,btc,21836.6059674,2491.87645172,,btc,749999.041456,0.00211021,0.127565380455,183
,[],5,[],2019-01-10 08:11:41,0.0,0,0,6347036,2019-01-10 08:11:41,btc,82.15055501,0.00261,,btc,1.19002445,0.0,0.0,187
,[],17,[],2018-11-16 20:58:10,4062536.27273,0.00000001,0.000000000000550501,4708775,2018-11-16 20:58:10,btc,3.36492563466,0.195460381006,,"btc,eth",110697919.549,0.0,0.0157628953496,187
1,[],24,[],2019-05-22 21:04:52,0.0,0.000000000014,0.0000000000000010960978,7670219,2019-05-22 21:04:52,btc,0.0,0.0,0.000000000014,btc,0.0,0.0,0.0,187
0,[],23,[],2019-01-20 23:31:41,0.0,0,0,6477079,2019-01-20 23:31:41,,0.0,0.0,0,,0.0,0.0,0.0,199
0,[],22,[],2019-08-10 07:36:22,0.0,0,0,7886036,2019-08-10 07:36:22,,12.82588123,0.0,0,,106829450.5,0.0,0.0,199
1,[],26,[],2019-08-10 07:36:23,0.0,0,0,7886037,2019-08-10 07:36:23,,0.0,0.0,0,,0.0,0.0,0.0,199
1,[],4,[],2019-01-25 15:51:35,2084389.58565343,0.00000936,0.000000000333526752,6499557,2019-01-25 15:51:35,btc,2.0092503037378524,0.0,0.00000936,btc,160195.80207885,0.19272417,1.242687955921835,211
1,[],7,[],2019-07-01 02:21:28,1170054124.6898527,0.00000018,0.000000000019815389999999997,7782694,2019-07-01 02:21:28,btc,1346735.6331920293,0.0,0.00000018,btc,5516233.71348162,0.0,11.954344045954047,212
0,[],22,[],2019-08-14 00:55:08,0.0,0,0,7895047,2019-08-14 00:55:08,,9.54552254,0.0,0,,3658585.214064925,0.0,0.0,216
1,[],27,[],2019-08-12 16:37:52,320029.088,0.00000001,0.000000000001138437,7891783,2019-08-12 16:37:52,btc,176.0318120012664,0.0,0.00000001,"btc,ltc",485496.05456794,0.0,0.00320029088,216
1,[],22,[],2019-08-14 13:45:17,750208.3099547512,0.00000017,0.00000000001809344,7896495,2019-08-14 13:45:17,BTC,12055.78333298,0.0,0.00000017,BTC,505281.67681702506,0.00466612,0.05715425,217
0,[],22,[],2019-07-23 20:11:38,0.0,0,0,7830275,2019-07-23 20:11:38,,57.73116496,0.0,0,,182427.70709740353,0.0,0.0,221
1,[],24,[],2019-07-23 20:11:38,0.0,0.000000010000,0.0000000000010165440000000001,7830276,2019-07-23 20:11:38,btc,0.0,0.0,0.000000010000,btc,0.0,0.0,0.0,221
1,[],26,[],2019-08-14 13:45:18,0.0,0,0,7896496,2019-08-14 13:45:18,,0.0,0.0,0,,0.0,0.0,0.0,231
0.0000000001859265,[],27,[],2019-08-12 16:38:10,100.0,1.859265e-18,2.1166560688050002e-22,7891787,2019-08-12 16:38:10,eth,0.0,0.0,0.00000001,"btc,eth",0.0,0.0,1.8592649999999999e-16,234
1,[],26,[],2019-08-14 13:45:18,0.0,0,0,7896497,2019-08-14 13:45:18,,0.0,0.0,0,,0.0,0.0,0.0,234
1,[],5,[],2019-07-06 02:11:21,0.0,0,0,7800842,2019-07-06 02:11:21,btc,0.0,0.10652887,0,btc,0.0,0.0,0.0,237
1,[],20,[],2019-08-14 13:45:20,94364319.2217,0.000000042,0.000000000004470144,7896498,2019-08-14 13:45:20,btc,514.8905810266609,331973.5964,0.000000042,btc,30393752.2718,0.0139313623414,0.5011780323631,237
1,[],22,[],2019-08-14 13:45:25,1839335.0,0.00000001,0.00000000000106432,7896499,2019-08-14 13:45:25,BTC,1.20371953,0.0,0.00000001,"BTC,LTC",40634.04871794872,0.0,0.01839335,237
1,[],4,[],2019-08-14 00:55:22,27149205.05762596,0.00000006,0.000000000006499560000000001,7895053,2019-08-14 00:55:22,btc,2.3465938024647572,0.0,0.00000006,btc,15807142.16443314,0.10149135,0.508111430779608,238
1,[],5,[],2019-07-06 02:11:32,0.0,0,0,7800846,2019-07-06 02:11:32,btc,0.0,0.05525444,0,btc,0.0,0.0,0.0,238
0.0000000000932996,[],22,[],2019-07-27 07:06:26,419253.0,9.32996e-19,9.392106863560001e-23,7844096,2019-07-27 07:06:26,LTC,0.40427224,0.0,0.00000001,LTC,496363.0639027493,0.0,0.00419253,249
0,[],22,[],2019-08-14 13:45:29,0.0,0,0,7896500,2019-08-14 13:45:29,,13.4488406,0.0,0,,43819581.3426455,0.0,0.0,252
1,[],28,[],2019-08-14 13:45:42,1713552.142,0.00000006,0.00000000000638592,7896501,2019-08-14 13:45:42,btc,4.761298858831,772697.745,0.00000006,btc,2799469.6152,0.0,0.05650023852,256
0.0000000000916764,[],22,[],2019-07-23 20:12:22,1517.0,9.16764e-19,9.31930943616e-23,7830286,2019-07-23 20:12:22,LTC,31474.63788373,0.0,0.00000001,LTC,1024398.9185893413,0.0,1.517e-05,258
1,[],5,[],2019-07-02 14:44:15,0.0,0,0,7788374,2019-07-02 14:44:15,btc,0.0,0.02775788,0,btc,0.0,0.0,0.0,264
1,[],20,[],2019-08-14 13:45:44,981656.1735,0.000000162,0.000000000017241984,7896502,2019-08-14 13:45:44,btc,0.5327909195914,5236.7234,0.000000162,btc,97386.0538,0.0012358667224,0.0067102398966,264
0,[],22,[],2019-08-02 08:30:30,0.0,0,0,7864931,2019-08-02 08:30:30,,33050469.74148113,0.0,0,,14261527780.7,0.0,0.0,272
0.000000000000002773,[],28,[],2019-08-02 08:30:43,278867627739.875,2.7729999999999996e-22,2.916544345e-26,7864932,2019-08-02 08:30:43,doge,159824360004.7329,12824464087.9992,0.0000001,doge,107241022165.435,0.0,5.073096663009221e-11,272
1,[],22,[],2019-07-23 20:12:52,672850.9,0.00000002,0.0000000000020330880000000002,7830290,2019-07-23 20:12:52,BTC,26.73750817,0.0,0.00000002,"BTC,LTC",1207871.5684827343,0.0004207,0.01909618,286
