pairValue,buyBook,exchangeId,sellBook,updated,buyTotal,satoshiPrice,usdPrice,exchangeLogId,created,bestPair,sellTotalBtc,volume,pairPrice,activePairs,sellTotal,volumeBtc,buyTotalBtc,coinId
1,[],3,[],2019-08-21 18:06:01,963.315554239255,0.008000000000000000166533453693773481063544750213623046875,0.0000008105600000000001,7922755,2019-08-21 18:06:01,btc,9.379877238781862,2.6633833321,0.008000000000000000166533453693773481063544750213623046875,btc,40.349898554699,0.0,0.28548774591116055,1
1,[],4,[],2019-08-21 18:06:02,25031.74842974,0.00798000,0.0000008085336,7922756,2019-08-21 18:06:02,btc,12.856462599496522,0.0,0.00798000,btc,588.95522492,0.46060747,0.9950240867478951,1
1,[],12,[],2019-08-21 18:06:07,190.24255488,0.00796999999999999965416552782926373765803873538970947265625,0.0000008075204,7922757,2019-08-21 18:06:07,btc,0.8227692181314,0.0,0.00796999999999999965416552782926373765803873538970947265625,btc,93.99448464,0.811330328951,0.1986721070193,1
1,[],20,[],2019-08-21 18:06:09,932.4476,0.00790486,0.0000008009204152,7922758,2019-08-21 18:06:09,btc,0.2358447273887,0.3719,0.00790486,btc,20.1976,0.003105361281,0.1305768918414,1
1,[],21,[],2019-08-21 18:06:10,2259.57461897,0.008010470000000000437290204047,0.0000008116208204000001,7922759,2019-08-21 18:06:10,btc,18.90186047956724,837.40955321,0.00801047000000000043729020404725815751589834690093994140625,"btc,eth",2858.65806683,6.426255972641731,14.849094397489472,1
1,[],22,[],2019-08-21 18:06:14,0.5198816666666667,0.00600000,0.0000006079200000000001,7922760,2019-08-21 18:06:14,BTC,0.01700334,0.0,0.00600000,BTC,0.283670650841137,0.0,0.00302178,1
1,[],24,[],2019-08-21 18:06:14,0.0,0.000000000000,0,7922761,2019-08-21 18:06:14,btc,0.0,0.0,0.000000000000,btc,0.0,0.0,0.0,1
0.0,[],25,[],2019-08-21 18:06:20,0.0,0,0,7922762,2019-08-21 18:06:20,btc,49.47709999865448,12737.70470934,0.0,btc,5970.52522815,103.1442,0.0,1
1,[],26,[],2019-08-21 18:06:25,0.0,0,0,7922763,2019-08-21 18:06:25,,0.0,0.0,0,,0.0,0.0,0.0,1
0,[],28,[],2019-08-21 18:08:26,0.0,0,0,7922764,2019-08-21 18:08:26,,0.0,0.0,0,,0.0,0.0,0.0,1
1,[],10,[],2019-07-13 08:58:05,251434.9725798,0.00271069,0.00000031407274150500003,7812232,2019-07-13 08:58:05,btc,6515.317158446701,1686.04548878,0.00271069,btc,2002.66956917,0.0,1.2639712180673435,1
1,[],5,[],2019-07-06 00:27:44,0.0,0,0,7800775,2019-07-06 00:27:44,btc,0.0,0.00190933,0,btc,0.0,0.0,0.0,1
0,[],2,[],2019-01-20 23:28:45,0.0,0,0,6477011,2019-01-20 23:28:45,,0.0,0.0,0,,0.0,0.0,0.0,1
0,[],22,[],2019-08-21 18:08:29,0.0,0,0,7922765,2019-08-21 18:08:29,,0.0,0.0,0,,0.0,0.0,0.0,2
1,[],5,[],2019-07-06 00:28:14,0.0,0,0,7800785,2019-07-06 00:28:14,btc,0.0,0.00208797,0,btc,0.0,0.0,0.0,2
1,[],12,[],2019-08-21 18:08:31,4251286.01970825,0.000000058,0.0000000000058765600000000006,7922766,2019-08-21 18:08:31,btc,43032.994711325526,0.0,0.000000058,btc,9364186.09045011,0.179141956794,0.15771564177968173,3
0,[],28,[],2019-08-21 18:08:33,0.0,0,0,7922767,2019-08-21 18:08:33,,0.0,0.0,0,,0.0,0.0,0.0,3
1,[],5,[],2019-06-03 14:48:58,0.0,0,0,7731126,2019-06-03 14:48:58,btc,0.0,0.05905545,0,btc,0.0,0.0,0.0,3
0,[],2,[],2019-01-20 23:31:32,0.0,0,0,6477077,2019-01-20 23:31:32,,0.0,0.0,0,,0.0,0.0,0.0,4
1,[],4,[],2019-08-19 07:13:39,5576051.9095195,0.00000012,0.000000000012681852,7911861,2019-08-19 07:13:39,btc,25.86361324985451,0.0,0.00000012,btc,1094878.27526979,0.00024951,0.0793524101309535,4
0,[],2,[],2019-01-20 23:31:51,0.0,0,0,6477087,2019-01-20 23:31:51,,0.0,0.0,0,,0.0,0.0,0.0,6
1,[],11,[],2019-08-15 15:27:29,324074.0,0.00000001,0.0000000000010065590000000001,7900084,2019-08-15 15:27:29,btc,9583.47119397936,4910218.0,0.00000001,btc,78345418.50750598,0.0,0.00324074,6
1,[],3,[],2019-08-21 18:08:35,11407.152266603402,0.000069099999999999999096556013711278865230269730091094970703125,0.000000007001212,7922768,2019-08-21 18:08:35,btc,1026.3028076623125,0.0,0.000069099999999999999096556013711278865230269730091094970703125,btc,439.414759279976,0.0,0.019847798600593002,7
1,[],4,[],2019-08-21 18:08:36,42403.38032356,0.00008035,0.000000008141062,7922769,2019-08-21 18:08:36,btc,12.161328089089285,0.0,0.00008035,btc,71354.22681304,1.09104567,1.72437954408538,7
1,[],5,[],2019-07-06 00:28:21,0.0,0,0,7800789,2019-07-06 00:28:21,btc,0.0,0.38662001,0,btc,0.0,0.0,0.0,7
1,[],5,[],2019-07-05 17:50:59,0.0,0,0,7799863,2019-07-05 17:50:59,btc,0.0,0.04857279,0,btc,0.0,0.0,0.0,12
1,[],4,[],2019-08-21 18:08:37,23498928.64180532,0.00000021,0.0000000000212772,7922770,2019-08-21 18:08:37,btc,5.871077054085838,0.0,0.00000021,btc,11516220.70598124,0.34890696,1.6302080622649031,12
0.0,[],25,[],2019-08-21 18:08:39,0.0,0,0,7922771,2019-08-21 18:08:39,,0.0,0.0,0.0,btc,0.0,0.0,0.0,12
0,[],2,[],2019-01-20 23:23:08,0.0,0,0,6476890,2019-01-20 23:23:08,,0.0,0.0,0,,0.0,0.0,0.0,12
1,[],10,[],2019-08-21 15:15:43,781673.25099098,0.0000012,0.00000000012078,7922484,2019-08-21 15:15:43,btc,666797.3188811581,16695.0209303,0.0000012,btc,1006872.03169482,0.0,0.0799065307414843,13
1,[],4,[],2019-08-21 18:08:40,966708.80264489,0.00000114,0.00000000011550480000000001,7922772,2019-08-21 18:08:40,btc,3.395276368151614,0.0,0.00000114,btc,905643.74881368,0.1901419,0.3041987131400144,13
1,[],21,[],2019-08-21 18:08:45,5036428.47505706,0.000001159999999999999905156162355,0.0000000001175312,7922773,2019-08-21 18:08:45,btc,4.0838968003303755,380215.20480438,0.0000011599999999999999051561623553130431218960438854992389678955078125,btc,2303386.92754094,0.4656979,1.324571061786867,13
1,[],4,[],2019-08-21 18:08:46,1230439.09546713,0.00000075,0.00000000007599,7922774,2019-08-21 18:08:46,btc,2.582885642736617,0.0,0.00000075,btc,869557.6429223,0.05935548,0.1786564097893977,14
1,[],12,[],2019-08-21 18:08:48,214016.81250792,0.00000077,0.00000000007801640000000001,7922775,2019-08-21 18:08:48,btc,181.9833214014039,0.0,0.00000077,btc,31599.5760854,0.000260335621,0.018267704626412598,14
0,[],17,[],2019-08-21 18:08:50,0.0,0,0,7922776,2019-08-21 18:08:50,btc,0.0,0.0,0,btc,0.0,0.0,0.0,14
1,[],26,[],2019-08-21 18:08:50,0.0,0,0,7922777,2019-08-21 18:08:50,,0.0,0.0,0,,0.0,0.0,0.0,14
0,[],4,[],2019-08-21 18:08:51,0.0,0,0,7922778,2019-08-21 18:08:51,,0.0,0.0,0,,0.0,0.0,0.0,15
,[],12,[],2018-12-01 15:15:48,204241.84496,0.00000489,0.000000000202473384,5260204,2018-12-01 15:15:48,btc,49.5475654835,0.0,,btc,35763.2193806,0.0163153972027625,0.0203389899998,15
1,[],4,[],2019-08-21 18:08:53,33656.415064,0.00000700,0.00000000070924,7922779,2019-08-21 18:08:53,btc,2.4338968825585994,0.0,0.00000700,btc,23735.78365775,0.01587494,0.0387078668036479,18
1,[],10,[],2019-08-21 18:08:56,398321.92219733,0.00000701,0.0000000007102532,7922780,2019-08-21 18:08:56,btc,14.91050531412633,3155.72772721,0.00000701,btc,14031.11329039,0.0,0.2707388067233977,18
1,[],12,[],2019-08-21 18:08:56,4851.71968406,0.0000073000000000000004108150451764824850897639407776296138763427734375,0.000000000739636,7922781,2019-08-21 18:08:56,btc,0.5657358247587232,0.0,0.0000073000000000000004108150451764824850897639407776296138763427734375,btc,1901.90897517,6.1715e-07,0.0123791987396157,18
0,[],17,[],2019-08-21 18:08:58,0.0,0,0,7922782,2019-08-21 18:08:58,btc,0.0,0.0,0,btc,0.0,0.0,0.0,18
0,[],2,[],2019-01-20 23:23:38,0.0,0,0,6476906,2019-01-20 23:23:38,,0.0,0.0,0,,0.0,0.0,0.0,18
1,[],3,[],2019-08-21 18:08:58,214211.8161895879,0.000005309999999999999982058622449709872626044671051204204559326171875,0.0000000005380092,7922783,2019-08-21 18:08:58,btc,190.65844995458448,1908.46074576,0.000005309999999999999982058622449709872626044671051204204559326171875,btc,55795.86123554735,0.0,0.3555298185997201,19
1,[],4,[],2019-08-21 18:08:59,561140.65998605,0.00000524,0.0000000005309168,7922784,2019-08-21 18:08:59,btc,3.072208837718562,0.0,0.00000524,btc,270767.58007979,0.07851452,1.5172619992504304,19
1,[],12,[],2019-08-21 18:09:00,130058.56939991,0.0000055500000000000002253080534642126764310887665487825870513916015625,0.000000000562326,7922785,2019-08-21 18:09:00,btc,0.3382496521786768,0.0,0.0000055500000000000002253080534642126764310887665487825870513916015625,btc,3306.8622266,0.000278628052,0.019289929999848802,19
0,[],27,[],2019-08-12 16:48:42,0.0,0,0,7891818,2019-08-12 16:48:42,,0.0,0.0,0,btc,0.0,0.0,0.0,19
0,[],2,[],2019-01-20 23:24:19,0.0,0,0,6476924,2019-01-20 23:24:19,,0.0,0.0,0,,0.0,0.0,0.0,19
1,[],5,[],2019-07-06 02:01:19,0.0,0,0,7800799,2019-07-06 02:01:19,btc,0.0,0.0,0,btc,0.0,0.0,0.0,19
1,[],4,[],2019-08-19 09:56:57,10479102.32813501,0.00000006,0.00000000000640596,7912317,2019-08-19 09:56:57,btc,4.984292824562718,0.0,0.00000006,btc,2305413.8842246,0.0,0.1263090499480169,20
0,[],4,[],2019-08-21 18:09:02,0.0,0,0,7922786,2019-08-21 18:09:02,,58251.779984512825,0.0,0,,172988063.31614378,0.0,0.0,21
0,[],12,[],2019-08-21 18:09:03,0.0,0,0,7922787,2019-08-21 18:09:03,btc,2617.972049630909,0.0,0,btc,8226239.88911087,0.0,0.0,21
0,[],17,[],2019-08-21 18:09:05,0.0,0,0,7922788,2019-08-21 18:09:05,btc,0.0,0.0,0,btc,0.0,0.0,0.0,21
0.0000000002204393,[],27,[],2019-07-29 17:24:02,79794022.5,8.5971327e-17,8.21370058158e-21,7852364,2019-07-29 17:24:02,eth,1253.5830452782222,787155.0,0.00000039,eth,2317982.66147653,6.7672759904685e-11,2.1948587434632156e-09,23
1,[],12,[],2019-08-21 18:09:06,5821862757.509668,0.0000000018,0.00000000000018237600000000001,7922789,2019-08-21 18:09:06,btc,167285693957.5899,0.0,0.0000000018,btc,1795159510.467489,0.283948933387,4.895020884108569,23
1,[],4,[],2019-08-21 18:09:07,6105292.69923942,0.00000035,0.000000000035462000000000004,7922790,2019-08-21 18:09:07,btc,4.500805489487201,0.0,0.00000035,btc,1664904.38420877,0.03762045,0.1995564918800089,24
0,[],22,[],2019-08-21 18:09:10,0.0,0,0,7922791,2019-08-21 18:09:10,,0.0,0.0,0,,0.0,0.0,0.0,24
0.0,[],25,[],2019-08-21 18:09:12,0.0,0,0,7922792,2019-08-21 18:09:12,,0.0,0.0,0.0,btc,0.0,0.0,0.0,24
1,[],4,[],2019-08-21 18:09:14,26964499.38305808,0.00000350,0.00000000035462,7922793,2019-08-21 18:09:14,btc,4.433442715093421,0.0,0.00000350,btc,215126.87653103,0.05705386,0.4649111599226423,26
1,[],10,[],2019-08-21 18:09:18,222055.91583786,0.00000386,0.00000000039109520000000005,7922794,2019-08-21 18:09:18,btc,25.7097523544266,6875.76800272,0.00000386,btc,18672.5174904,0.0,0.0368686374277941,26
0,[],2,[],2019-01-20 23:25:56,0.0,0,0,6476976,2019-01-20 23:25:56,,0.0,0.0,0,,0.0,0.0,0.0,26
0.00000000007219,[],4,[],2019-08-21 18:09:18,820520433.5417295,5.26987e-17,5.339432284e-21,7922795,2019-08-21 18:09:18,ltc,12.371678140879462,0.0,0.00000073,ltc,986168592.8596365,0.00013101,7.3974271721511925e-09,29
1,[],7,[],2019-08-21 18:09:19,0.0,0,0,7922796,2019-08-21 18:09:19,btc,1236880.8088493831,0.0,0,btc,61714851.72113844,0.0,0.0,29
1,[],4,[],2019-08-21 18:09:20,15036556.83756628,0.00000007,0.0000000000070924,7922797,2019-08-21 18:09:20,btc,2.6080203473237753,0.0,0.00000007,btc,2006655.85044338,0.0,0.1720253123988888,30
0,[],17,[],2019-08-21 18:09:21,0.0,0,0,7922798,2019-08-21 18:09:21,btc,0.0,0.0,0,btc,0.0,0.0,0.0,30
1,[],4,[],2019-08-21 18:09:22,214435.73019883,0.00002737,0.0000000027731284000000002,7922799,2019-08-21 18:09:22,btc,2.1962362648844826,0.0,0.00002737,btc,47756.15684666,0.25076221,0.5373858304479059,31
1,[],21,[],2019-08-21 18:09:23,6289390.62969443,0.00002845999999999999856390049680,0.0000000028835671999999997,7922800,2019-08-21 18:09:23,btc,5.878509406160281,40606.68421676,0.00002845999999999999856390049679522036285561625845730304718017578125,btc,159314.24926362,1.15782795,5.347651790616627,31
0,[],2,[],2019-01-20 23:28:43,0.0,0,0,6477009,2019-01-20 23:28:43,,0.0,0.0,0,,0.0,0.0,0.0,32
0,[],4,[],2019-08-21 18:09:24,0.0,0,0,7922801,2019-08-21 18:09:24,,0.0,0.0,0,,0.0,0.0,0.0,33
1,[],12,[],2019-03-30 07:55:10,40641173.964,0.00000003,0.000000000001228359,7108785,2019-03-30 07:55:10,btc,4233210.82356125,0.0,0.00000003,btc,28378394.68333462,0.0126927883965248,0.90752895892,33
0.00000000007219,[],4,[],2019-08-21 18:09:25,36705672.90933994,3.03198e-17,3.072002136e-21,7922802,2019-08-21 18:09:25,ltc,6.046915463995469,0.0,0.00000042,ltc,163877309.11467034,0.0,4.150214050987383e-10,34
1,[],5,[],2019-07-06 02:03:46,0.0,0,0,7800811,2019-07-06 02:03:46,btc,0.0,0.0,0,btc,0.0,0.0,0.0,34
1,[],27,[],2019-08-12 16:26:17,6255.0,0.00000019,0.000000000021630303,7891745,2019-08-12 16:26:17,btc,22.61101824371233,0.0,0.00000019,btc,4198.924835,0.0,0.00091445,37
1,[],4,[],2019-08-21 18:09:26,10591963.31874748,0.00000014,0.0000000000141848,7922803,2019-08-21 18:09:26,btc,19774.37071919526,0.0,0.00000014,btc,2328619.58068623,0.00296664,0.1433456467641765,37
1,[],12,[],2019-08-21 18:09:26,8344988.04638432,0.00000015,0.000000000015198,7922804,2019-08-21 18:09:26,btc,1729.3459066798835,0.0,0.00000015,btc,2122102.43232482,0.021170175806,0.2808470348378377,37
1,[],17,[],2019-08-21 18:09:28,210000.45146899,0.00000025,0.000000000025329999999999998,7922805,2019-08-21 18:09:28,btc,0.003138923777095,0.0,0.00000025,"btc,eth",803.94918473,0.0,0.0001001128676145446,37
0,[],27,[],2019-08-12 16:26:27,0.0,0,0,7891747,2019-08-12 16:26:27,,0.001005,0.0,0,"btc,eth",3.0,0.0,0.0,42
1,[],12,[],2019-08-21 18:09:30,216697.89382809,0.0000010600000000000000155604695795119596368749625980854034423828125,0.0000000001073992,7922806,2019-08-21 18:09:30,btc,522.2365663027829,0.0,0.0000010600000000000000155604695795119596368749625980854034423828125,btc,151032.70207019,0.002611619942,0.0548045674759219,42
1,[],5,[],2019-07-06 02:03:47,0.0,0,0,7800812,2019-07-06 02:03:47,btc,0.0,0.14382058,0,btc,0.0,0.0,0.0,42
1,[],12,[],2019-03-13 09:13:29,1112112.0,0.00000001,0.000000000000386531,6919902,2019-03-13 09:13:29,btc,29058.00478931866,0.0,0.00000001,btc,5967681.93306694,9.99000999e-07,0.01112112,43
1,[],5,[],2019-04-26 22:38:52,0.0,0,0,7474154,2019-04-26 22:38:52,btc,0.0,0.02638891,0,btc,0.0,0.0,0.0,43
0,[],17,[],2019-04-26 22:38:53,0.0,0,0,7474155,2019-04-26 22:38:53,btc,0.0,0.0,0,btc,0.0,0.0,0.0,43
0.00000000007219,[],4,[],2019-08-21 18:09:32,107296754.99832761,7.43557e-17,7.533719524e-21,7922807,2019-08-21 18:09:32,ltc,1922.8516373239067,0.0,0.00000103,ltc,24921804.52998427,0.0,3.939693049538399e-10,49
0.00000000007219,[],4,[],2019-08-21 18:09:33,314826613.5647785,1.5881799999999998e-17,1.609143976e-21,7922808,2019-08-21 18:09:33,ltc,31188.649247231468,0.0,0.00000022,ltc,232127430.47930357,0.0,5.813833466215505e-10,52
0,[],27,[],2019-08-12 16:26:37,0.0,0,0,7891750,2019-08-12 16:26:37,,0.0,0.0,0,"btc,eth",0.0,0.0,0.0,57
0,[],22,[],2019-08-21 18:09:37,0.0,0,0,7922809,2019-08-21 18:09:37,,10290.05779686,0.0,0,,284696231.3316013,0.0,0.0,57
0.00000000007219,[],4,[],2019-08-21 18:09:37,1083848416.7552228,7.219e-19,7.3142908e-23,7922810,2019-08-21 18:09:37,ltc,19.78686043424388,0.0,0.00000001,ltc,5497257796.274327,0.0,7.824301720555954e-10,58
1,[],12,[],2019-08-21 18:09:38,1210746701.2145119,0.0000000001,0.000000000000010132000000000001,7922811,2019-08-21 18:09:38,btc,52870546.27253199,0.0,0.0000000001,btc,4396473366.662374,0.014168189945,0.12107467012145119,58
1,[],17,[],2019-08-21 18:09:40,1200000.0,0.0000000001,0.000000000000010132000000000001,7922812,2019-08-21 18:09:40,btc,1e+24,0.0,0.0000000001,"btc,eth",39506342.31952568,0.0,0.0001000000003670446,58
0.0000000000802293,[],22,[],2019-08-21 18:09:42,626877.0,8.022929999999999e-19,8.128832676e-23,7922813,2019-08-21 18:09:42,XMR,68.17454206,0.0,0.00000001,XMR,9626402.6,0.0,0.00626877,58
0,[],22,[],2019-08-21 18:09:46,0.0,0,0,7922814,2019-08-21 18:09:46,,1000.95212109,0.0,0,,9656.689066014545,0.0,0.0,61
1,[],26,[],2019-08-21 18:09:46,0.0,0,0,7922815,2019-08-21 18:09:46,,0.0,0.0,0,,0.0,0.0,0.0,61
0,[],28,[],2019-08-21 18:18:42,0.0,0,0,7922816,2019-08-21 18:18:42,,0.0,0.0,0,,0.0,0.0,0.0,61
0,[],27,[],2019-07-29 19:34:56,0.0,0,0,7852673,2019-07-29 19:34:56,,1.97314195,0.0,0,"btc,eth",10936.9,0.0,0.0,61
1,[],5,[],2019-06-17 14:31:27,0.0,0,0,7740135,2019-06-17 14:31:27,btc,0.0,0.00079154,0,btc,0.0,0.0,0.0,61
1,[],4,[],2019-08-21 18:18:44,1751629.41480686,0.00000076,0.0000000000770032,7922817,2019-08-21 18:18:44,btc,2.7279036311654594,0.0,0.00000076,btc,1166289.6300121,0.08298739,0.7933658278049887,67
0.0,[],25,[],2019-08-21 18:18:47,0.0,0,0,7922818,2019-08-21 18:18:47,,0.0,0.0,0.0,btc,0.0,0.0,0.0,67
1,[],12,[],2019-06-02 06:23:14,910048.355,0.00000006,0.000000000005154929999999999,7725270,2019-06-02 06:23:14,btc,5.167005424215783,0.0,0.00000006,btc,738530.60239759,0.003159757462,0.0187188113,71
,[],5,[],2018-11-20 23:02:39,1.5e-07,0.00000005,0.000000000002128045,4862160,2018-11-20 23:02:39,btc,2.84511358,0.0,,btc,0.00036572,0.0,0.07381892,74
1,[],5,[],2019-07-06 00:15:01,0.0,0,0,7800749,2019-07-06 00:15:01,btc,0.0,0.01883861,0,btc,0.0,0.0,0.0,75
1,[],4,[],2019-08-21 18:18:50,173484.33497097,0.00006636,0.0000000067235952,7922819,2019-08-21 18:18:50,btc,55.808188207184024,0.0,0.00006636,btc,113087.10916758,0.11108361,0.4846209831742004,82
1,[],21,[],2019-08-21 18:18:52,835601.73930127,0.00006546000000000000006595418656,0.0000000066324072,7922820,2019-08-21 18:18:52,btc,5.58372036397927,5374.09612647,0.000065460000000000000065954186556638205729541368782520294189453125,btc,64908.23937167,0.35516776,1.8031708421308874,82
0,[],4,[],2019-07-23 20:51:52,0.0,0,0,7830376,2019-07-23 20:51:52,,1.6413985531662756,0.0,0,,620289065.5915176,0.0,0.0,85
,[],22,[],2018-11-20 23:09:34,3408.1,0.0000001,0.0000000000041895,4862324,2018-11-20 23:09:34,BTC,0.04624735,0.0,,BTC,4990.0,0.0,0.00033081,86
1,[],27,[],2019-08-06 12:06:36,100155.0,0.00000003,0.000000000003516594,7875448,2019-08-06 12:06:36,btc,7.177196150774,345.0,0.00000003,btc,287406.89336,1.035e-05,0.00300465,87
1,[],22,[],2019-08-21 18:18:56,188880.0,0.00000002,0.0000000000020264,7922821,2019-08-21 18:18:56,BTC,1.8208034,0.0,0.00000002,BTC,775828.347368421,0.0,0.00192702,87
,[],2,[],2018-11-20 23:10:47,0.0,0,0,4862359,2018-11-20 23:10:47,,0.0,0.0,,,0.0,0.0,0.0,88
0,[],2,[],2019-01-20 23:31:45,0.0,0,0,6477083,2019-01-20 23:31:45,,0.0,0.0,0,,0.0,0.0,0.0,91
1,[],12,[],2019-08-21 08:36:52,425737.18747014,0.00000027,0.00000000002755863,7920587,2019-08-21 08:36:52,btc,589.0196553122464,0.0,0.00000027,btc,329461.8088511,0.000457377432,0.0207804367963476,91
0,[],17,[],2019-08-21 08:36:53,0.0,0,0,7920588,2019-08-21 08:36:53,btc,0.0,0.0,0,btc,0.0,0.0,0.0,91
1,[],22,[],2019-08-21 08:36:57,54200.0,0.00000003,0.00000000000306207,7920589,2019-08-21 08:36:57,BTC,1.05335,0.0,0.00000003,"BTC,LTC",1839.95,0.0,0.002326,91
0.00000000007219,[],4,[],2019-08-21 18:18:57,568133893.2826959,1.01066e-17,1.024000712e-21,7922822,2019-08-21 18:18:57,ltc,11.472990414480796,0.0,0.00000014,ltc,205669005.49579614,0.0,6.932289012581734e-10,96
0,[],12,[],2019-08-21 18:18:58,0.0,0,0,7922823,2019-08-21 18:18:58,btc,108.8732695656943,0.0,0,btc,11657510.56943056,0.0,0.0,96
0,[],17,[],2019-08-21 18:19:00,0.0,0,0,7922824,2019-08-21 18:19:00,btc,0.0,0.0,0,btc,0.0,0.0,0.0,96
0,[],2,[],2019-01-20 23:23:55,0.0,0,0,6476914,2019-01-20 23:23:55,,0.0,0.0,0,,0.0,0.0,0.0,100
1,[],4,[],2019-08-21 18:19:01,125234.31875763,0.00001322,0.0000000013394504,7922825,2019-08-21 18:19:01,btc,7.69909987688809,0.0,0.00001322,btc,192765.46941735,0.06845171,0.4196665857307208,100
1,[],22,[],2019-08-21 18:19:05,146000.0,0.00000002,0.0000000000020264,7922826,2019-08-21 18:19:05,BTC,26.50623849,0.0,0.00000002,BTC,10383.92,0.0,0.00162,101
1,[],27,[],2019-08-12 16:30:59,2050161.9,0.00000005,0.0000000000056921850000000005,7891762,2019-08-12 16:30:59,btc,261.32824567561846,0.0,0.00000005,btc,285690.80442935,0.0,0.060251537,105
1,[],12,[],2019-08-21 18:19:06,32763077.0,0.000000003,0.00000000000030396,7922827,2019-08-21 18:19:06,btc,339290.2367419291,0.0,0.000000003,btc,115043076.74103078,0.00819276174,0.042443306,105
1,[],27,[],2019-08-12 16:31:06,1.0,0.00000001,0.000000000001138437,7891764,2019-08-12 16:31:06,btc,0.0,0.0,0.00000001,"btc,eth",0.0,0.0,1e-08,112
0,[],22,[],2019-08-21 18:19:09,0.0,0,0,7922828,2019-08-21 18:19:09,,6.79499982,0.0,0,,3375772.0833333335,0.0,0.0,112
1,[],5,[],2019-07-06 00:19:31,0.0,0,0,7800761,2019-07-06 00:19:31,btc,0.0,0.0,0,btc,0.0,0.0,0.0,112
1,[],4,[],2019-08-21 18:19:10,393891.94770645,0.00000092,0.0000000000932144,7922829,2019-08-21 18:19:10,btc,5.9986895197386705,0.0,0.00000092,btc,951102.05928872,0.0286033,0.128262127128824,113
1,[],5,[],2019-07-06 00:19:43,0.0,0,0,7800765,2019-07-06 00:19:43,btc,0.0,0.0,0,btc,0.0,0.0,0.0,113
1,[],17,[],2019-08-21 18:19:12,210000.0,0.00000001,0.0000000000010132,7922830,2019-08-21 18:19:12,btc,1.3333529843626655,1.12e-06,0.00000001,btc,53382.73574154,0.0,0.0021,116
1,[],27,[],2019-08-02 18:48:59,95525.16595526,0.00000001,0.000000000001045936,7866367,2019-08-02 18:48:59,btc,3918.96487209,0.0,0.00000001,btc,88497.69,0.0,0.0009552516595526,116
1,[],4,[],2019-08-21 18:19:12,19376184.81582031,0.00000086,0.0000000000871352,7922831,2019-08-21 18:19:12,btc,126.90234943491355,0.0,0.00000086,btc,1295207.08110181,0.00403344,1.7924767018636927,120
1,[],7,[],2019-08-21 18:19:14,3473.39724494,0.00000743999999999999991743583616088386634146445430815219879150390625,0.0000000007538208,7922832,2019-08-21 18:19:14,btc,115616.30054995847,0.0,0.00000743999999999999991743583616088386634146445430815219879150390625,btc,3150.27387341,0.0,0.0085966428709416,120
1,[],4,[],2019-08-21 18:19:16,942094.72355537,0.00000275,0.00000000027863,7922833,2019-08-21 18:19:16,btc,2.413181341357467,0.0,0.00000275,btc,310094.4992717,0.03941339,0.1973354342005932,131
1,[],17,[],2019-08-21 18:19:18,10000.0,0.00000001,0.0000000000010132,7922834,2019-08-21 18:19:18,btc,0.0953976503951408,0.0,0.00000001,btc,5037.62507334,0.0,0.0001,131
0,[],2,[],2019-01-20 23:25:46,0.0,0,0,6476969,2019-01-20 23:25:46,,0.0,0.0,0,,0.0,0.0,0.0,131
1,[],4,[],2019-08-20 14:43:19,8549.6097675,0.00005121,0.0000000054409242329999995,7915998,2019-08-20 14:43:19,btc,0.2921428325204394,0.0,0.00005121,btc,235.83446249,0.0,0.0027602632940558,135
1,[],3,[],2019-07-13 16:51:20,187.26592867,0.00000001,0.000000000001140965,7813490,2019-07-13 16:51:20,btc,419.77407087449336,1935513.62324,0.00000001,btc,3179086.72005867,0.0,1.8726592866999999e-06,136
1,[],4,[],2019-08-21 18:19:19,823053.82531299,0.00000382,0.00000000038704240000000003,7922835,2019-08-21 18:19:19,btc,33.40116399402642,0.0,0.00000382,btc,524848.9577312,0.04423802,1.9281246123699598,137
1,[],12,[],2019-08-21 18:19:20,138972.98467577,0.00000375999999999999999925948991619240047157290973700582981109619140625,0.00000000038096320000000003,7922836,2019-08-21 18:19:20,btc,39.95320505915377,0.0,0.00000375999999999999999925948991619240047157290973700582981109619140625,btc,56859.94029573,7.26e-06,0.0136882795420932,137
1,[],4,[],2019-08-21 18:19:21,614744.79823267,0.00003373,0.0000000034175236,7922837,2019-08-21 18:19:21,btc,5.743608493943128,0.0,0.00003373,btc,103768.73518198,0.66937066,1.597953651967203,142
1,[],17,[],2019-08-21 18:19:22,32967.38636364,0.00000088,0.00000000008916160000000001,7922838,2019-08-21 18:19:22,btc,20.069762065596606,0.0,0.00000088,btc,2746.079105,0.0,0.0105613000000032,142
1,[],20,[],2019-08-21 18:19:24,110172.0903,0.000034,0.00000000344488,7922839,2019-08-21 18:19:24,btc,1.2645917327402,19.9,0.000034,btc,3210.2892,0.0006766,0.0159202468889,142
1,[],22,[],2019-08-21 18:19:28,10619.88,0.00000200,0.00000000020264,7922840,2019-08-21 18:19:28,BTC,1.55898515,0.0,0.00000200,BTC,835.8398331062671,0.0,0.00416696,142
0.0,[],25,[],2019-08-21 18:19:30,0.0,0,0,7922841,2019-08-21 18:19:30,,0.0,0.0,0.0,btc,0.0,0.0,0.0,142
0,[],28,[],2019-08-21 18:19:32,0.0,0,0,7922842,2019-08-21 18:19:32,,0.0,0.0,0,,0.0,0.0,0.0,142
1,[],5,[],2019-07-06 02:06:10,0.0,0,0,7800822,2019-07-06 02:06:10,btc,0.0,0.00140707,0,btc,0.0,0.0,0.0,142
0,[],22,[],2019-08-21 15:01:35,0.0,0,0,7922332,2019-08-21 15:01:35,,68.14027224,0.0,0,,718000153.5744588,0.0,0.0,143
0,[],22,[],2019-02-25 15:42:22,0.0,0,0,6783783,2019-02-25 15:42:22,,4.2131946,0.0,0,,2322156.0,0.0,0.0,146
,[],22,[],2018-11-20 23:01:11,0.0,0,0,4862114,2018-11-20 23:01:11,,2.56807021,0.0,,,61828.4988236,0.0,0.0,147
1,[],12,[],2019-04-21 06:38:04,193091.5971266,0.00000071,0.000000000037635183,7388679,2019-04-21 06:38:04,btc,2.301232411611175,0.0,0.00000071,btc,9957.48302385,0.00023528,0.0313308199999888,148
1,[],5,[],2019-04-26 09:36:59,0.0,0,0,7465040,2019-04-26 09:36:59,btc,0.0,0.0,0,btc,0.0,0.0,0.0,153
0,[],23,[],2019-01-20 23:24:29,0.0,0,0,6476932,2019-01-20 23:24:29,,0.0,0.0,0,,0.0,0.0,0.0,156
0,[],22,[],2019-08-21 18:19:35,0.0,0,0,7922843,2019-08-21 18:19:35,,6.78813965,0.0,0,,4560228.592592592,0.0,0.0,156
1,[],22,[],2019-08-21 18:19:38,6996.0,0.00000001,0.0000000000010132,7922844,2019-08-21 18:19:38,BTC,1.7547719,0.0,0.00000001,BTC,64.8,0.0,6.996e-05,157
0,[],22,[],2019-08-17 00:05:41,0.0,0,0,7905012,2019-08-17 00:05:41,,50234.60468402,0.0,0,,54786159.03179465,0.0,0.0,158
,[],17,[],2018-11-20 22:56:10,0.0,0,0,4861976,2018-11-20 22:56:10,btc,1.1265625,0.0,,btc,1000.0,0.0,0.0,159
,[],20,[],2018-11-20 22:56:12,0.0,0,0,4861977,2018-11-20 22:56:12,btc,11912.7940471,0.0,,btc,34413894.3617,0.0,0.0,159
1,[],22,[],2019-08-21 18:19:42,92548.0,0.00000001,0.0000000000010132,7922845,2019-08-21 18:19:42,BTC,12.8379022,0.0,0.00000001,"BTC,LTC",202164.1828070517,0.0,0.03674548,171
0.00000000007219,[],22,[],2019-08-21 18:19:45,144000.0,3.6095e-18,3.6571454e-22,7922846,2019-08-21 18:19:45,LTC,1.7468213,0.0,0.00000005,LTC,1318220.8536050986,0.0,0.00344,173
1,[],5,[],2019-07-06 02:08:45,0.0,0,0,7800830,2019-07-06 02:08:45,btc,0.0,0.00700197,0,btc,0.0,0.0,0.0,175
0,[],22,[],2019-08-19 04:17:22,0.0,0,0,7911532,2019-08-19 04:17:22,,393.97295672,0.0,0,,135375.61833431243,0.0,0.0,176
1,[],7,[],2019-07-01 10:15:32,0.0,0,0,7783526,2019-07-01 10:15:32,btc,521516.2326888725,0.0,0,btc,26809253.73522063,0.0,0.0,178
0,[],22,[],2019-08-21 18:19:50,0.0,0,0,7922847,2019-08-21 18:19:50,,1.00255534,0.0,0,,112828.0,0.0,0.0,178
0,[],2,[],2019-01-20 23:28:34,0.0,0,0,6477001,2019-01-20 23:28:34,,0.0,0.0,0,,0.0,0.0,0.0,178
1,[],5,[],2019-07-06 02:08:50,0.0,0,0,7800832,2019-07-06 02:08:50,btc,0.0,6.904e-05,0,btc,0.0,0.0,0.0,179
0,[],23,[],2019-01-20 23:25:08,0.0,0,0,6476952,2019-01-20 23:25:08,,0.0,0.0,0,,0.0,0.0,0.0,179
0,[],22,[],2019-08-21 18:19:55,0.0,0,0,7922848,2019-08-21 18:19:55,,10.33080644,0.0,0,,14921836.231946677,0.0,0.0,179
1,[],17,[],2019-08-21 18:19:57,20504.725000000002,0.0000001,0.000000000010132,7922849,2019-08-21 18:19:57,btc,5.201614863967407,8e-06,0.0000001,btc,5020.40125,0.0,0.0011504725,180
1,[],22,[],2019-08-21 18:20:00,761854.2863636364,0.00000041,0.0000000000415412,7922850,2019-08-21 18:20:00,BTC,2.96188822,0.0,0.00000041,"BTC,LTC",237603.78606975678,0.00011312,0.60862899,180
1,[],26,[],2019-08-21 18:20:01,0.0,0,0,7922851,2019-08-21 18:20:01,,0.0,0.0,0,,0.0,0.0,0.0,180
,[],7,[],2018-11-20 22:58:01,562227.975654,0.00000085,0.000000000036176765,4862015,2018-11-20 22:58:01,btc,21836.6059674,2491.87645172,,btc,749999.041456,0.00211021,0.127565380455,183
,[],5,[],2019-01-10 08:11:41,0.0,0,0,6347036,2019-01-10 08:11:41,btc,82.15055501,0.00261,,btc,1.19002445,0.0,0.0,187
,[],17,[],2018-11-16 20:58:10,4062536.27273,0.00000001,0.000000000000550501,4708775,2018-11-16 20:58:10,btc,3.36492563466,0.195460381006,,"btc,eth",110697919.549,0.0,0.0157628953496,187
1,[],24,[],2019-05-22 21:04:52,0.0,0.000000000014,0.0000000000000010960978,7670219,2019-05-22 21:04:52,btc,0.0,0.0,0.000000000014,btc,0.0,0.0,0.0,187
0,[],23,[],2019-01-20 23:31:41,0.0,0,0,6477079,2019-01-20 23:31:41,,0.0,0.0,0,,0.0,0.0,0.0,199
0,[],22,[],2019-08-21 18:20:06,0.0,0,0,7922852,2019-08-21 18:20:06,,6.22011878,0.0,0,,40771826.0,0.0,0.0,199
1,[],26,[],2019-08-21 18:20:06,0.0,0,0,7922853,2019-08-21 18:20:06,,0.0,0.0,0,,0.0,0.0,0.0,199
1,[],4,[],2019-01-25 15:51:35,2084389.58565343,0.00000936,0.000000000333526752,6499557,2019-01-25 15:51:35,btc,2.0092503037378524,0.0,0.00000936,btc,160195.80207885,0.19272417,1.242687955921835,211
1,[],7,[],2019-07-01 02:21:28,1170054124.6898527,0.00000018,0.000000000019815389999999997,7782694,2019-07-01 02:21:28,btc,1346735.6331920293,0.0,0.00000018,btc,5516233.71348162,0.0,11.954344045954047,212
0,[],22,[],2019-08-19 07:38:07,0.0,0,0,7911940,2019-08-19 07:38:07,,6.8412543,0.0,0,,3272264.174064925,0.0,0.0,216
1,[],27,[],2019-08-12 16:37:52,320029.088,0.00000001,0.000000000001138437,7891783,2019-08-12 16:37:52,btc,176.0318120012664,0.0,0.00000001,"btc,ltc",485496.05456794,0.0,0.00320029088,216
1,[],22,[],2019-08-21 18:20:12,484558.7923076923,0.00000015,0.000000000015198,7922854,2019-08-21 18:20:12,BTC,12055.76572191,0.0,0.00000015,BTC,459230.55092048226,0.0005406,0.01875488,217
0,[],22,[],2019-08-21 18:20:15,0.0,0,0,7922855,2019-08-21 18:20:15,,4.14997484,0.0,0,,126244.70709740352,0.0,0.0,221
1,[],24,[],2019-08-21 18:20:15,0.0,0.000000010000,0.0000000000010132,7922856,2019-08-21 18:20:15,btc,0.0,0.0,0.000000010000,btc,0.0,0.0,0.0,221
1,[],26,[],2019-08-21 18:20:15,0.0,0,0,7922857,2019-08-21 18:20:15,,0.0,0.0,0,,0.0,0.0,0.0,231
0.0000000001859265,[],27,[],2019-08-12 16:38:10,100.0,1.859265e-18,2.1166560688050002e-22,7891787,2019-08-12 16:38:10,eth,0.0,0.0,0.00000001,"btc,eth",0.0,0.0,1.8592649999999999e-16,234
1,[],26,[],2019-08-21 18:20:16,0.0,0,0,7922858,2019-08-21 18:20:16,,0.0,0.0,0,,0.0,0.0,0.0,234
1,[],5,[],2019-07-06 02:11:21,0.0,0,0,7800842,2019-07-06 02:11:21,btc,0.0,0.10652887,0,btc,0.0,0.0,0.0,237
1,[],20,[],2019-08-21 18:20:18,93288982.9684,0.000000036,0.00000000000364752,7922859,2019-08-21 18:20:18,btc,514.7510558723001,2722551.667,0.000000036,btc,29516483.9198,0.1020730675481,0.4466494098019,237
1,[],22,[],2019-08-21 18:20:21,1839335.0,0.00000001,0.0000000000010132,7922860,2019-08-21 18:20:21,BTC,1.2037398,0.0,0.00000001,"BTC,LTC",41039.44871794872,0.0,0.01839335,237
1,[],5,[],2019-07-06 02:11:32,0.0,0,0,7800846,2019-07-06 02:11:32,btc,0.0,0.05525444,0,btc,0.0,0.0,0.0,238
1,[],4,[],2019-08-18 21:55:28,28766182.9187235,0.00000006,0.0000000000062177580000000004,7910606,2019-08-18 21:55:28,btc,2.1262004590211685,0.0,0.00000006,btc,15667280.40051822,0.02567584,0.5811165339764514,238
0.0000000000711565,[],22,[],2019-08-17 13:20:25,419253.0,7.115650000000001e-19,7.3700771814e-23,7906682,2019-08-17 13:20:25,LTC,0.40427224,0.0,0.00000001,LTC,496363.0639027493,0.0,0.00419253,249
0,[],22,[],2019-08-21 18:20:26,0.0,0,0,7922861,2019-08-21 18:20:26,,13.4488406,0.0,0,,43819581.3426455,0.0,0.0,252
0,[],28,[],2019-08-21 18:22:27,0.0,0,0,7922862,2019-08-21 18:22:27,,0.0,0.0,0,,0.0,0.0,0.0,256
0.0000000000916764,[],22,[],2019-07-23 20:12:22,1517.0,9.16764e-19,9.31930943616e-23,7830286,2019-07-23 20:12:22,LTC,31474.63788373,0.0,0.00000001,LTC,1024398.9185893413,0.0,1.517e-05,258
1,[],5,[],2019-07-02 14:44:15,0.0,0,0,7788374,2019-07-02 14:44:15,btc,0.0,0.02775788,0,btc,0.0,0.0,0.0,264
1,[],20,[],2019-08-21 17:10:35,982877.5677,0.000000155,0.000000000015678219,7922643,2019-08-21 17:10:35,btc,0.535503964084,5375.3307,0.000000155,btc,110216.0538,0.0011308172928,0.0068008747849,264
0,[],22,[],2019-08-21 18:22:33,0.0,0,0,7922863,2019-08-21 18:22:33,,33050469.74148113,0.0,0,,14261527780.7,0.0,0.0,272
0,[],28,[],2019-08-21 18:22:34,0.0,0,0,7922864,2019-08-21 18:22:34,,0.0,0.0,0,,0.0,0.0,0.0,272
0,[],22,[],2019-08-21 18:22:37,0.0,0,0,7922865,2019-08-21 18:22:37,,73.46372129,0.0,0,,1350777.6287135023,0.0,0.0,286
