pairValue,buyBook,exchangeId,sellBook,updated,buyTotal,satoshiPrice,usdPrice,exchangeLogId,created,bestPair,sellTotalBtc,volume,pairPrice,activePairs,sellTotal,volumeBtc,buyTotalBtc,coinId
0,[],2,[],2019-01-20 23:28:45,0.0,0,0,6477011,2019-01-20 23:28:45,,0.0,0.0,0,,0.0,0.0,0.0,1
1,[],3,[],2019-05-10 04:26:20,32357.207309066496,0.010313599999999999157207497546551167033612728118896484375,0.0000006442348985599999,7603160,2019-05-10 04:26:20,btc,2.42055031355061,103.390694855,0.010313599999999999157207497546551167033612728118896484375,btc,34.054973517733,0.0,0.48343055692618253,1
1,[],4,[],2019-05-10 04:26:21,294631.10712837,0.01053501,0.000000658065185646,7603161,2019-05-10 04:26:21,btc,9.133377499326356,0.0,0.01053501,btc,422.2845487,5.28718512,0.4824032054915325,1
1,[],5,[],2019-05-10 04:26:23,0.0,0,0,7603162,2019-05-10 04:26:23,btc,0.0,0.23721538,0,btc,0.0,0.0,0.0,1
1,[],10,[],2019-05-10 04:26:26,184877.60031412,0.00915531,0.000000571882777026,7603163,2019-05-10 04:26:26,btc,6525.400870012043,1234.35914001,0.00915531,btc,1471.15328297,0.0,3.8084039163548122,1
1,[],12,[],2019-05-10 04:26:27,84.21913604,0.0103899999999999999300559494486151379533112049102783203125,0.000000649007194,7603164,2019-05-10 04:26:27,btc,0.1382758344641,0.0,0.0103899999999999999300559494486151379533112049102783203125,btc,9.38368546,0.3171397233465,0.3854355445241,1
1,[],20,[],2019-05-10 04:26:29,975.4295,0.010710031,0.0000006689978024026,7603165,2019-05-10 04:26:29,btc,0.079174498354,0.0,0.010710031,btc,5.2397,0.0,0.1761782735127,1
1,[],21,[],2019-05-10 04:26:30,1792.63201045,0.01047096999999999958341767581,0.000000654064952662,7603166,2019-05-10 04:26:30,btc,14.468406100038894,8040.869009659999,0.0104709699999999995834176758080502622760832309722900390625,"btc,eth",1761.51786706,85.03039884564242,12.544055909409579,1
0,[],22,[],2019-05-10 04:26:32,0.0,0,0,7603167,2019-05-10 04:26:32,,0.3163308,0.0,0,,0.2527518593615956,0.0,0.0,1
1,[],24,[],2019-05-10 04:26:33,0.0,0.000000000000,0,7603168,2019-05-10 04:26:33,btc,0.0,0.0,0.000000000000,btc,0.0,0.0,0.0,1
0.0,[],25,[],2019-05-10 04:26:34,0.0,0,0,7603169,2019-05-10 04:26:34,btc,11.302099999503461,480.52237508,0.0,btc,1053.48828991,5.289,0.0,1
1,[],26,[],2019-05-10 04:26:35,0.0,0,0,7603170,2019-05-10 04:26:35,,0.0,0.0,0,,0.0,0.0,0.0,1
0,[],28,[],2019-05-10 04:26:37,0.0,0,0,7603171,2019-05-10 04:26:37,,0.0,0.0,0,,0.0,0.0,0.0,1
1,[],5,[],2019-05-10 04:26:38,0.0,0,0,7603172,2019-05-10 04:26:38,btc,0.0,0.00962044,0,btc,0.0,0.0,0.0,2
1,[],22,[],2019-05-10 04:26:42,9148.0,0.00000001,0.000000000000624646,7603173,2019-05-10 04:26:42,BTC,21.00846647,0.0,0.00000001,"BTC,XMR",24148.96059725142,0.0,0.00095635,2
1,[],5,[],2019-05-10 04:26:44,0.0,0,0,7603174,2019-05-10 04:26:44,btc,0.0,0.01429864,0,btc,0.0,0.0,0.0,3
1,[],12,[],2019-05-10 04:26:44,2229392.685,0.000000143,0.0000000000089324378,7603175,2019-05-10 04:26:44,btc,2714596.703300006,0.0,0.000000143,btc,4283416.96883654,0.06766608647693045,0.22967845249399998,3
0,[],28,[],2019-05-10 04:26:46,0.0,0,0,7603176,2019-05-10 04:26:46,,0.0,0.0,0,,0.0,0.0,0.0,3
0,[],2,[],2019-01-20 23:31:32,0.0,0,0,6477077,2019-01-20 23:31:32,,0.0,0.0,0,,0.0,0.0,0.0,4
1,[],4,[],2019-04-26 19:14:12,610911.70993152,0.00000026,0.000000000013566046,7471614,2019-04-26 19:14:12,btc,31.457742656463164,0.0,0.00000026,btc,718733.71307795,0.00142695,0.0638464483338706,4
0,[],12,[],2019-04-25 23:08:22,0.0,0,0,7459310,2019-04-25 23:08:22,btc,1111851.94727753,0.0,0,btc,953412.0,0.0,0.0,5
0,[],2,[],2019-01-20 23:31:51,0.0,0,0,6477087,2019-01-20 23:31:51,,0.0,0.0,0,,0.0,0.0,0.0,6
1,[],11,[],2019-05-10 04:26:47,5042415.307535999,0.00000001,0.000000000000624646,7603177,2019-05-10 04:26:47,btc,9576.530210128174,105000.0,0.00000001,btc,48136771.68653575,0.0,0.05042415307536,6
1,[],3,[],2019-05-10 04:26:48,11073.1465726803,0.000172100000000000009046929871914244358777068555355072021484375,0.000000010750157660000002,7603178,2019-05-10 04:26:48,btc,18.244703583018396,44.5889086243,0.000172100000000000009046929871914244358777068555355072021484375,btc,315.356650424214,0.0,0.029791256619652727,7
1,[],4,[],2019-05-10 04:26:49,33430.62624667,0.00015521,0.000000009695130566,7603179,2019-05-10 04:26:49,btc,7.922347525234212,0.0,0.00015521,btc,34732.46713583,3.40231605,2.2288543249368757,7
1,[],5,[],2019-05-10 04:26:50,0.0,0,0,7603180,2019-05-10 04:26:50,btc,0.0,1.38288204,0,btc,0.0,0.0,0.0,7
1,[],20,[],2019-04-07 22:06:50,3201475.0482,0.000000001,0.000000000000051590000000000004,7213932,2019-04-07 22:06:50,btc,30.8005781811902,0.0,0.000000001,btc,23077405.3926,0.0,0.0032014750482,8
0,[],2,[],2019-01-20 23:22:42,0.0,0,0,6476876,2019-01-20 23:22:42,,0.0,0.0,0,,0.0,0.0,0.0,9
0,[],23,[],2019-01-20 23:22:48,0.0,0,0,6476878,2019-01-20 23:22:48,,0.0,0.0,0,,0.0,0.0,0.0,9
1,[],1,[],2019-02-17 23:31:42,1822507.21,0.00000181000000000000003456111265232042484285557293333113193511962890625,0.000000000066086901,6701244,2019-02-17 23:31:42,btc,3.6990969245,17153386.5,0.00000181000000000000003456111265232042484285557293333113193511962890625,btc,1997391.71,31.11772986,3.2610482446,9
1,[],4,[],2019-05-10 04:26:53,21000478.18462626,0.00000076,0.000000000047473096,7603181,2019-05-10 04:26:53,btc,4.156978108606689,0.0,0.00000076,btc,3352709.62219908,0.70532262,0.3828586050629166,9
0,[],28,[],2019-05-10 04:26:54,0.0,0,0,7603182,2019-05-10 04:26:54,,0.0,0.0,0,,0.0,0.0,0.0,9
1,[],4,[],2019-02-17 11:22:43,4341674.27126056,0.00000002,0.0000000000007272960000000001,6696112,2019-02-17 11:22:43,btc,0.1997230937751353,0.0,0.00000002,btc,4109766.79808031,0.00215132,0.0479381022052112,10
0,[],2,[],2019-01-20 23:23:08,0.0,0,0,6476890,2019-01-20 23:23:08,,0.0,0.0,0,,0.0,0.0,0.0,12
1,[],4,[],2019-05-10 04:26:55,7854473.66047357,0.00000075,0.00000000004684845,7603183,2019-05-10 04:26:55,btc,7.240532882895152,0.0,0.00000075,btc,5409811.51349557,0.99755601,2.7017967287158444,12
1,[],5,[],2019-05-10 04:26:57,0.0,0,0,7603184,2019-05-10 04:26:57,btc,0.0,0.10910263,0,btc,0.0,0.0,0.0,12
0.0,[],25,[],2019-05-10 04:26:58,0.0,0,0,7603185,2019-05-10 04:26:58,,0.0,0.0,0.0,btc,0.0,0.0,0.0,12
1,[],10,[],2019-05-10 03:42:33,552094.0025863,0.00000593,0.000000000373859815,7602894,2019-05-10 03:42:33,btc,666793.3328495668,20531.0992313,0.00000593,btc,722482.30969582,0.0,0.5403159191410294,13
1,[],4,[],2019-05-10 04:26:59,32001510.36304872,0.00000576,0.000000000359796096,7603186,2019-05-10 04:26:59,btc,2.316387319589801,0.0,0.00000576,btc,276783.34280509,0.76601465,0.8425803995739897,13
1,[],21,[],2019-05-10 04:27:02,4065227.94570313,0.000005879999999999999606863955448,0.00000000036729184799999996,7603187,2019-05-10 04:27:02,btc,4.117061055285355,939880.29287112,0.000005879999999999999606863955448066150211161584593355655670166015625,btc,595868.14205587,5.61098813,19.427938015382136,13
0,[],17,[],2019-05-03 00:53:32,0.0,0,0,7558876,2019-05-03 00:53:32,btc,0.0,0.0,0,btc,0.0,0.0,0.0,14
1,[],4,[],2019-05-10 04:27:03,1066006.42265586,0.00000090,0.00000000005621814,7603188,2019-05-10 04:27:03,btc,6.353556961068676,0.0,0.00000090,btc,1275956.65688501,0.00708512,0.1927093109789795,14
1,[],12,[],2019-05-10 04:27:04,254997.72315365,0.00000085,0.000000000053094910000000005,7603189,2019-05-10 04:27:04,btc,0.118460444137324,0.0,0.00000085,btc,14692.03903504,5.41475524475e-05,0.0285228399999737,14
1,[],26,[],2019-05-10 04:27:05,0.0,0.00000050,0.0000000000312323,7603190,2019-05-10 04:27:05,btc,0.0,0.0,0.00000050,btc,0.0,0.0,0.0,14
,[],12,[],2018-12-01 15:15:48,204241.84496,0.00000489,0.000000000202473384,5260204,2018-12-01 15:15:48,btc,49.5475654835,0.0,,btc,35763.2193806,0.0163153972027625,0.0203389899998,15
0,[],4,[],2019-05-10 04:27:06,0.0,0,0,7603191,2019-05-10 04:27:06,,0.0,0.0,0,,0.0,0.0,0.0,15
0,[],2,[],2019-01-20 23:23:38,0.0,0,0,6476906,2019-01-20 23:23:38,,0.0,0.0,0,,0.0,0.0,0.0,18
0,[],17,[],2019-05-03 00:53:39,0.0,0,0,7558882,2019-05-03 00:53:39,btc,0.0,0.0,0,btc,0.0,0.0,0.0,18
1,[],4,[],2019-05-10 04:27:07,29472.27751408,0.00001274,0.0000000007957990040000001,7603192,2019-05-10 04:27:07,btc,1.1126922293263093,0.0,0.00001274,btc,14532.26964446,0.02878082,0.0835543179002878,18
1,[],10,[],2019-05-10 04:27:09,167443.22739068,0.00001373,0.0000000008576389580000001,7603193,2019-05-10 04:27:09,btc,15.423425741693732,3446.66764872,0.00001373,btc,10951.64307479,0.0,0.4903447221990104,18
1,[],12,[],2019-05-10 04:27:10,222097.82220892,0.00001340000000000000045241588253475129022262990474700927734375,0.0000000008370256400000001,7603194,2019-05-10 04:27:10,btc,33215.319124326285,0.0,0.00001340000000000000045241588253475129022262990474700927734375,btc,1155.11548086,1.809e-06,0.0121631100497141,18
0,[],2,[],2019-01-20 23:24:19,0.0,0,0,6476924,2019-01-20 23:24:19,,0.0,0.0,0,,0.0,0.0,0.0,19
1,[],3,[],2019-05-10 04:27:11,161214.20493526672,0.00001281999999999999922928838047564426005919813178479671478271484375,0.000000000800796172,7603195,2019-05-10 04:27:11,btc,0.26462682574911467,877.526669329,0.00001281999999999999922928838047564426005919813178479671478271484375,btc,7252.566877867577,0.0,0.057830533714578684,19
1,[],4,[],2019-05-10 04:27:12,440689.73470844,0.00001398,0.000000000873255108,7603196,2019-05-10 04:27:12,btc,3.641629152626498,0.0,0.00001398,btc,120289.55540087,0.67227653,0.7220451689975521,19
1,[],5,[],2019-05-10 04:27:13,0.0,0,0,7603197,2019-05-10 04:27:13,btc,0.0,7.179e-05,0,btc,0.0,0.0,0.0,19
1,[],12,[],2019-05-10 04:27:15,200343.40283506,0.000013279999999999999907274693400349718785946606658399105072021484375,0.000000000829529888,7603198,2019-05-10 04:27:15,btc,0.301292071268753,0.0,0.000013279999999999999907274693400349718785946606658399105072021484375,btc,2935.58830994,0.0012197741977322,0.0878033099995751,19
1,[],27,[],2019-05-10 04:27:20,100.0,0.0000001,0.0000000000062464600000000004,7603199,2019-05-10 04:27:20,btc,0.0,0.0,0.0000001,btc,0.0,0.0,1e-05,19
1,[],4,[],2019-05-10 04:27:22,1834878.57391266,0.00000010,0.0000000000062464600000000004,7603200,2019-05-10 04:27:22,btc,5.279309685630553,0.0,0.00000010,btc,2279170.28595418,0.00084166,0.0608385352282092,20
1,[],4,[],2019-05-10 04:27:23,75020646.78118359,0.00000001,0.000000000000624646,7603201,2019-05-10 04:27:23,btc,39085.7104621575,0.0,0.00000001,btc,55981542.48986641,0.00280343,0.7502064678118358,21
1,[],12,[],2019-05-10 04:27:24,5276568.0,0.00000001,0.000000000000624646,7603202,2019-05-10 04:27:24,btc,2895.662019010819,0.0,0.00000001,btc,7236925.79820176,0.00012468,0.05276568,21
0,[],17,[],2019-05-03 00:53:51,0.0,0,0,7558891,2019-05-03 00:53:51,btc,0.0,0.0,0,btc,0.0,0.0,0.0,21
1,[],12,[],2019-05-10 04:20:31,8309335039.808,0.0000000005,0.000000000000031403750000000004,7603052,2019-05-10 04:20:31,btc,311119542272.9321,0.0,0.0000000005,btc,2689943070.2291756,0.15343835143206797,2.087792864804,23
0.0000000002753218,[],27,[],2019-05-10 04:20:44,8389389.0,5.506436e-18,3.4584547907e-22,7603053,2019-05-10 04:20:44,eth,10183.428811001706,833594158.562,0.00000002,eth,5457355.113954,4.590132883754106e-09,2.8426111339548e-11,23
1,[],4,[],2019-05-10 04:27:25,798705.87523398,0.00000030,0.000000000018739380000000002,7603203,2019-05-10 04:27:25,btc,14.050405978411742,0.0,0.00000030,btc,2091737.00253832,0.03210711,0.0723206548180007,24
1,[],22,[],2019-05-10 04:27:29,21.76,0.00000100,0.0000000000624646,7603204,2019-05-10 04:27:29,BTC,7.415e-05,0.0,0.00000100,BTC,23.919354838709676,0.0,1.186e-05,24
0.0,[],25,[],2019-05-10 04:27:30,0.0,0,0,7603205,2019-05-10 04:27:30,,0.0,0.0,0.0,btc,0.0,0.0,0.0,24
1,[],4,[],2019-05-10 04:20:50,26968205.12758939,0.00000459,0.000000000288286425,7603057,2019-05-10 04:20:50,btc,11.341380841781161,0.0,0.00000459,btc,325361.12004591,0.09140938,0.4844869897617513,26
1,[],10,[],2019-05-10 04:20:52,117435.88653299,0.00000852,0.0000000005351199,7603058,2019-05-10 04:20:52,btc,25.849583544129597,2574.06273679,0.00000852,btc,20006.96842861,0.0,0.0667422490146594,26
0,[],2,[],2019-01-20 23:25:56,0.0,0,0,6476976,2019-01-20 23:25:56,,0.0,0.0,0,,0.0,0.0,0.0,26
1,[],11,[],2019-04-30 04:16:17,7094566.83690364,0.00000006,0.000000000003115554,7518027,2019-04-30 04:16:17,btc,67504.138725751,6116.07566417,0.00000006,btc,6591680.7351637,0.0,0.38529422037817224,27
1,[],5,[],2019-04-26 09:47:06,0.0,0,0,7465326,2019-04-26 09:47:06,btc,0.0,0.0,0,btc,0.0,0.0,0.0,27
1,[],3,[],2019-04-28 02:38:55,141621.60361514,0.00000001,0.0000000000005253330000000001,7491060,2019-04-28 02:38:55,btc,2.501704004580372,921815.184511,0.00000001,btc,21091882.2176418,0.0,0.0014162160361513999,27
1,[],4,[],2019-05-10 04:27:31,1424610543.8785045,0.00000001,0.000000000000624646,7603206,2019-05-10 04:27:31,btc,5.8044368974480625,0.0,0.00000001,"btc,ltc",287718703.2427951,1.07938216,9.233505813234071,29
1,[],7,[],2019-05-10 04:27:34,112858448.2164338,0.00000001,0.000000000000624646,7603207,2019-05-10 04:27:34,btc,46550610.60128225,352052.447552,0.00000001,btc,36139483.60564351,0.00704105,1.128584482164338,29
1,[],4,[],2019-05-10 04:27:35,1674208.04764056,0.00000011,0.000000000006871106,7603208,2019-05-10 04:27:35,btc,2.8586959924118442,0.0,0.00000011,btc,2543193.61971614,0.00073186,0.0518843094779838,30
0,[],17,[],2019-05-03 01:11:25,0.0,0,0,7559066,2019-05-03 01:11:25,btc,0.0,0.0,0,btc,0.0,0.0,0.0,30
1,[],4,[],2019-05-10 04:27:37,278559.16544613,0.00005033,0.000000003143843318,7603209,2019-05-10 04:27:37,btc,6.2121239975910765,0.0,0.00005033,btc,59972.34991491,0.93330836,0.723149909900329,31
1,[],21,[],2019-05-10 04:27:38,155403.70251930002,0.00005102000000000000279462217256,0.0000000031869438920000002,7603210,2019-05-10 04:27:38,btc,4.884288229547915,317063.16332814,0.0000510200000000000027946221725638764610266662202775478363037109375,btc,83577.5394637,17.14193643,5.837846796198625,31
0,[],2,[],2019-01-20 23:28:43,0.0,0,0,6477009,2019-01-20 23:28:43,,0.0,0.0,0,,0.0,0.0,0.0,32
0,[],4,[],2019-05-10 04:21:00,0.0,0,0,7603064,2019-05-10 04:21:00,,0.0,0.0,0,,0.0,0.0,0.0,33
1,[],12,[],2019-03-30 07:55:10,40641173.964,0.00000003,0.000000000001228359,7108785,2019-03-30 07:55:10,btc,4233210.82356125,0.0,0.00000003,btc,28378394.68333462,0.0126927883965248,0.90752895892,33
0,[],4,[],2019-05-10 04:27:38,0.0,0,0,7603211,2019-05-10 04:27:38,,3.9027667723295063,0.0,0,,153801161.71542788,0.00010059,0.0,34
1,[],5,[],2019-05-10 04:27:40,0.0,0,0,7603212,2019-05-10 04:27:40,btc,0.0,0.00718095,0,btc,0.0,0.0,0.0,34
0.000000000133684,[],4,[],2019-05-02 18:17:45,3384239970.6360936,1.3368400000000002e-18,7.293946092400001e-23,7556428,2019-05-02 18:17:45,ltc,5.381102735485169e-08,0.0,0.00000001,ltc,6862894551.7408495,0.0,4.524187362345155e-09,36
1,[],5,[],2019-05-02 18:17:46,0.0,0,0,7556429,2019-05-02 18:17:46,btc,0.0,0.0,0,btc,0.0,0.0,0.0,36
0.0000000002926451,[],17,[],2019-05-02 18:17:47,200000.0,2.9264510000000002e-18,1.596703856561e-22,7556430,2019-05-02 18:17:47,eth,0.20942468735267253,0.0,0.00000001,"btc,eth",1018272.20243647,0.0,5.852902e-13,36
0.000000000133684,[],27,[],2019-05-02 18:17:55,7883196.008,1.3368400000000002e-18,7.293946092400001e-23,7556431,2019-05-02 18:17:55,ltc,25567.4086131264,0.0,0.00000001,"ltc,eth",21753551.64,0.0,1.0538571751334722e-11,36
1,[],4,[],2019-05-10 04:27:41,321811.66601692,0.00000025,0.00000000001561615,7603213,2019-05-10 04:27:41,btc,19772.87309908578,0.0,0.00000025,btc,953748.37394371,0.02410481,0.0339544617128128,37
1,[],12,[],2019-05-10 04:27:42,1109201.40510387,0.00000024,0.000000000014991504,7603214,2019-05-10 04:27:42,btc,61604.97606038213,0.0,0.00000024,btc,592236.91412564,0.05071061892416,0.10681900215999439,37
1,[],27,[],2019-05-10 04:27:51,1600.0,0.00000015,0.000000000009369690000000001,7603215,2019-05-10 04:27:51,btc,24.12824334291843,0.0,0.00000015,btc,5839.49448498,0.0,3e-05,37
1,[],17,[],2019-05-03 01:11:36,211752.74075282,0.00000025,0.000000000013700074999999998,7559074,2019-05-03 01:11:36,btc,0.055484923955058496,0.0,0.00000025,"btc,eth",1387.19918473,0.0,0.0005381851887916605,37
1,[],5,[],2019-05-10 04:27:52,0.0,0,0,7603216,2019-05-10 04:27:52,btc,0.0,0.06109953,0,btc,0.0,0.0,0.0,42
1,[],12,[],2019-05-10 04:27:53,404924.85783281,0.00000242000000000000012342449111357733926297441939823329448699951171875,0.00000000015116433200000002,7603217,2019-05-10 04:27:53,btc,1222238.9886129296,0.0,0.00000242000000000000012342449111357733926297441939823329448699951171875,btc,81660.64405754,0.3863702361105912,0.1492422598029645,42
1,[],27,[],2019-05-10 04:28:04,506.0,0.00000100,0.0000000000624646,7603218,2019-05-10 04:28:04,btc,1.26188489793465,0.0,0.00000100,"btc,eth",1317.3275157,0.0,0.00010100000043244637,42
1,[],12,[],2019-03-13 09:13:29,1112112.0,0.00000001,0.000000000000386531,6919902,2019-03-13 09:13:29,btc,29058.00478931866,0.0,0.00000001,btc,5967681.93306694,9.99000999e-07,0.01112112,43
1,[],5,[],2019-04-26 22:38:52,0.0,0,0,7474154,2019-04-26 22:38:52,btc,0.0,0.02638891,0,btc,0.0,0.0,0.0,43
0,[],17,[],2019-04-26 22:38:53,0.0,0,0,7474155,2019-04-26 22:38:53,btc,0.0,0.0,0,btc,0.0,0.0,0.0,43
1,[],12,[],2019-03-05 01:54:08,639326.02,0.00000004,0.000000000001486676,6845775,2019-03-05 01:54:08,btc,11116042.728239931,0.0,0.00000004,btc,1103841.4595604,0.0003330765234764,0.014975410599999999,44
1,[],4,[],2019-05-10 04:28:05,131518356.87948935,0.00000001,0.000000000000624646,7603219,2019-05-10 04:28:05,btc,436.82552229238354,0.0,0.00000001,"btc,ltc",23060908.99584506,0.00109479,0.2864471030974641,49
0.0000000001226506,[],4,[],2019-05-10 04:28:06,74464869.9981289,8.0949396e-17,5.0564716413816e-21,7603220,2019-05-10 04:28:06,ltc,21614.61166241462,0.0,0.00000066,ltc,104801327.43275209,0.00010578,1.714987842776665e-09,52
0,[],22,[],2019-05-10 03:20:00,0.0,0,0,7602504,2019-05-10 03:20:00,,10289.62709543,0.0,0,,309505736.4566013,0.0,0.0,57
0,[],27,[],2019-05-10 03:20:14,0.0,0,0,7602505,2019-05-10 03:20:14,,0.0,0.0,0,"btc,eth",0.0,0.0,0.0,57
0.0000000001226506,[],4,[],2019-05-10 04:28:07,1065475189.6126305,1.226506e-18,7.66132066876e-23,7603221,2019-05-10 04:28:07,ltc,19.110262131934384,0.0,0.00000001,ltc,5658784502.23297,0.001,1.3068117129110288e-09,58
1,[],12,[],2019-05-10 04:28:10,1591115931.0,0.0000000001,0.00000000000000624646,7603222,2019-05-10 04:28:10,btc,11897162.862727383,0.0,0.0000000001,btc,4410204265.584415,7.5268990009984e-05,0.1591115931,58
0.00000000010369359999999999,[],22,[],2019-05-10 04:28:14,137323.0,1.036936e-18,6.47717924656e-23,7603223,2019-05-10 04:28:14,XMR,69.17853806,0.0,0.00000001,XMR,9877401.6,1.31172404e-15,0.00137323,58
1,[],17,[],2019-05-03 01:12:09,1200000.0,0.0000000001,0.00000000000000548003,7559085,2019-05-03 01:12:09,btc,1e+24,0.0,0.0000000001,"btc,eth",39516342.31952568,0.0,0.00010000000058666061,58
1,[],5,[],2019-05-10 04:28:15,0.0,0,0,7603224,2019-05-10 04:28:15,btc,0.0,0.02075555,0,btc,0.0,0.0,0.0,61
1,[],22,[],2019-05-10 04:28:18,13613.833333333334,0.00000012,0.000000000007495752,7603225,2019-05-10 04:28:18,BTC,1002.29626883,0.0,0.00000012,BTC,15392.180177125656,0.0,0.00153269,61
1,[],26,[],2019-05-10 04:28:19,0.0,0.00000050,0.0000000000312323,7603226,2019-05-10 04:28:19,btc,0.0,0.0,0.00000050,btc,0.0,0.0,0.0,61
0.0000000002779933,[],27,[],2019-05-10 04:28:32,100000.0,2.7799330000000002e-18,1.736474028718e-22,7603227,2019-05-10 04:28:32,eth,1.9482732497246655,0.0,0.00000001,"btc,eth",13266.51663696,0.0,2.779933e-13,61
0,[],28,[],2019-05-10 04:28:33,0.0,0,0,7603228,2019-05-10 04:28:33,,0.0,0.0,0,,0.0,0.0,0.0,61
1,[],4,[],2019-05-10 04:28:34,1304124.92824532,0.00000102,0.000000000063713892,7603229,2019-05-10 04:28:34,btc,2.030542033203223,0.0,0.00000102,btc,664246.02043237,0.05383918,0.8652689974893985,67
0.0,[],25,[],2019-05-10 04:28:36,0.0,0,0,7603230,2019-05-10 04:28:36,,0.0,0.0,0.0,btc,0.0,0.0,0.0,67
1,[],12,[],2019-05-10 04:28:37,1446044.895,0.00000014,0.000000000008745044,7603231,2019-05-10 04:28:37,btc,55556348.25760039,0.0,0.00000014,btc,1523491.52949489,0.0039142124642043,0.0219849253,71
,[],5,[],2018-11-20 23:02:39,1.5e-07,0.00000005,0.000000000002128045,4862160,2018-11-20 23:02:39,btc,2.84511358,0.0,,btc,0.00036572,0.0,0.07381892,74
1,[],5,[],2019-05-10 04:28:38,0.0,0,0,7603232,2019-05-10 04:28:38,btc,0.0,0.02400049,0,btc,0.0,0.0,0.0,75
1,[],4,[],2019-05-10 04:28:40,78543.099,0.00000001,0.000000000000624646,7603233,2019-05-10 04:28:40,btc,133697.76764908098,0.0,0.00000001,btc,35132270.37523591,0.0001672,0.00078543099,81
0,[],20,[],2019-01-25 09:30:31,0.0,0,0,6495923,2019-01-25 09:30:31,btc,0.0,0.0,0,btc,0.0,0.0,0.0,81
1,[],4,[],2019-05-10 04:28:42,26713.78579093,0.00006995,0.00000000436939877,7603234,2019-05-10 04:28:42,btc,18.360922983362602,0.0,0.00006995,btc,22655.24879484,0.41001425,0.2586507169965765,82
1,[],21,[],2019-05-10 04:28:43,257751.95641038,0.00006943999999999999922940113750,0.000000004337541824,7603235,2019-05-10 04:28:43,btc,3.0236017855233617,18604.66302689,0.000069439999999999999229401137501582752520334906876087188720703125,btc,38371.51323967,1.25924682,1.9835735016684908,82
0,[],17,[],2019-03-25 22:42:34,0.0,0,0,7038780,2019-03-25 22:42:34,btc,0.0445064681804024,0.0,0,btc,995513.18476001,0.0,0.0,84
0.00000000013644,[],4,[],2019-05-01 19:17:39,299701867.376,1.3644e-18,7.259508504e-23,7542161,2019-05-01 19:17:39,ltc,1.6769037726995486,0.0,0.00000001,ltc,427823536.87452894,0.00010978,4.089132278478144e-10,85
,[],22,[],2018-11-20 23:09:34,3408.1,0.0000001,0.0000000000041895,4862324,2018-11-20 23:09:34,BTC,0.04624735,0.0,,BTC,4990.0,0.0,0.00033081,86
1,[],22,[],2019-05-10 04:28:46,89999.0,0.00000001,0.000000000000624646,7603236,2019-05-10 04:28:46,BTC,3.66432991,0.0,0.00000001,BTC,332904.29736842104,0.0,0.00089999,87
1,[],27,[],2019-05-10 04:28:57,10674.0,0.00000001,0.000000000000624646,7603237,2019-05-10 04:28:57,btc,4.960708560736,0.0,0.00000001,btc,10217.62841,0.0,0.00010674,87
,[],2,[],2018-11-20 23:10:47,0.0,0,0,4862359,2018-11-20 23:10:47,,0.0,0.0,,,0.0,0.0,0.0,88
1,[],11,[],2019-05-10 04:22:22,80652.00926933,0.00014601999999999998769602271853074171303887851536273956298828125,0.00000000917115115,7603092,2019-05-10 04:22:22,btc,175.0602797828432,12.299,0.00014601999999999998769602271853074171303887851536273956298828125,btc,178843.96449795,0.0,4.813487944779228,89
0,[],2,[],2019-01-20 23:31:45,0.0,0,0,6477083,2019-01-20 23:31:45,,0.0,0.0,0,,0.0,0.0,0.0,91
1,[],12,[],2019-05-10 04:28:58,422762.37791144,0.00000065,0.000000000040601990000000006,7603238,2019-05-10 04:28:58,btc,89.7118249848917,0.0,0.00000065,btc,164732.89649123,0.0005166375886995,0.0408942689999586,91
1,[],22,[],2019-05-10 04:29:03,76014.0,0.0000008,0.000000000049971680000000003,7603239,2019-05-10 04:29:03,BTC,0.1,0.0,0.0000008,"BTC,LTC",1.0,0.0,0.0017135,91
0,[],17,[],2019-05-03 01:12:26,0.0,0,0,7559096,2019-05-03 01:12:26,btc,0.0,0.0,0,btc,0.0,0.0,0.0,91
1,[],22,[],2019-04-09 20:17:52,374949.73333333334,0.00000015,0.000000000007771935,7235704,2019-04-09 20:17:52,BTC,6.87372503,0.0,0.00000015,"BTC,LTC",159980.01196797504,1.1e-05,0.80510266,95
0.0000000001226506,[],4,[],2019-05-10 04:29:04,556390495.4503032,7.481686599999999e-17,4.6734056079436e-21,7603240,2019-05-10 04:29:04,ltc,11.350618381156213,0.0,0.00000061,ltc,131279530.23284946,0.06018841,1.902429386363807e-09,96
0,[],12,[],2019-05-10 04:29:05,0.0,0,0,7603241,2019-05-10 04:29:05,btc,25054.266197874116,0.0,0,btc,7089668.23081917,0.00059953949001,0.0,96
0,[],17,[],2019-05-03 01:12:32,0.0,0,0,7559100,2019-05-03 01:12:32,btc,0.0,0.0,0,btc,0.0,0.0,0.0,96
1,[],4,[],2019-04-14 03:32:46,1039404.33283278,0.00000038,0.000000000019245518,7293458,2019-04-14 03:32:46,btc,4.170086055365747,0.0,0.00000038,btc,3097704.34561074,0.06260606,0.1859928211030784,99
1,[],4,[],2019-05-10 04:29:06,361976.20399201,0.00003375,0.00000000210818025,7603242,2019-05-10 04:29:06,btc,7.054895380932036,0.0,0.00003375,btc,123191.49701005,0.67830008,0.6134233601503178,100
0,[],2,[],2019-01-20 23:23:55,0.0,0,0,6476914,2019-01-20 23:23:55,,0.0,0.0,0,,0.0,0.0,0.0,100
1,[],22,[],2019-05-10 04:29:10,130000.0,0.00000001,0.000000000000624646,7603243,2019-05-10 04:29:10,BTC,24.83526409,0.0,0.00000001,BTC,11187.719,0.0,0.0013,101
1,[],4,[],2019-05-10 04:29:12,709817.04878101,0.00000554,0.000000000346053884,7603244,2019-05-10 04:29:12,btc,255.43527743586733,0.0,0.00000554,btc,386807.72594395,5.40964633,1.218251464879261,103
1,[],12,[],2019-05-10 04:29:14,105809141.51291999,0.000000004,0.00000000000024985840000000004,7603245,2019-05-10 04:29:14,btc,468525182.6993737,0.0,0.000000004,btc,107954705.40403916,0.00528336941894586,0.19372967171276,105
1,[],27,[],2019-05-10 04:29:20,11865.0,0.00000001,0.000000000000624646,7603246,2019-05-10 04:29:20,btc,0.0584874573531397,0.0,0.00000001,btc,600485.85947933,0.0,0.00011865,105
1,[],22,[],2019-04-21 00:17:26,21333.0,0.00000001,0.000000000000532493,7385819,2019-04-21 00:17:26,BTC,51.38182867,0.0,0.00000001,BTC,470435.0,0.0,0.00021333,107
1,[],26,[],2019-04-21 00:17:26,0.0,0.00000000,0,7385820,2019-04-21 00:17:26,btc,0.0,0.0,0.00000000,btc,0.0,0.0,0.0,107
1,[],5,[],2019-05-10 04:29:21,0.0,0,0,7603247,2019-05-10 04:29:21,btc,0.0,8.1e-07,0,btc,0.0,0.0,0.0,112
0,[],22,[],2019-05-10 04:29:24,0.0,0,0,7603248,2019-05-10 04:29:24,,2.79003697,0.0,0,,1380942.0833333333,0.0,0.0,112
1,[],27,[],2019-05-10 04:29:31,1.0,0.00000001,0.000000000000624646,7603249,2019-05-10 04:29:31,btc,1.25032588,0.0,0.00000001,"btc,eth",1819.0,0.0,1e-08,112
1,[],4,[],2019-05-10 04:29:32,338942.63913856,0.00000152,0.000000000094946192,7603250,2019-05-10 04:29:32,btc,4.777578280655575,0.0,0.00000152,btc,515429.87732434,0.09291228,0.2079769045793267,113
1,[],5,[],2019-05-10 04:29:33,0.0,0,0,7603251,2019-05-10 04:29:33,btc,0.0,0.0,0,btc,0.0,0.0,0.0,113
1,[],17,[],2019-04-26 02:17:47,162738.278,0.00000004,0.0000000000021069000000000002,7461287,2019-04-26 02:17:47,btc,1.3331140273775473,0.0,0.00000004,btc,51796.221,0.0,0.00230953112,116
0,[],27,[],2019-04-26 02:19:51,0.0,0,0,7461288,2019-04-26 02:19:51,,0.0,0.0,0,,0.0,0.0,0.0,116
1,[],4,[],2019-05-07 20:09:28,131822.85721655,0.00001022,0.00000000060230548,7572994,2019-05-07 20:09:28,btc,132.18460413545117,0.0,0.00001022,btc,268070.13193351,0.06918336,1.0489745103085106,120
1,[],7,[],2019-05-07 20:09:30,9501.79941055,0.000011699999999999999788190263583231853772304020822048187255859375,0.0000000006895277999999999,7572995,2019-05-07 20:09:30,btc,231185.88817567716,62.23644451,0.000011699999999999999788190263583231853772304020822048187255859375,btc,4076.97424313,0.00072692,0.018013380795019,120
1,[],20,[],2019-04-07 18:42:29,1914137.0852,0.000000035,0.0000000000017871910000000002,7211992,2019-04-07 18:42:29,btc,32.2497668025648,25528.85,0.000000035,btc,1001975.4986,0.00089350975,0.0152723574729,125
1,[],22,[],2019-05-10 04:29:39,10000.0,0.00000001,0.000000000000624646,7603252,2019-05-10 04:29:39,BTC,0.032061,0.0,0.00000001,BTC,299316.7611111111,0.0,0.0001,126
1,[],4,[],2019-05-10 04:29:40,1870329.52491536,0.00000712,0.000000000444747952,7603253,2019-05-10 04:29:40,btc,3.4358573396386847,0.0,0.00000712,btc,167896.10649212,0.23968205,0.3973851620589288,131
0,[],2,[],2019-01-20 23:25:46,0.0,0,0,6476969,2019-01-20 23:25:46,,0.0,0.0,0,,0.0,0.0,0.0,131
1,[],17,[],2019-05-03 01:13:10,10000.0,0.00000001,0.000000000000548003,7559115,2019-05-03 01:13:10,btc,0.0953976503951408,0.0,0.00000001,btc,5037.62507334,0.0,0.0001,131
1,[],4,[],2019-05-10 04:29:42,4704.37662492,0.00012975,0.00000000810478185,7603254,2019-05-10 04:29:42,btc,6.0110246715504365,0.0,0.00012975,btc,190.9021094,0.0,0.0073217379542043,135
1,[],3,[],2019-05-09 05:30:45,530498.0,0.00000001,0.000000000000609729,7590472,2019-05-09 05:30:45,btc,0.1029057631805504,129896.5,0.00000001,btc,1124104.34967245,0.0,0.00530498,136
1,[],4,[],2019-05-10 04:29:43,2832879.69290994,0.00000213,0.000000000133049598,7603255,2019-05-10 04:29:43,btc,319.7609184620491,0.0,0.00000213,btc,536840.98141278,0.03625111,0.6432143574109541,137
1,[],12,[],2019-05-10 04:29:44,329000.64158972,0.000001959999999999999868954651816022050070387194864451885223388671875,0.000000000122430616,7603256,2019-05-10 04:29:44,btc,48520.499449910276,0.0,0.000001959999999999999868954651816022050070387194864451885223388671875,btc,39940.73568478,0.022643041433654,0.0328019857271281,137
1,[],4,[],2019-05-10 04:29:46,69071.907458,0.00003157,0.000000001972007422,7603257,2019-05-10 04:29:46,btc,5.091232723701054,0.0,0.00003157,btc,69827.17822836,0.44552996,0.3033401813616399,142
1,[],5,[],2019-05-10 04:29:47,0.0,0,0,7603258,2019-05-10 04:29:47,btc,0.0,0.01640438,0,btc,0.0,0.0,0.0,142
1,[],20,[],2019-05-10 04:29:50,167395.503,0.00003401,0.000000002124421046,7603259,2019-05-10 04:29:50,btc,1.7087668617073,0.03,0.00003401,btc,8218.5398,1.0203e-06,0.059760779605,142
1,[],22,[],2019-05-10 04:29:53,1370.0,0.00000200,0.0000000001249292,7603260,2019-05-10 04:29:53,BTC,3.2756588,0.0,0.00000200,BTC,1135.5948275773155,0.0,0.0003632,142
0.0,[],25,[],2019-05-10 04:29:54,0.0,0,0,7603261,2019-05-10 04:29:54,,0.0,0.0,0.0,btc,0.0,0.0,0.0,142
0,[],28,[],2019-05-10 04:29:56,0.0,0,0,7603262,2019-05-10 04:29:56,,0.0,0.0,0,,0.0,0.0,0.0,142
1,[],17,[],2019-05-03 01:13:16,32967.38636364,0.00000088,0.000000000048224264,7559122,2019-05-03 01:13:16,btc,20.06976206696776,0.0,0.00000088,btc,2746.079105,0.0,0.0105613000000032,142
0,[],22,[],2019-05-10 04:29:58,0.0,0,0,7603263,2019-05-10 04:29:58,,66.66505393,0.0,0,,938775805.8,0.0,0.0,143
0,[],22,[],2019-02-25 15:42:22,0.0,0,0,6783783,2019-02-25 15:42:22,,4.2131946,0.0,0,,2322156.0,0.0,0.0,146
,[],22,[],2018-11-20 23:01:11,0.0,0,0,4862114,2018-11-20 23:01:11,,2.56807021,0.0,,,61828.4988236,0.0,0.0,147
1,[],12,[],2019-04-21 06:38:04,193091.5971266,0.00000071,0.000000000037635183,7388679,2019-04-21 06:38:04,btc,2.301232411611175,0.0,0.00000071,btc,9957.48302385,0.00023528,0.0313308199999888,148
1,[],4,[],2019-03-19 21:31:25,255810.0415942,0.00000029,0.000000000011615747,6982695,2019-03-19 21:31:25,btc,218.94922712414143,0.0,0.00000029,btc,793529.37642722,0.00117,0.0608347789473395,152
0,[],22,[],2019-03-19 21:31:27,0.0,0,0,6982696,2019-03-19 21:31:27,,0.0,0.0,0,,0.0,0.0,0.0,152
1,[],5,[],2019-04-26 09:36:59,0.0,0,0,7465040,2019-04-26 09:36:59,btc,0.0,0.0,0,btc,0.0,0.0,0.0,153
,[],16,[],2019-01-11 15:38:59,0.0,0,0,6366141,2019-01-11 15:38:59,btc,0.0,0.0,,btc,0.0,0.0,0.0,155
0,[],22,[],2019-05-10 04:30:02,0.0,0,0,7603264,2019-05-10 04:30:02,,6.80191271,0.0,0,,4673448.342592592,0.0,0.0,156
0,[],23,[],2019-01-20 23:24:29,0.0,0,0,6476932,2019-01-20 23:24:29,,0.0,0.0,0,,0.0,0.0,0.0,156
1,[],22,[],2019-05-10 04:30:07,7066.0,0.00000800,0.0000000004997168,7603265,2019-05-10 04:30:07,BTC,1.79802465,0.0,0.00000800,BTC,802.6461988741639,0.0,0.00062996,157
0,[],22,[],2019-05-07 22:25:46,0.0,0,0,7574238,2019-05-07 22:25:46,,50234.60468402,0.0,0,,54786159.03179465,0.0,0.0,158
,[],17,[],2018-11-20 22:56:10,0.0,0,0,4861976,2018-11-20 22:56:10,btc,1.1265625,0.0,,btc,1000.0,0.0,0.0,159
,[],20,[],2018-11-20 22:56:12,0.0,0,0,4861977,2018-11-20 22:56:12,btc,11912.7940471,0.0,,btc,34413894.3617,0.0,0.0,159
1,[],12,[],2019-05-10 04:30:08,266987.07665246,0.000003700000000000000150205368976141784287392511032521724700927734375,0.00000000023111902000000003,7603266,2019-05-10 04:30:08,btc,23.171241739790133,0.0,0.000003700000000000000150205368976141784287392511032521724700927734375,btc,11849.32716398,0.0043232821365401,0.0493973908630092,168
1,[],17,[],2019-05-03 01:13:36,42852.0,0.00000002,0.000000000001096006,7559132,2019-05-03 01:13:36,btc,0.04279856251542,0.0,0.00000002,btc,274.46171372,0.0,0.00052852,168
1,[],22,[],2019-05-07 03:57:18,743122.0,0.00000001,0.000000000000593596,7562020,2019-05-07 03:57:18,BTC,41.40912107,0.0,0.00000001,BTC,1593401.2737547632,0.00342649,0.00743122,169
1,[],22,[],2019-05-10 04:30:12,223990.0,0.0000001,0.0000000000062464600000000004,7603267,2019-05-10 04:30:12,BTC,26.86362729,0.0,0.0000001,BTC,442065.08201967884,0.001294,0.0041408,171
1,[],22,[],2019-05-10 04:30:16,355923.2,0.0000001,0.0000000000062464600000000004,7603268,2019-05-10 04:30:16,BTC,823.66878435,0.0,0.0000001,"BTC,LTC",676805.8088501493,0.0,0.01373235,173
1,[],5,[],2019-05-06 19:49:32,0.0,0,0,7559281,2019-05-06 19:49:32,btc,0.0,0.00023336,0,btc,0.0,0.0,0.0,175
1,[],22,[],2019-05-10 04:30:19,90671.0,0.00000001,0.000000000000624646,7603269,2019-05-10 04:30:19,BTC,394.0276142,0.0,0.00000001,BTC,136275.61833431243,0.0,0.00090671,176
1,[],7,[],2019-05-10 04:23:50,0.0,0,0,7603125,2019-05-10 04:23:50,btc,520279.2057799818,1000.0,0,btc,27832815.90907663,1e-05,0.0,178
0,[],22,[],2019-05-10 04:23:52,0.0,0,0,7603126,2019-05-10 04:23:52,,1.00242428,0.0,0,,57512.0,0.0,0.0,178
0,[],2,[],2019-01-20 23:28:34,0.0,0,0,6477001,2019-01-20 23:28:34,,0.0,0.0,0,,0.0,0.0,0.0,178
0,[],23,[],2019-01-20 23:25:08,0.0,0,0,6476952,2019-01-20 23:25:08,,0.0,0.0,0,,0.0,0.0,0.0,179
1,[],5,[],2019-05-10 04:23:54,0.0,0,0,7603127,2019-05-10 04:23:54,btc,0.0,0.06115396,0,btc,0.0,0.0,0.0,179
1,[],22,[],2019-05-10 04:23:57,3008452.0,0.00000001,0.000000000000628075,7603128,2019-05-10 04:23:57,BTC,5.3314508,0.0,0.00000001,BTC,13965226.911946677,0.00015036,0.03008452,179
1,[],22,[],2019-05-10 04:30:24,647901.9424768925,0.00000150,0.0000000000936969,7603270,2019-05-10 04:30:24,BTC,39.24999846,0.0,0.00000150,"BTC,LTC",38461.42359685341,0.00419109,0.5641043,180
1,[],26,[],2019-05-10 04:30:24,0.0,0.00000120,0.00000000007495752000000001,7603271,2019-05-10 04:30:24,btc,0.0,0.0,0.00000120,btc,0.0,0.0,0.0,180
1,[],17,[],2019-05-03 01:13:56,20504.725000000002,0.0000001,0.00000000000548003,7559141,2019-05-03 01:13:56,btc,5.2010695838400265,0.0,0.0000001,btc,5033.45945,0.0,0.0011504725,180
,[],7,[],2018-11-20 22:58:01,562227.975654,0.00000085,0.000000000036176765,4862015,2018-11-20 22:58:01,btc,21836.6059674,2491.87645172,,btc,749999.041456,0.00211021,0.127565380455,183
,[],5,[],2019-01-10 08:11:41,0.0,0,0,6347036,2019-01-10 08:11:41,btc,82.15055501,0.00261,,btc,1.19002445,0.0,0.0,187
1,[],24,[],2019-04-30 17:34:05,0.0,0.000000000014,7.396256000000001e-16,7526291,2019-04-30 17:34:05,btc,0.0,0.0,0.000000000014,btc,0.0,0.0,0.0,187
,[],17,[],2018-11-16 20:58:10,4062536.27273,0.00000001,0.000000000000550501,4708775,2018-11-16 20:58:10,btc,3.36492563466,0.195460381006,,"btc,eth",110697919.549,0.0,0.0157628953496,187
0,[],22,[],2019-04-25 02:54:07,0.0,0,0,7447896,2019-04-25 02:54:07,,7.54794454,0.0,0,,76361.7243344055,0.0,0.0,191
0,[],22,[],2019-05-10 04:30:29,0.0,0,0,7603272,2019-05-10 04:30:29,,0.0,0.0,0,,0.0,0.0,0.0,197
0,[],23,[],2019-01-20 23:31:41,0.0,0,0,6477079,2019-01-20 23:31:41,,0.0,0.0,0,,0.0,0.0,0.0,199
0.0000000001226506,[],22,[],2019-05-10 04:30:33,54733331.0,2.453012e-18,1.532264133752e-22,7603273,2019-05-10 04:30:33,LTC,7.64520347,0.0,0.00000002,LTC,35259414.0,0.0,0.64066281,199
1,[],26,[],2019-05-10 04:30:33,0.0,0.00000000,0,7603274,2019-05-10 04:30:33,btc,0.0,0.0,0.00000000,btc,0.0,0.0,0.0,199
0,[],2,[],2019-01-20 23:30:49,0.0,0,0,6477059,2019-01-20 23:30:49,,0.0,0.0,0,,0.0,0.0,0.0,201
1,[],4,[],2019-01-25 15:51:35,2084389.58565343,0.00000936,0.000000000333526752,6499557,2019-01-25 15:51:35,btc,2.0092503037378524,0.0,0.00000936,btc,160195.80207885,0.19272417,1.242687955921835,211
1,[],7,[],2019-05-10 04:30:36,14370230.66895592,0.00000089,0.000000000055593494,7603275,2019-05-10 04:30:36,btc,15559116.707530389,51267.081602,0.00000089,btc,13027261.44653976,0.0,1.5794946117518003,212
1,[],5,[],2019-05-07 13:02:51,0.0,0,0,7566706,2019-05-07 13:02:51,btc,0.0,0.43032184,0,btc,0.0,0.0,0.0,213
1,[],24,[],2019-05-07 13:02:52,0.0,0.000000050000,0.000000000002968865,7566707,2019-05-07 13:02:52,btc,0.0,0.0,0.000000050000,btc,0.0,0.0,0.0,213
1,[],26,[],2019-05-07 13:02:52,0.0,0.00000040,0.00000000002375092,7566708,2019-05-07 13:02:52,btc,0.0,0.0,0.00000040,btc,0.0,0.0,0.0,213
1,[],12,[],2019-01-25 02:44:32,207462.42853209,0.000001080000000000000035831255497387193287295303889550268650054931640625,0.000000000038610756000000006,6493050,2019-01-25 02:44:32,btc,85023.03793723314,0.0,0.000001080000000000000035831255497387193287295303889550268650054931640625,btc,43675.73520027,0.000146250909087,0.0348620860622024,213
0,[],22,[],2019-05-10 04:30:39,0.0,0,0,7603276,2019-05-10 04:30:39,,9.58044616,0.0,0,,2340817.094064925,0.0,0.0,216
1,[],27,[],2019-05-10 04:30:51,12631.0,0.00000001,0.000000000000624646,7603277,2019-05-10 04:30:51,btc,61.91905531123932,13369.0,0.00000001,"btc,ltc",219943.337308,0.00013369,0.00012631,216
1,[],22,[],2019-05-10 04:30:54,285015.0,0.00000100,0.0000000000624646,7603278,2019-05-10 04:30:54,BTC,12055.00614997,0.0,0.00000100,BTC,463447.646256785,0.03370616,0.03947508,217
1,[],7,[],2019-05-10 04:30:56,0.0,0,0,7603279,2019-05-10 04:30:56,btc,111302.55957245249,0.0,0,btc,136863796.67828158,0.0,0.0,219
0,[],27,[],2019-05-10 04:31:02,0.0,0,0,7603280,2019-05-10 04:31:02,,0.05960067,0.0,0,btc,1692528.0,0.0,0.0,219
0,[],28,[],2019-05-10 04:31:04,0.0,0,0,7603281,2019-05-10 04:31:04,,0.0,0.0,0,,0.0,0.0,0.0,219
1,[],22,[],2019-05-10 04:31:07,381170.0,0.00000004,0.000000000002498584,7603282,2019-05-10 04:31:07,BTC,56.7649867,0.0,0.00000004,BTC,131552.84827387411,0.0,0.0123008,221
1,[],24,[],2019-05-10 04:31:07,0.0,0.000000010000,0.000000000000624646,7603283,2019-05-10 04:31:07,btc,0.0,0.0,0.000000010000,btc,0.0,0.0,0.0,221
1,[],20,[],2019-05-10 04:31:10,13064478.4771,0.00000002,0.000000000001249292,7603284,2019-05-10 04:31:10,btc,100090.80185910674,2193160.4358,0.00000002,btc,15719287.3253,0.0440345334075,0.0586527580478,224
0,[],22,[],2019-05-10 04:31:12,0.0,0,0,7603285,2019-05-10 04:31:12,,0.0,0.0,0,,0.0,0.0,0.0,224
1,[],26,[],2019-05-10 04:31:13,0.0,0.00000026,0.000000000016240796,7603286,2019-05-10 04:31:13,btc,0.0,0.0,0.00000026,btc,0.0,0.0,0.0,231
1,[],26,[],2019-05-10 04:31:13,0.0,0.00000005,0.0000000000031232300000000002,7603287,2019-05-10 04:31:13,btc,0.0,0.0,0.00000005,btc,0.0,0.0,0.0,234
0,[],27,[],2019-05-10 04:31:21,0.0,0,0,7603288,2019-05-10 04:31:21,,0.01134836604,0.0,0,"btc,eth",11462.996,0.0,0.0,234
1,[],4,[],2019-04-29 21:02:20,217188.93193785,0.00000080,0.00000000004151584,7514327,2019-04-29 21:02:20,btc,5.239800103892936,0.0,0.00000080,btc,797346.30008933,0.0,0.0590549781555679,236
1,[],24,[],2019-04-29 21:02:20,0.0,0.000000100000,0.00000000000518948,7514328,2019-04-29 21:02:20,btc,0.0,0.0,0.000000100000,btc,0.0,0.0,0.0,236
1,[],5,[],2019-05-06 20:53:15,0.0,0,0,7559637,2019-05-06 20:53:15,btc,0.0,0.20253514,0,btc,0.0,0.0,0.0,237
1,[],20,[],2019-05-06 20:53:18,38173217.6136,0.000000083,0.0000000000047460728,7559638,2019-05-06 20:53:18,btc,21342.514614200165,8832375.7238,0.000000083,btc,27701499.3386,0.7554403456107,1.3621107610479,237
1,[],22,[],2019-05-06 20:53:20,343938.0,0.00000009,0.000000000005146344,7559639,2019-05-06 20:53:20,BTC,1.20267422,0.0,0.00000009,BTC,17930.94871794872,0.0,0.01017442,237
1,[],4,[],2019-05-10 04:31:22,22955900.16572299,0.00000015,0.000000000009369690000000001,7603289,2019-05-10 04:31:22,btc,3.345614963465687,0.0,0.00000015,btc,9170942.81286008,0.26374176,1.023191487028362,238
1,[],5,[],2019-05-10 04:31:24,0.0,0,0,7603290,2019-05-10 04:31:24,btc,0.0,0.0108341,0,btc,0.0,0.0,0.0,238
0,[],22,[],2019-03-12 16:49:32,0.0,0,0,6914458,2019-03-12 16:49:32,,0.40415746,0.0,0,,526736.5639027493,0.0,0.0,249
0,[],22,[],2019-05-10 04:31:27,0.0,0,0,7603291,2019-05-10 04:31:27,,4.07185431,0.0,0,,34094948.41407407,0.0,0.0,252
0,[],28,[],2019-05-10 04:31:28,0.0,0,0,7603292,2019-05-10 04:31:28,,0.0,0.0,0,,0.0,0.0,0.0,256
1,[],22,[],2019-05-10 04:31:32,1088993.5,0.00000002,0.000000000001249292,7603293,2019-05-10 04:31:32,BTC,21.88116616,0.0,0.00000002,BTC,522884.63333384093,0.0,0.01124633,258
1,[],22,[],2019-03-13 00:07:30,47146.0,0.00000001,0.000000000000387233,6917028,2019-03-13 00:07:30,BTC,2.415167,0.0,0.00000001,BTC,157.0,0.0,0.00047146,259
1,[],5,[],2019-05-10 04:31:33,0.0,0,0,7603294,2019-05-10 04:31:33,btc,0.0,0.36452472,0,btc,0.0,0.0,0.0,264
1,[],20,[],2019-05-10 04:31:34,1257569.7241,0.00000115,0.00000000007183429000000001,7603295,2019-05-10 04:31:34,btc,4.9322862797969,114161.1579,0.00000115,btc,87472.3294,0.1311474824791,0.0211732205586,264
0,[],22,[],2019-04-12 17:57:27,0.0,0,0,7278186,2019-04-12 17:57:27,,66.37522201,0.0,0,,677842.4169881374,0.0,0.0,271
0,[],22,[],2019-05-10 04:31:37,0.0,0,0,7603296,2019-05-10 04:31:37,,33051802.3172899,0.0,0,,15696307799.7,0.0,0.0,272
0,[],28,[],2019-05-10 04:31:39,0.0,0,0,7603297,2019-05-10 04:31:39,,0.0,0.0,0,,0.0,0.0,0.0,272
1,[],22,[],2019-05-10 04:31:43,131499.7,0.00000014,0.000000000008745044,7603298,2019-05-10 04:31:43,BTC,427.42495672,0.0,0.00000014,BTC,249705.37764460206,0.0,0.00447418,281
1,[],22,[],2019-05-10 04:31:47,610218.1,0.00000002,0.000000000001249292,7603299,2019-05-10 04:31:47,BTC,1.50575062,0.0,0.00000002,"BTC,LTC",603355.1256135202,0.0006973,0.01735568,286
0,[],22,[],2019-05-10 04:31:50,0.0,0,0,7603300,2019-05-10 04:31:50,,7337892.75526966,0.0,0,,1388519262.7797825,0.0,0.0,294
