pairValue,buyBook,exchangeId,sellBook,updated,buyTotal,satoshiPrice,usdPrice,exchangeLogId,created,bestPair,sellTotalBtc,volume,pairPrice,activePairs,sellTotal,volumeBtc,buyTotalBtc,coinId
1,[],3,[],2019-05-10 21:39:20,32390.38885215572,0.01026232000000000012251977210553377517499029636383056640625,0.0000006520082913440001,7612817,2019-05-10 21:39:20,btc,3.818888102124472,207.073421448,0.01026232000000000012251977210553377517499029636383056640625,btc,23.36663640056,0.0,0.4573545153263768,1
1,[],4,[],2019-05-10 21:39:20,251163.53812649,0.01061635,0.0000006745013041700001,7612818,2019-05-10 21:39:20,btc,9.074069402100148,0.0,0.01061635,btc,417.90361891,1.7218788,0.5702512903187766,1
1,[],5,[],2019-05-10 21:39:23,0.0,0,0,7612819,2019-05-10 21:39:23,btc,0.0,0.07824692,0,btc,0.0,0.0,0.0,1
1,[],10,[],2019-05-10 21:39:26,184868.19526953,0.00901354,0.000000572668053068,7612820,2019-05-10 21:39:26,btc,6525.263400182745,1581.54396996,0.00901354,btc,1475.25595666,0.0,3.544208131698967,1
1,[],12,[],2019-05-10 21:39:29,96.97742209,0.0107299999999999999544808559903685818426311016082763671875,0.000000681721966,7612821,2019-05-10 21:39:29,btc,0.1298773236629,0.0,0.0107299999999999999544808559903685818426311016082763671875,btc,8.44206952,0.4247102288118,0.5804173648959,1
1,[],20,[],2019-05-10 21:39:31,975.4155,0.010710031,0.0000006804532515602,7612822,2019-05-10 21:39:31,btc,0.078953598354,0.0188,0.010710031,btc,5.2209,0.0002209,0.1760284517655,1
1,[],21,[],2019-05-10 21:41:31,1469.71627481,0.01081002000000000004553690758,0.0000006868059726840001,7612823,2019-05-10 21:41:31,btc,16.520415866260365,5206.39717847,0.0108100200000000000455369075780254206620156764984130859375,btc,1449.32350128,55.16671748,15.444629577496448,1
0,[],22,[],2019-05-10 21:41:34,0.0,0,0,7612824,2019-05-10 21:41:34,,0.3163308,0.0,0,,0.2527518593615956,0.0,0.0,1
1,[],24,[],2019-05-10 21:41:35,0.0,0.000000000000,0,7612825,2019-05-10 21:41:35,btc,0.0,0.0,0.000000000000,btc,0.0,0.0,0.0,1
0.0,[],25,[],2019-05-10 21:41:36,0.0,0,0,7612826,2019-05-10 21:41:36,btc,21.09999999932039,4871.38539181,0.0,btc,1914.13482397,52.4612,0.0,1
1,[],26,[],2019-05-10 21:41:38,0.0,0,0,7612827,2019-05-10 21:41:38,,0.0,0.0,0,,0.0,0.0,0.0,1
0,[],28,[],2019-05-10 21:41:48,0.0,0,0,7612828,2019-05-10 21:41:48,,0.0,0.0,0,,0.0,0.0,0.0,1
0,[],2,[],2019-01-20 23:28:45,0.0,0,0,6477011,2019-01-20 23:28:45,,0.0,0.0,0,,0.0,0.0,0.0,1
1,[],5,[],2019-05-10 21:41:50,0.0,0,0,7612829,2019-05-10 21:41:50,btc,0.0,0.00862876,0,btc,0.0,0.0,0.0,2
1,[],22,[],2019-05-10 21:43:52,9148.0,0.00000001,0.000000000000635342,7612830,2019-05-10 21:43:52,BTC,21.00846647,0.0,0.00000001,BTC,24148.96059725142,0.0,0.00095635,2
1,[],5,[],2019-05-10 21:43:54,0.0,0,0,7612831,2019-05-10 21:43:54,btc,0.0,0.07435286,0,btc,0.0,0.0,0.0,3
1,[],12,[],2019-05-10 21:43:55,2259610.7279481,0.000000145,0.000000000009212458999999999,7612832,2019-05-10 21:43:55,btc,2714597.4793766844,0.0,0.000000145,btc,4289059.96883654,0.05707847579847234,0.2200541995393745,3
0,[],28,[],2019-05-10 21:43:57,0.0,0,0,7612833,2019-05-10 21:43:57,,0.0,0.0,0,,0.0,0.0,0.0,3
0,[],2,[],2019-01-20 23:31:32,0.0,0,0,6477077,2019-01-20 23:31:32,,0.0,0.0,0,,0.0,0.0,0.0,4
1,[],4,[],2019-04-26 19:14:12,610911.70993152,0.00000026,0.000000000013566046,7471614,2019-04-26 19:14:12,btc,31.457742656463164,0.0,0.00000026,btc,718733.71307795,0.00142695,0.0638464483338706,4
0,[],12,[],2019-04-25 23:08:22,0.0,0,0,7459310,2019-04-25 23:08:22,btc,1111851.94727753,0.0,0,btc,953412.0,0.0,0.0,5
0,[],2,[],2019-01-20 23:31:51,0.0,0,0,6477087,2019-01-20 23:31:51,,0.0,0.0,0,,0.0,0.0,0.0,6
1,[],11,[],2019-05-10 21:43:59,5042415.307535999,0.00000001,0.000000000000635342,7612834,2019-05-10 21:43:59,btc,9576.517452469494,953882.934,0.00000001,btc,47429888.75253575,0.0,0.05042415307536,6
1,[],3,[],2019-05-10 21:44:00,11085.789300832708,0.00014067999999999998800119527242458161708782427012920379638671875,0.000000008937991256,7612835,2019-05-10 21:44:00,btc,14.35972936076409,72.2557011207,0.00014067999999999998800119527242458161708782427012920379638671875,btc,346.225549964109,0.0,0.03046275516574913,7
1,[],4,[],2019-05-10 21:44:01,39358.72670035,0.00013728,0.000000008721974976,7612836,2019-05-10 21:44:01,btc,7.94974551249999,0.0,0.00013728,btc,35686.74086664,3.14254633,1.980980104430229,7
1,[],5,[],2019-05-10 21:44:02,0.0,0,0,7612837,2019-05-10 21:44:02,btc,0.0,1.76608485,0,btc,0.0,0.0,0.0,7
1,[],20,[],2019-04-07 22:06:50,3201475.0482,0.000000001,0.000000000000051590000000000004,7213932,2019-04-07 22:06:50,btc,30.8005781811902,0.0,0.000000001,btc,23077405.3926,0.0,0.0032014750482,8
0,[],2,[],2019-01-20 23:22:42,0.0,0,0,6476876,2019-01-20 23:22:42,,0.0,0.0,0,,0.0,0.0,0.0,9
0,[],23,[],2019-01-20 23:22:48,0.0,0,0,6476878,2019-01-20 23:22:48,,0.0,0.0,0,,0.0,0.0,0.0,9
1,[],4,[],2019-05-10 21:44:05,21244232.95339818,0.00000074,0.000000000047015308,7612838,2019-05-10 21:44:05,btc,4.48511666846926,0.0,0.00000074,btc,3387884.85226141,0.90620585,0.5153500057732049,9
0,[],28,[],2019-05-10 21:44:07,0.0,0,0,7612839,2019-05-10 21:44:07,,0.0,0.0,0,,0.0,0.0,0.0,9
1,[],1,[],2019-02-17 23:31:42,1822507.21,0.00000181000000000000003456111265232042484285557293333113193511962890625,0.000000000066086901,6701244,2019-02-17 23:31:42,btc,3.6990969245,17153386.5,0.00000181000000000000003456111265232042484285557293333113193511962890625,btc,1997391.71,31.11772986,3.2610482446,9
1,[],4,[],2019-02-17 11:22:43,4341674.27126056,0.00000002,0.0000000000007272960000000001,6696112,2019-02-17 11:22:43,btc,0.1997230937751353,0.0,0.00000002,btc,4109766.79808031,0.00215132,0.0479381022052112,10
0,[],2,[],2019-01-20 23:23:08,0.0,0,0,6476890,2019-01-20 23:23:08,,0.0,0.0,0,,0.0,0.0,0.0,12
1,[],4,[],2019-05-10 21:44:08,10671329.80347837,0.00000079,0.000000000050192018,7612840,2019-05-10 21:44:08,btc,7.240261214961828,0.0,0.00000079,btc,5355792.40250386,1.33559214,4.719371393531327,12
1,[],5,[],2019-05-10 21:44:10,0.0,0,0,7612841,2019-05-10 21:44:10,btc,0.0,0.16543594,0,btc,0.0,0.0,0.0,12
0.0,[],25,[],2019-05-10 21:44:11,0.0,0,0,7612842,2019-05-10 21:44:11,,0.0,0.0,0.0,btc,0.0,0.0,0.0,12
1,[],4,[],2019-05-10 21:28:55,32064824.1565162,0.00000579,0.000000000367011309,7612695,2019-05-10 21:28:55,btc,2.619714944413715,0.0,0.00000579,btc,320327.01963717,0.48932907,1.0426105855720242,13
1,[],21,[],2019-05-10 21:29:01,3874572.9379216,0.000005710000000000000387474340807,0.00000000036194034100000005,7612696,2019-05-10 21:29:01,btc,4.465331403904578,718460.08756169,0.0000057100000000000003874743408072145456344514968805015087127685546875,btc,651676.13974772,4.21006691,18.669472560023394,13
1,[],10,[],2019-05-10 21:22:09,523311.57318888,0.00000553,0.000000000349288072,7612543,2019-05-10 21:22:09,btc,666793.5242387413,94216.90213,0.00000553,btc,720879.40522863,0.0,0.4111004622617734,13
1,[],4,[],2019-05-10 21:29:01,1065034.5287601,0.00000091,0.000000000057682261,7612697,2019-05-10 21:29:01,btc,6.34736026676265,0.0,0.00000091,btc,1263654.07875045,0.01122735,0.1931234154178226,14
1,[],12,[],2019-05-10 21:29:02,254928.75574562,0.00000085,0.000000000053879035000000004,7612698,2019-05-10 21:29:02,btc,0.1185347645076944,0.0,0.00000085,btc,14931.03903504,5.24475524475e-05,0.028482839999970002,14
1,[],26,[],2019-05-10 21:29:04,0.0,0.00000050,0.00000000003169355,7612699,2019-05-10 21:29:04,btc,0.0,0.0,0.00000050,btc,0.0,0.0,0.0,14
0,[],17,[],2019-05-03 00:53:32,0.0,0,0,7558876,2019-05-03 00:53:32,btc,0.0,0.0,0,btc,0.0,0.0,0.0,14
0,[],4,[],2019-05-10 21:29:05,0.0,0,0,7612700,2019-05-10 21:29:05,,0.0,0.0,0,,0.0,0.0,0.0,15
,[],12,[],2018-12-01 15:15:48,204241.84496,0.00000489,0.000000000202473384,5260204,2018-12-01 15:15:48,btc,49.5475654835,0.0,,btc,35763.2193806,0.0163153972027625,0.0203389899998,15
0,[],2,[],2019-01-20 23:23:38,0.0,0,0,6476906,2019-01-20 23:23:38,,0.0,0.0,0,,0.0,0.0,0.0,18
1,[],4,[],2019-05-10 21:22:17,28943.4162985,0.00001236,0.000000000780687264,7612549,2019-05-10 21:22:17,btc,1.149827648207928,0.0,0.00001236,btc,17211.13295869,0.01064561,0.0774841592603866,18
1,[],10,[],2019-05-10 21:22:19,166752.13217606,0.00001498,0.000000000946172752,7612550,2019-05-10 21:22:19,btc,15.406791844702548,14314.9411261,0.00001498,btc,9849.3591226,0.0,0.5184690277481044,18
1,[],12,[],2019-05-10 21:22:20,222288.94966837,0.000012500000000000000599021700298241199789117672480642795562744140625,0.0000000007895300000000001,7612551,2019-05-10 21:22:20,btc,33215.3206637698,0.0,0.000012500000000000000599021700298241199789117672480642795562744140625,btc,1271.29642133,0.0033436905059574,0.0143867445347106,18
0,[],17,[],2019-05-03 00:53:39,0.0,0,0,7558882,2019-05-03 00:53:39,btc,0.0,0.0,0,btc,0.0,0.0,0.0,18
1,[],3,[],2019-05-10 21:29:06,158686.1060374608,0.0000128900000000000002531481968492954592875321395695209503173828125,0.000000000817059719,7612701,2019-05-10 21:29:06,btc,0.2549878699090589,877.526669329,0.0000128900000000000002531481968492954592875321395695209503173828125,btc,7252.566877867577,0.0,0.05121513871452639,19
1,[],4,[],2019-05-10 21:29:08,455634.76362686,0.00001297,0.000000000822130687,7612702,2019-05-10 21:29:08,btc,3.6795846611016154,0.0,0.00001297,btc,118808.87675768,0.23828397,0.7129577156098679,19
1,[],5,[],2019-05-10 21:29:08,0.0,0,0,7612703,2019-05-10 21:29:08,btc,0.0,0.00083156,0,btc,0.0,0.0,0.0,19
1,[],12,[],2019-05-10 21:29:09,211189.18102,0.00001283000000000000082761054953639501263751299120485782623291015625,0.0000000008132564930000001,7612704,2019-05-10 21:29:09,btc,0.3020572316225653,0.0,0.00001283000000000000082761054953639501263751299120485782623291015625,btc,3005.57901296,0.0021160241977322,0.1023018884039564,19
1,[],27,[],2019-05-10 21:29:17,100.0,0.0000001,0.00000000000633871,7612705,2019-05-10 21:29:17,btc,0.0,0.0,0.0000001,btc,0.0,0.0,1e-05,19
0,[],2,[],2019-01-20 23:24:19,0.0,0,0,6476924,2019-01-20 23:24:19,,0.0,0.0,0,,0.0,0.0,0.0,19
1,[],4,[],2019-05-10 21:29:18,1834878.57391266,0.00000010,0.00000000000633871,7612706,2019-05-10 21:29:18,btc,5.279309685630553,0.0,0.00000010,btc,2279170.28595418,0.0,0.0608385352282092,20
1,[],4,[],2019-05-10 21:31:18,74582902.90551692,0.00000001,0.000000000000633871,7612707,2019-05-10 21:31:18,btc,39078.62394997201,0.0,0.00000001,btc,56276106.68986641,0.00486635,0.7458290290551692,21
1,[],12,[],2019-05-10 21:31:19,5217850.0,0.00000001,0.0000000000006338710000000001,7612708,2019-05-10 21:31:19,btc,2895.661719010819,0.0,0.00000001,btc,7235925.79820176,0.00016704,0.0521785,21
0,[],17,[],2019-05-03 00:53:51,0.0,0,0,7558891,2019-05-03 00:53:51,btc,0.0,0.0,0,btc,0.0,0.0,0.0,21
1,[],12,[],2019-05-10 21:31:22,8038000623.808,0.0000000005,0.00000000000003169355,7612709,2019-05-10 21:31:22,btc,311121804027.5362,0.0,0.0000000005,btc,2493804713.7986064,0.2864120452817183,1.9617286934040001,23
0.000000000271098,[],27,[],2019-05-10 21:31:30,4046823.0,2.71098e-18,1.71841160358e-22,7612710,2019-05-10 21:31:30,eth,10184.579364100791,650669240.554554,0.00000001,eth,6769101.7384,3.52790259522138e-09,1.097085621654e-11,23
1,[],4,[],2019-05-10 21:31:31,831890.81063363,0.00000032,0.000000000020283872,7612711,2019-05-10 21:31:31,btc,14.01702953675466,0.0,0.00000032,btc,2095650.04060343,0.02933396,0.0695953948200784,24
1,[],22,[],2019-05-10 21:31:34,21.76,0.00000100,0.0000000000633871,7612712,2019-05-10 21:31:34,BTC,7.415e-05,0.0,0.00000100,BTC,23.919354838709676,0.0,1.186e-05,24
0.0,[],25,[],2019-05-10 21:31:36,0.0,0,0,7612713,2019-05-10 21:31:36,,0.0,0.0,0.0,btc,0.0,0.0,0.0,24
1,[],4,[],2019-05-10 21:31:37,26984052.92542799,0.00000416,0.000000000263690336,7612714,2019-05-10 21:31:37,btc,11.228553792684538,0.0,0.00000416,btc,332245.88759607,0.15963373,0.4861616570086949,26
1,[],10,[],2019-05-10 21:31:39,117435.88653299,0.00000852,0.000000000540058092,7612715,2019-05-10 21:31:39,btc,25.848855767375202,3213.35370849,0.00000852,btc,20006.96842861,0.0,0.0667422490146594,26
0,[],2,[],2019-01-20 23:25:56,0.0,0,0,6476976,2019-01-20 23:25:56,,0.0,0.0,0,,0.0,0.0,0.0,26
1,[],11,[],2019-04-30 04:16:17,7094566.83690364,0.00000006,0.000000000003115554,7518027,2019-04-30 04:16:17,btc,67504.138725751,6116.07566417,0.00000006,btc,6591680.7351637,0.0,0.38529422037817224,27
1,[],5,[],2019-04-26 09:47:06,0.0,0,0,7465326,2019-04-26 09:47:06,btc,0.0,0.0,0,btc,0.0,0.0,0.0,27
1,[],3,[],2019-04-28 02:38:55,141621.60361514,0.00000001,0.0000000000005253330000000001,7491060,2019-04-28 02:38:55,btc,2.501704004580372,921815.184511,0.00000001,btc,21091882.2176418,0.0,0.0014162160361513999,27
1,[],4,[],2019-05-10 21:31:40,1540021400.9532325,0.00000001,0.000000000000633871,7612716,2019-05-10 21:31:40,btc,5.533282109035474,0.0,0.00000001,"btc,ltc",293987995.4744072,1.18639696,9.97278806063754,29
1,[],7,[],2019-05-10 21:31:41,113405941.7229273,0.00000001,0.0000000000006338710000000001,7612717,2019-05-10 21:31:41,btc,46550610.70886549,944251.965755,0.00000001,btc,41375707.608253896,0.01888504,1.134059417229273,29
1,[],4,[],2019-05-10 21:31:42,1552781.30711927,0.00000011,0.000000000006972581,7612718,2019-05-10 21:31:42,btc,2.8591955631219697,0.0,0.00000011,btc,2549158.44847338,0.00073186,0.0390888771722806,30
0,[],17,[],2019-05-03 01:11:25,0.0,0,0,7559066,2019-05-03 01:11:25,btc,0.0,0.0,0,btc,0.0,0.0,0.0,30
1,[],4,[],2019-05-10 21:31:44,283171.01709213,0.00005302,0.000000003360784042,7612719,2019-05-10 21:31:44,btc,6.08163088634819,0.0,0.00005302,btc,58409.57365904,0.52612196,0.9327089824154917,31
1,[],21,[],2019-05-10 21:31:45,37613.53965515,0.00005300000000000000077802347898,0.0000000033595163,7612720,2019-05-10 21:31:45,btc,4.10879778031153,178095.38163968,0.000053000000000000000778023478975597981843748129904270172119140625,btc,71654.01027199,9.41248087,1.7294967908468009,31
0,[],2,[],2019-01-20 23:28:43,0.0,0,0,6477009,2019-01-20 23:28:43,,0.0,0.0,0,,0.0,0.0,0.0,32
0,[],4,[],2019-05-10 21:31:47,0.0,0,0,7612721,2019-05-10 21:31:47,,0.0,0.0,0,,0.0,0.0,0.0,33
1,[],12,[],2019-03-30 07:55:10,40641173.964,0.00000003,0.000000000001228359,7108785,2019-03-30 07:55:10,btc,4233210.82356125,0.0,0.00000003,btc,28378394.68333462,0.0126927883965248,0.90752895892,33
1,[],4,[],2019-05-10 21:31:48,1458216.76861,0.00000001,0.000000000000633871,7612722,2019-05-10 21:31:48,btc,3.9061700136773063,0.0,0.00000001,btc,153864824.03281787,0.0004512,0.0145821676861,34
1,[],5,[],2019-05-10 21:31:50,0.0,0,0,7612723,2019-05-10 21:31:50,btc,0.0,0.01141534,0,btc,0.0,0.0,0.0,34
0.000000000133684,[],4,[],2019-05-02 18:17:45,3384239970.6360936,1.3368400000000002e-18,7.293946092400001e-23,7556428,2019-05-02 18:17:45,ltc,5.381102735485169e-08,0.0,0.00000001,ltc,6862894551.7408495,0.0,4.524187362345155e-09,36
1,[],5,[],2019-05-02 18:17:46,0.0,0,0,7556429,2019-05-02 18:17:46,btc,0.0,0.0,0,btc,0.0,0.0,0.0,36
0.0000000002926451,[],17,[],2019-05-02 18:17:47,200000.0,2.9264510000000002e-18,1.596703856561e-22,7556430,2019-05-02 18:17:47,eth,0.20942468735267253,0.0,0.00000001,"btc,eth",1018272.20243647,0.0,5.852902e-13,36
0.000000000133684,[],27,[],2019-05-02 18:17:55,7883196.008,1.3368400000000002e-18,7.293946092400001e-23,7556431,2019-05-02 18:17:55,ltc,25567.4086131264,0.0,0.00000001,"ltc,eth",21753551.64,0.0,1.0538571751334722e-11,36
1,[],4,[],2019-05-10 21:31:51,273940.67951792,0.00000023,0.000000000014579033,7612724,2019-05-10 21:31:51,btc,19772.872157580623,0.0,0.00000023,btc,952068.67844371,0.01563262,0.0224055692437182,37
1,[],12,[],2019-05-10 21:31:53,1057673.09523808,0.00000021,0.000000000013311291000000001,7612725,2019-05-10 21:31:53,btc,19604.349487139567,0.0,0.00000021,btc,448275.2359777,0.0236047130591058,0.0945928099999968,37
1,[],27,[],2019-05-10 21:31:59,1600.0,0.00000015,0.000000000009508065,7612726,2019-05-10 21:31:59,btc,24.12824334291843,0.0,0.00000015,btc,5839.49448498,0.0,3e-05,37
1,[],17,[],2019-05-03 01:11:36,211752.74075282,0.00000025,0.000000000013700074999999998,7559074,2019-05-03 01:11:36,btc,0.055484923955058496,0.0,0.00000025,"btc,eth",1387.19918473,0.0,0.0005381851887916605,37
1,[],5,[],2019-05-10 21:32:01,0.0,0,0,7612727,2019-05-10 21:32:01,btc,0.0,0.02704252,0,btc,0.0,0.0,0.0,42
1,[],12,[],2019-05-10 21:32:02,409830.81821307,0.0000022299999999999998249729064869750772004408645443618297576904296875,0.00000000014135323299999998,7612728,2019-05-10 21:32:02,btc,2227595.282579303,0.0,0.0000022299999999999998249729064869750772004408645443618297576904296875,btc,91253.4917255,0.4072511709990635,0.084142659803017,42
1,[],27,[],2019-05-10 21:32:18,506.0,0.00000002,0.000000000001267742,7612729,2019-05-10 21:32:18,btc,1.26188489793465,0.0,0.00000002,"btc,eth",1317.3275157,0.0,3.000000421720049e-06,42
1,[],12,[],2019-03-13 09:13:29,1112112.0,0.00000001,0.000000000000386531,6919902,2019-03-13 09:13:29,btc,29058.00478931866,0.0,0.00000001,btc,5967681.93306694,9.99000999e-07,0.01112112,43
1,[],5,[],2019-04-26 22:38:52,0.0,0,0,7474154,2019-04-26 22:38:52,btc,0.0,0.02638891,0,btc,0.0,0.0,0.0,43
0,[],17,[],2019-04-26 22:38:53,0.0,0,0,7474155,2019-04-26 22:38:53,btc,0.0,0.0,0,btc,0.0,0.0,0.0,43
1,[],12,[],2019-03-05 01:54:08,639326.02,0.00000004,0.000000000001486676,6845775,2019-03-05 01:54:08,btc,11116042.728239931,0.0,0.00000004,btc,1103841.4595604,0.0003330765234764,0.014975410599999999,44
1,[],4,[],2019-05-10 21:32:19,130964427.34668,0.00000001,0.000000000000633871,7612730,2019-05-10 21:32:19,btc,436.82523408959213,0.0,0.00000001,"btc,ltc",23049031.09584506,0.00638289,0.2811590030898675,49
0.0000000001210699,[],4,[],2019-05-10 21:32:20,74324609.15318385,7.9906134e-17,5.0650181064714e-21,7612731,2019-05-10 21:32:20,ltc,21614.61694859931,0.0,0.00000066,ltc,104013643.1574747,0.0,1.679789528321589e-09,52
0,[],22,[],2019-05-10 21:32:23,0.0,0,0,7612732,2019-05-10 21:32:23,,10289.62709543,0.0,0,,309505736.4566013,0.0,0.0,57
0,[],27,[],2019-05-10 21:32:38,0.0,0,0,7612733,2019-05-10 21:32:38,,0.0,0.0,0,"btc,eth",0.0,0.0,0.0,57
0.0000000001210699,[],4,[],2019-05-10 21:32:38,1050879965.9406304,1.210699e-18,7.67426985829e-23,7612734,2019-05-10 21:32:38,ltc,19.110261832238155,0.0,0.00000001,ltc,6037091606.651433,0.0,1.2722993238843553e-09,58
1,[],12,[],2019-05-10 21:32:39,1557663351.0,0.0000000001,0.00000000000000633871,7612735,2019-05-10 21:32:39,btc,11897162.865711119,0.0,0.0000000001,btc,4373303897.817192,0.020463424798999198,0.15576633510000001,58
0.0000000001062008,[],22,[],2019-05-10 21:32:43,137323.0,1.0620080000000002e-18,6.73176072968e-23,7612736,2019-05-10 21:32:43,XMR,69.17947824,0.0,0.00000001,XMR,9887848.044444444,0.0,0.00137323,58
1,[],17,[],2019-05-03 01:12:09,1200000.0,0.0000000001,0.00000000000000548003,7559085,2019-05-03 01:12:09,btc,1e+24,0.0,0.0000000001,"btc,eth",39516342.31952568,0.0,0.00010000000058666061,58
1,[],5,[],2019-05-10 21:32:45,0.0,0,0,7612737,2019-05-10 21:32:45,btc,0.0,0.00508849,0,btc,0.0,0.0,0.0,61
1,[],22,[],2019-05-10 21:32:47,13613.833333333334,0.00000012,0.000000000007606452,7612738,2019-05-10 21:32:47,BTC,1002.29626883,0.0,0.00000012,BTC,15392.180177125656,0.0,0.00153269,61
1,[],26,[],2019-05-10 21:32:48,0.0,0.00000050,0.00000000003169355,7612739,2019-05-10 21:32:48,btc,0.0,0.0,0.00000050,btc,0.0,0.0,0.0,61
0.000000000271098,[],27,[],2019-05-10 21:33:02,100000.0,2.71098e-18,1.71841160358e-22,7612740,2019-05-10 21:33:02,eth,1.9482732497246655,0.0,0.00000001,"btc,eth",13266.51663696,0.0,2.71098e-13,61
0,[],28,[],2019-05-10 21:33:04,0.0,0,0,7612741,2019-05-10 21:33:04,,0.0,0.0,0,,0.0,0.0,0.0,61
1,[],4,[],2019-05-10 21:33:05,1223997.31611741,0.00000100,0.0000000000633871,7612742,2019-05-10 21:33:05,btc,2.199580311861318,0.0,0.00000100,btc,723920.85018812,0.04903714,0.7902371488922282,67
0.0,[],25,[],2019-05-10 21:33:06,0.0,0,0,7612743,2019-05-10 21:33:06,,0.0,0.0,0.0,btc,0.0,0.0,0.0,67
1,[],12,[],2019-05-10 21:33:08,1436211.895,0.00000015,0.000000000009508064999999999,7612744,2019-05-10 21:33:08,btc,55556353.35955202,0.0,0.00000015,btc,1525788.45456981,0.0001097199600395,0.0216621853,71
,[],5,[],2018-11-20 23:02:39,1.5e-07,0.00000005,0.000000000002128045,4862160,2018-11-20 23:02:39,btc,2.84511358,0.0,,btc,0.00036572,0.0,0.07381892,74
1,[],5,[],2019-05-10 21:35:08,0.0,0,0,7612745,2019-05-10 21:35:08,btc,0.0,0.00227208,0,btc,0.0,0.0,0.0,75
1,[],4,[],2019-05-10 21:35:09,78543.099,0.00000001,0.000000000000633871,7612746,2019-05-10 21:35:09,btc,133647.82998296857,0.0,0.00000001,btc,35130061.32523591,0.0,0.00078543099,81
0,[],20,[],2019-01-25 09:30:31,0.0,0,0,6495923,2019-01-25 09:30:31,btc,0.0,0.0,0,btc,0.0,0.0,0.0,81
1,[],4,[],2019-05-10 21:24:05,26232.81376488,0.00006920,0.00000000437083808,7612598,2019-05-10 21:24:05,btc,18.567213769577712,0.0,0.00006920,btc,25550.79142899,0.13223209,0.2269500546466032,82
1,[],21,[],2019-05-10 21:24:06,3243978.10860622,0.00006784000000000000099587005309,0.000000004284937216,7612599,2019-05-10 21:24:06,btc,2.8359309727125215,8864.97789049,0.0000678400000000000009958700530887654167599976062774658203125,btc,36442.26269597,0.59742696,1.2113219885991322,82
0,[],17,[],2019-03-25 22:42:34,0.0,0,0,7038780,2019-03-25 22:42:34,btc,0.0445064681804024,0.0,0,btc,995513.18476001,0.0,0.0,84
0.00000000013644,[],4,[],2019-05-01 19:17:39,299701867.376,1.3644e-18,7.259508504e-23,7542161,2019-05-01 19:17:39,ltc,1.6769037726995486,0.0,0.00000001,ltc,427823536.87452894,0.00010978,4.089132278478144e-10,85
,[],22,[],2018-11-20 23:09:34,3408.1,0.0000001,0.0000000000041895,4862324,2018-11-20 23:09:34,BTC,0.04624735,0.0,,BTC,4990.0,0.0,0.00033081,86
1,[],22,[],2019-05-10 21:35:13,89999.0,0.00000001,0.000000000000633871,7612747,2019-05-10 21:35:13,BTC,3.66432991,0.0,0.00000001,BTC,332904.29736842104,0.0,0.00089999,87
1,[],27,[],2019-05-10 21:35:25,10674.0,0.00000001,0.000000000000633871,7612748,2019-05-10 21:35:25,btc,4.960708560736,0.0,0.00000001,btc,10217.62841,0.0,0.00010674,87
,[],2,[],2018-11-20 23:10:47,0.0,0,0,4862359,2018-11-20 23:10:47,,0.0,0.0,,,0.0,0.0,0.0,88
1,[],11,[],2019-05-10 21:35:27,80481.11357182,0.00014600999999999999287396412750439367300714366137981414794921875,0.000000009255150471,7612749,2019-05-10 21:35:27,btc,176.62411225906695,3278.66705882,0.00014600999999999999287396412750439367300714366137981414794921875,btc,188442.82417678,0.0,4.79294458936328,89
0,[],2,[],2019-01-20 23:31:45,0.0,0,0,6477083,2019-01-20 23:31:45,,0.0,0.0,0,,0.0,0.0,0.0,91
1,[],12,[],2019-05-10 21:35:29,422617.45985798,0.00000066,0.000000000041835486000000006,7612750,2019-05-10 21:35:29,btc,89.71210368016908,0.0,0.00000066,btc,166543.89649123,0.0,0.0408225495999643,91
1,[],22,[],2019-05-10 21:35:33,76014.0,0.0000008,0.00000000005070968,7612751,2019-05-10 21:35:33,BTC,0.1,0.0,0.0000008,"BTC,LTC",1.0,0.0,0.0017135,91
0,[],17,[],2019-05-03 01:12:26,0.0,0,0,7559096,2019-05-03 01:12:26,btc,0.0,0.0,0,btc,0.0,0.0,0.0,91
1,[],22,[],2019-04-09 20:17:52,374949.73333333334,0.00000015,0.000000000007771935,7235704,2019-04-09 20:17:52,BTC,6.87372503,0.0,0.00000015,"BTC,LTC",159980.01196797504,1.1e-05,0.80510266,95
0.0000000001210699,[],4,[],2019-05-10 21:35:35,549278484.2779236,7.7484736e-17,4.9115327093056e-21,7612752,2019-05-10 21:35:35,ltc,11.287328042688092,0.0,0.00000064,ltc,133610639.42415917,0.06018841,1.437984364487083e-09,96
0,[],12,[],2019-05-10 21:35:36,0.0,0,0,7612753,2019-05-10 21:35:36,btc,25054.270770604115,0.0,0,btc,7546941.23081917,9.91295e-05,0.0,96
0,[],17,[],2019-05-03 01:12:32,0.0,0,0,7559100,2019-05-03 01:12:32,btc,0.0,0.0,0,btc,0.0,0.0,0.0,96
1,[],4,[],2019-04-14 03:32:46,1039404.33283278,0.00000038,0.000000000019245518,7293458,2019-04-14 03:32:46,btc,4.170086055365747,0.0,0.00000038,btc,3097704.34561074,0.06260606,0.1859928211030784,99
1,[],4,[],2019-05-10 21:35:38,354223.51585654,0.00003410,0.00000000216150011,7612754,2019-05-10 21:35:38,btc,7.07589119704981,0.0,0.00003410,btc,121916.86296735,0.55863868,0.3577512496998831,100
0,[],2,[],2019-01-20 23:23:55,0.0,0,0,6476914,2019-01-20 23:23:55,,0.0,0.0,0,,0.0,0.0,0.0,100
1,[],22,[],2019-05-10 21:35:41,130000.0,0.00000001,0.000000000000633871,7612755,2019-05-10 21:35:41,BTC,24.83526409,0.0,0.00000001,BTC,11187.719,0.0,0.0013,101
1,[],4,[],2019-05-10 21:35:41,686433.82548399,0.00000656,0.000000000415819376,7612756,2019-05-10 21:35:41,btc,254.7295340720205,0.0,0.00000656,btc,382106.41315785,0.39443043,1.1273998730859416,103
1,[],12,[],2019-05-10 21:35:45,115526935.51292,0.000000005,0.00000000000031693550000000004,7612757,2019-05-10 21:35:45,btc,468525182.6515119,0.0,0.000000005,btc,99666357.25949046,0.05508458014266979,0.23323821071276002,105
0,[],27,[],2019-05-10 21:35:54,0.0,0,0,7612758,2019-05-10 21:35:54,,0.0584885651331397,0.0,0,btc,600596.63747933,0.0,0.0,105
1,[],22,[],2019-04-21 00:17:26,21333.0,0.00000001,0.000000000000532493,7385819,2019-04-21 00:17:26,BTC,51.38182867,0.0,0.00000001,BTC,470435.0,0.0,0.00021333,107
1,[],26,[],2019-04-21 00:17:26,0.0,0.00000000,0,7385820,2019-04-21 00:17:26,btc,0.0,0.0,0.00000000,btc,0.0,0.0,0.0,107
1,[],5,[],2019-05-10 21:35:56,0.0,0,0,7612759,2019-05-10 21:35:56,btc,0.0,0.0,0,btc,0.0,0.0,0.0,112
0,[],22,[],2019-05-10 21:35:58,0.0,0,0,7612760,2019-05-10 21:35:58,,2.79003697,0.0,0,,1380942.0833333333,0.0,0.0,112
1,[],27,[],2019-05-10 21:36:12,1.0,0.00000001,0.000000000000633871,7612761,2019-05-10 21:36:12,btc,1.25032588,0.0,0.00000001,"btc,eth",1819.0,0.0,1e-08,112
1,[],4,[],2019-05-10 21:36:14,341241.36695141,0.00000153,0.000000000096982263,7612762,2019-05-10 21:36:14,btc,4.7832802225343105,0.0,0.00000153,btc,517176.21737857,0.01439863,0.2102434650894432,113
1,[],5,[],2019-05-10 21:36:15,0.0,0,0,7612763,2019-05-10 21:36:15,btc,0.0,0.0,0,btc,0.0,0.0,0.0,113
1,[],17,[],2019-04-26 02:17:47,162738.278,0.00000004,0.0000000000021069000000000002,7461287,2019-04-26 02:17:47,btc,1.3331140273775473,0.0,0.00000004,btc,51796.221,0.0,0.00230953112,116
0,[],27,[],2019-04-26 02:19:51,0.0,0,0,7461288,2019-04-26 02:19:51,,0.0,0.0,0,,0.0,0.0,0.0,116
1,[],4,[],2019-05-07 20:09:28,131822.85721655,0.00001022,0.00000000060230548,7572994,2019-05-07 20:09:28,btc,132.18460413545117,0.0,0.00001022,btc,268070.13193351,0.06918336,1.0489745103085106,120
1,[],7,[],2019-05-07 20:09:30,9501.79941055,0.000011699999999999999788190263583231853772304020822048187255859375,0.0000000006895277999999999,7572995,2019-05-07 20:09:30,btc,231185.88817567716,62.23644451,0.000011699999999999999788190263583231853772304020822048187255859375,btc,4076.97424313,0.00072692,0.018013380795019,120
1,[],20,[],2019-04-07 18:42:29,1914137.0852,0.000000035,0.0000000000017871910000000002,7211992,2019-04-07 18:42:29,btc,32.2497668025648,25528.85,0.000000035,btc,1001975.4986,0.00089350975,0.0152723574729,125
1,[],22,[],2019-05-10 21:36:18,10000.0,0.00000001,0.000000000000633871,7612764,2019-05-10 21:36:18,BTC,0.032061,0.0,0.00000001,BTC,299316.7611111111,0.0,0.0001,126
1,[],4,[],2019-05-10 21:36:19,1867077.37562167,0.00000702,0.000000000444977442,7612765,2019-05-10 21:36:19,btc,3.291510797961093,0.0,0.00000702,btc,170297.37366819,0.13199983,0.3719576834856896,131
0,[],2,[],2019-01-20 23:25:46,0.0,0,0,6476969,2019-01-20 23:25:46,,0.0,0.0,0,,0.0,0.0,0.0,131
1,[],17,[],2019-05-03 01:13:10,10000.0,0.00000001,0.000000000000548003,7559115,2019-05-03 01:13:10,btc,0.0953976503951408,0.0,0.00000001,btc,5037.62507334,0.0,0.0001,131
1,[],4,[],2019-05-10 21:36:21,4704.83973643,0.00013028,0.000000008258071388,7612766,2019-05-10 21:36:21,btc,6.011154908974401,0.0,0.00013028,btc,191.61424306,0.0,0.0073917379528542,135
1,[],3,[],2019-05-09 05:30:45,530498.0,0.00000001,0.000000000000609729,7590472,2019-05-09 05:30:45,btc,0.1029057631805504,129896.5,0.00000001,btc,1124104.34967245,0.0,0.00530498,136
1,[],4,[],2019-05-10 21:36:23,2341768.22338534,0.00000211,0.000000000133746781,7612767,2019-05-10 21:36:23,btc,319.90260129596203,0.0,0.00000211,btc,538547.71715907,0.03623373,0.6029272501051586,137
1,[],12,[],2019-05-10 21:36:25,328473.20910317,0.0000019499999999999999646983772638719756287173368036746978759765625,0.000000000123604845,7612768,2019-05-10 21:36:25,btc,48531.2427149208,0.0,0.0000019499999999999999646983772638719756287173368036746978759765625,btc,41727.63478567,0.0049499201898119,0.0316684157271283,137
1,[],4,[],2019-05-10 21:36:27,58380.783873,0.00003028,0.000000001919361388,7612769,2019-05-10 21:36:27,btc,5.205560558796597,0.0,0.00003028,btc,72950.84655792,0.8165649,0.3254491494910028,142
1,[],5,[],2019-05-10 21:36:28,0.0,0,0,7612770,2019-05-10 21:36:28,btc,0.0,0.27922079,0,btc,0.0,0.0,0.0,142
1,[],20,[],2019-05-10 21:36:31,163063.6372,0.00003251,0.000000002060714621,7612771,2019-05-10 21:36:31,btc,1.7150552583116,119.91,0.00003251,btc,8331.3433,0.003930442052,0.059281006607,142
1,[],22,[],2019-05-10 21:36:34,1370.0,0.00000200,0.0000000001267742,7612772,2019-05-10 21:36:34,BTC,3.2756588,0.0,0.00000200,BTC,1135.5948275773155,0.0,0.0003632,142
0.0,[],25,[],2019-05-10 21:36:35,0.0,0,0,7612773,2019-05-10 21:36:35,,0.0,0.0,0.0,btc,0.0,0.0,0.0,142
0,[],28,[],2019-05-10 21:36:36,0.0,0,0,7612774,2019-05-10 21:36:36,,0.0,0.0,0,,0.0,0.0,0.0,142
1,[],17,[],2019-05-03 01:13:16,32967.38636364,0.00000088,0.000000000048224264,7559122,2019-05-03 01:13:16,btc,20.06976206696776,0.0,0.00000088,btc,2746.079105,0.0,0.0105613000000032,142
0,[],22,[],2019-05-10 21:36:39,0.0,0,0,7612775,2019-05-10 21:36:39,,64.16505383,0.0,0,,688775795.8,0.0,0.0,143
0,[],22,[],2019-02-25 15:42:22,0.0,0,0,6783783,2019-02-25 15:42:22,,4.2131946,0.0,0,,2322156.0,0.0,0.0,146
,[],22,[],2018-11-20 23:01:11,0.0,0,0,4862114,2018-11-20 23:01:11,,2.56807021,0.0,,,61828.4988236,0.0,0.0,147
1,[],12,[],2019-04-21 06:38:04,193091.5971266,0.00000071,0.000000000037635183,7388679,2019-04-21 06:38:04,btc,2.301232411611175,0.0,0.00000071,btc,9957.48302385,0.00023528,0.0313308199999888,148
1,[],4,[],2019-03-19 21:31:25,255810.0415942,0.00000029,0.000000000011615747,6982695,2019-03-19 21:31:25,btc,218.94922712414143,0.0,0.00000029,btc,793529.37642722,0.00117,0.0608347789473395,152
0,[],22,[],2019-03-19 21:31:27,0.0,0,0,6982696,2019-03-19 21:31:27,,0.0,0.0,0,,0.0,0.0,0.0,152
1,[],5,[],2019-04-26 09:36:59,0.0,0,0,7465040,2019-04-26 09:36:59,btc,0.0,0.0,0,btc,0.0,0.0,0.0,153
,[],16,[],2019-01-11 15:38:59,0.0,0,0,6366141,2019-01-11 15:38:59,btc,0.0,0.0,,btc,0.0,0.0,0.0,155
0,[],22,[],2019-05-10 21:36:42,0.0,0,0,7612776,2019-05-10 21:36:42,,6.80191271,0.0,0,,4673448.342592592,0.0,0.0,156
0,[],23,[],2019-01-20 23:24:29,0.0,0,0,6476932,2019-01-20 23:24:29,,0.0,0.0,0,,0.0,0.0,0.0,156
1,[],22,[],2019-05-10 21:36:45,7066.0,0.00000800,0.0000000005070968,7612777,2019-05-10 21:36:45,BTC,1.79802465,0.0,0.00000800,BTC,802.6461988741639,0.0,0.00062996,157
0,[],22,[],2019-05-07 22:25:46,0.0,0,0,7574238,2019-05-07 22:25:46,,50234.60468402,0.0,0,,54786159.03179465,0.0,0.0,158
,[],17,[],2018-11-20 22:56:10,0.0,0,0,4861976,2018-11-20 22:56:10,btc,1.1265625,0.0,,btc,1000.0,0.0,0.0,159
,[],20,[],2018-11-20 22:56:12,0.0,0,0,4861977,2018-11-20 22:56:12,btc,11912.7940471,0.0,,btc,34413894.3617,0.0,0.0,159
1,[],12,[],2019-05-10 21:36:47,266528.61266793,0.00000321000000000000018296670602213627176979571231640875339508056640625,0.00000000020347259100000003,7612778,2019-05-10 21:36:47,btc,23.174545444238014,0.0,0.00000321000000000000018296670602213627176979571231640875339508056640625,btc,12732.57716398,0.0003919986,0.0499454278999042,168
1,[],17,[],2019-05-03 01:13:36,42852.0,0.00000002,0.000000000001096006,7559132,2019-05-03 01:13:36,btc,0.04279856251542,0.0,0.00000002,btc,274.46171372,0.0,0.00052852,168
1,[],22,[],2019-05-07 03:57:18,743122.0,0.00000001,0.000000000000593596,7562020,2019-05-07 03:57:18,BTC,41.40912107,0.0,0.00000001,BTC,1593401.2737547632,0.00342649,0.00743122,169
1,[],22,[],2019-05-10 21:36:51,221042.0,0.0000001,0.00000000000633871,7612779,2019-05-10 21:36:51,BTC,26.86356728,0.0,0.0000001,BTC,441621.4055490906,0.0005848,0.003846,171
1,[],22,[],2019-05-10 21:36:55,645361.2,0.0000001,0.00000000000633871,7612780,2019-05-10 21:36:55,BTC,823.67561285,0.0,0.0000001,"BTC,LTC",700403.0955168159,5.62e-05,0.01357615,173
1,[],5,[],2019-05-06 19:49:32,0.0,0,0,7559281,2019-05-06 19:49:32,btc,0.0,0.00023336,0,btc,0.0,0.0,0.0,175
1,[],22,[],2019-05-10 21:36:58,90671.0,0.00000001,0.000000000000633871,7612781,2019-05-10 21:36:58,BTC,394.35459412,0.0,0.00000001,BTC,136275.61833431243,0.0,0.00090671,176
1,[],7,[],2019-05-10 21:37:00,0.0,0,0,7612782,2019-05-10 21:37:00,btc,520274.83748277003,15475.5244755,0,btc,27463637.45292212,0.00015476,0.0,178
0,[],22,[],2019-05-10 21:37:03,0.0,0,0,7612783,2019-05-10 21:37:03,,1.00242428,0.0,0,,57512.0,0.0,0.0,178
0,[],2,[],2019-01-20 23:28:34,0.0,0,0,6477001,2019-01-20 23:28:34,,0.0,0.0,0,,0.0,0.0,0.0,178
1,[],5,[],2019-05-10 21:37:05,0.0,0,0,7612784,2019-05-10 21:37:05,btc,0.0,0.0897586,0,btc,0.0,0.0,0.0,179
1,[],22,[],2019-05-10 21:37:08,3008389.0,0.00000001,0.000000000000633871,7612785,2019-05-10 21:37:08,BTC,5.3314659,0.0,0.00000001,BTC,13965981.911946677,9.229e-05,0.03008389,179
0,[],23,[],2019-01-20 23:25:08,0.0,0,0,6476952,2019-01-20 23:25:08,,0.0,0.0,0,,0.0,0.0,0.0,179
1,[],22,[],2019-05-10 21:37:12,657809.9424768925,0.00000155,0.000000000098250005,7612786,2019-05-10 21:37:12,BTC,39.24244286,0.0,0.00000155,"BTC,LTC",34189.73404470899,0.06376981,0.5790209,180
1,[],26,[],2019-05-10 21:37:12,0.0,0.00000010,0.00000000000633871,7612787,2019-05-10 21:37:12,btc,0.0,1100.0,0.00000010,btc,0.0,0.0,0.0,180
1,[],17,[],2019-05-03 01:13:56,20504.725000000002,0.0000001,0.00000000000548003,7559141,2019-05-03 01:13:56,btc,5.2010695838400265,0.0,0.0000001,btc,5033.45945,0.0,0.0011504725,180
,[],7,[],2018-11-20 22:58:01,562227.975654,0.00000085,0.000000000036176765,4862015,2018-11-20 22:58:01,btc,21836.6059674,2491.87645172,,btc,749999.041456,0.00211021,0.127565380455,183
,[],5,[],2019-01-10 08:11:41,0.0,0,0,6347036,2019-01-10 08:11:41,btc,82.15055501,0.00261,,btc,1.19002445,0.0,0.0,187
1,[],24,[],2019-04-30 17:34:05,0.0,0.000000000014,7.396256000000001e-16,7526291,2019-04-30 17:34:05,btc,0.0,0.0,0.000000000014,btc,0.0,0.0,0.0,187
,[],17,[],2018-11-16 20:58:10,4062536.27273,0.00000001,0.000000000000550501,4708775,2018-11-16 20:58:10,btc,3.36492563466,0.195460381006,,"btc,eth",110697919.549,0.0,0.0157628953496,187
0,[],22,[],2019-04-25 02:54:07,0.0,0,0,7447896,2019-04-25 02:54:07,,7.54794454,0.0,0,,76361.7243344055,0.0,0.0,191
0,[],22,[],2019-05-10 21:37:16,0.0,0,0,7612788,2019-05-10 21:37:16,,0.0,0.0,0,,0.0,0.0,0.0,197
0,[],23,[],2019-01-20 23:31:41,0.0,0,0,6477079,2019-01-20 23:31:41,,0.0,0.0,0,,0.0,0.0,0.0,199
0.0000000001210699,[],22,[],2019-05-10 21:37:19,54733331.0,2.421398e-18,1.534853971658e-22,7612789,2019-05-10 21:37:19,LTC,7.64520347,0.0,0.00000002,LTC,35259414.0,0.0,0.64066281,199
1,[],26,[],2019-05-10 21:37:19,0.0,0.00000000,0,7612790,2019-05-10 21:37:19,btc,0.0,0.0,0.00000000,btc,0.0,0.0,0.0,199
0,[],2,[],2019-01-20 23:30:49,0.0,0,0,6477059,2019-01-20 23:30:49,,0.0,0.0,0,,0.0,0.0,0.0,201
1,[],4,[],2019-01-25 15:51:35,2084389.58565343,0.00000936,0.000000000333526752,6499557,2019-01-25 15:51:35,btc,2.0092503037378524,0.0,0.00000936,btc,160195.80207885,0.19272417,1.242687955921835,211
1,[],7,[],2019-05-10 21:37:22,14309419.45411054,0.00000088,0.000000000055780648000000006,7612791,2019-05-10 21:37:22,btc,15200782.98873423,81017.9463389,0.00000088,btc,12957993.35906096,0.0,1.5259624010100188,212
1,[],5,[],2019-05-07 13:02:51,0.0,0,0,7566706,2019-05-07 13:02:51,btc,0.0,0.43032184,0,btc,0.0,0.0,0.0,213
1,[],24,[],2019-05-07 13:02:52,0.0,0.000000050000,0.000000000002968865,7566707,2019-05-07 13:02:52,btc,0.0,0.0,0.000000050000,btc,0.0,0.0,0.0,213
1,[],26,[],2019-05-07 13:02:52,0.0,0.00000040,0.00000000002375092,7566708,2019-05-07 13:02:52,btc,0.0,0.0,0.00000040,btc,0.0,0.0,0.0,213
1,[],12,[],2019-01-25 02:44:32,207462.42853209,0.000001080000000000000035831255497387193287295303889550268650054931640625,0.000000000038610756000000006,6493050,2019-01-25 02:44:32,btc,85023.03793723314,0.0,0.000001080000000000000035831255497387193287295303889550268650054931640625,btc,43675.73520027,0.000146250909087,0.0348620860622024,213
0,[],22,[],2019-05-10 21:37:25,0.0,0,0,7612792,2019-05-10 21:37:25,,9.58044616,0.0,0,,2340817.094064925,0.0,0.0,216
1,[],27,[],2019-05-10 21:37:33,1515.0,0.00000001,0.000000000000633871,7612793,2019-05-10 21:37:33,btc,62.72156571123932,12116.0,0.00000001,"btc,ltc",223691.337308,0.00012116,1.515e-05,216
1,[],22,[],2019-05-10 21:37:37,303679.2865761689,0.00000078,0.000000000049441938,7612794,2019-05-10 21:37:37,BTC,12054.92750315,0.0,0.00000078,BTC,424050.51496446825,0.0067154,0.03708367,217
1,[],7,[],2019-05-10 21:37:38,0.0,0,0,7612795,2019-05-10 21:37:38,btc,111302.55947335159,0.0,0,btc,136862970.83745575,0.0,0.0,219
0,[],27,[],2019-05-10 21:37:47,0.0,0,0,7612796,2019-05-10 21:37:47,,0.05960067,0.0,0,btc,1692528.0,0.0,0.0,219
0,[],28,[],2019-05-10 21:37:49,0.0,0,0,7612797,2019-05-10 21:37:49,,0.0,0.0,0,,0.0,0.0,0.0,219
1,[],22,[],2019-05-10 21:37:53,381170.0,0.00000004,0.000000000002535484,7612798,2019-05-10 21:37:53,BTC,56.7649867,0.0,0.00000004,BTC,131552.84827387411,0.0,0.0123008,221
1,[],24,[],2019-05-10 21:37:53,0.0,0.000000010000,0.000000000000633871,7612799,2019-05-10 21:37:53,btc,0.0,0.0,0.000000010000,btc,0.0,0.0,0.0,221
1,[],20,[],2019-05-10 21:37:54,16946807.3381,0.000000013,0.0000000000008240323,7612800,2019-05-10 21:37:54,btc,100091.55492506431,2279683.5031,0.000000013,btc,23410058.8248,0.0456199947535,0.0900470499972,224
0,[],22,[],2019-05-10 21:37:57,0.0,0,0,7612801,2019-05-10 21:37:57,,0.0,0.0,0,,0.0,0.0,0.0,224
1,[],26,[],2019-05-10 21:37:57,0.0,0.00000026,0.000000000016480646,7612802,2019-05-10 21:37:57,btc,0.0,0.0,0.00000026,btc,0.0,0.0,0.0,231
1,[],26,[],2019-05-10 21:37:57,0.0,0.00000005,0.000000000003169355,7612803,2019-05-10 21:37:57,btc,0.0,100.0,0.00000005,btc,0.0,0.0,0.0,234
0,[],27,[],2019-05-10 21:38:09,0.0,0,0,7612804,2019-05-10 21:38:09,,0.01134836604,0.0,0,"btc,eth",11462.996,0.0,0.0,234
1,[],4,[],2019-04-29 21:02:20,217188.93193785,0.00000080,0.00000000004151584,7514327,2019-04-29 21:02:20,btc,5.239800103892936,0.0,0.00000080,btc,797346.30008933,0.0,0.0590549781555679,236
1,[],24,[],2019-04-29 21:02:20,0.0,0.000000100000,0.00000000000518948,7514328,2019-04-29 21:02:20,btc,0.0,0.0,0.000000100000,btc,0.0,0.0,0.0,236
1,[],5,[],2019-05-06 20:53:15,0.0,0,0,7559637,2019-05-06 20:53:15,btc,0.0,0.20253514,0,btc,0.0,0.0,0.0,237
1,[],20,[],2019-05-06 20:53:18,38173217.6136,0.000000083,0.0000000000047460728,7559638,2019-05-06 20:53:18,btc,21342.514614200165,8832375.7238,0.000000083,btc,27701499.3386,0.7554403456107,1.3621107610479,237
1,[],22,[],2019-05-06 20:53:20,343938.0,0.00000009,0.000000000005146344,7559639,2019-05-06 20:53:20,BTC,1.20267422,0.0,0.00000009,BTC,17930.94871794872,0.0,0.01017442,237
1,[],4,[],2019-05-10 21:38:10,22910731.55075408,0.00000014,0.000000000008874194,7612805,2019-05-10 21:38:10,btc,3.428863799156457,0.0,0.00000014,btc,9541647.93324839,0.26217713,1.0155792147532419,238
1,[],5,[],2019-05-10 21:38:11,0.0,0,0,7612806,2019-05-10 21:38:11,btc,0.0,0.02972749,0,btc,0.0,0.0,0.0,238
0,[],22,[],2019-03-12 16:49:32,0.0,0,0,6914458,2019-03-12 16:49:32,,0.40415746,0.0,0,,526736.5639027493,0.0,0.0,249
0,[],22,[],2019-05-10 21:38:14,0.0,0,0,7612807,2019-05-10 21:38:14,,4.52678073,0.0,0,,38074419.69978836,0.0,0.0,252
0,[],28,[],2019-05-10 21:38:16,0.0,0,0,7612808,2019-05-10 21:38:16,,0.0,0.0,0,,0.0,0.0,0.0,256
1,[],22,[],2019-05-10 21:38:20,1088993.5,0.00000002,0.000000000001267742,7612809,2019-05-10 21:38:20,BTC,21.88116616,0.0,0.00000002,BTC,522884.63333384093,0.0,0.01124633,258
1,[],22,[],2019-03-13 00:07:30,47146.0,0.00000001,0.000000000000387233,6917028,2019-03-13 00:07:30,BTC,2.415167,0.0,0.00000001,BTC,157.0,0.0,0.00047146,259
1,[],5,[],2019-05-10 21:38:22,0.0,0,0,7612810,2019-05-10 21:38:22,btc,0.0,0.36128511,0,btc,0.0,0.0,0.0,264
1,[],20,[],2019-05-10 21:38:24,1247430.9575,0.00000115,0.000000000072895165,7612811,2019-05-10 21:38:24,btc,4.9322862797969,114161.1579,0.00000115,btc,87472.3294,0.1311474824791,0.0203255277328,264
0,[],22,[],2019-04-12 17:57:27,0.0,0,0,7278186,2019-04-12 17:57:27,,66.37522201,0.0,0,,677842.4169881374,0.0,0.0,271
0,[],22,[],2019-05-10 21:38:27,0.0,0,0,7612812,2019-05-10 21:38:27,,33051802.3172899,0.0,0,,15696307799.7,0.0,0.0,272
0,[],28,[],2019-05-10 21:38:42,0.0,0,0,7612813,2019-05-10 21:38:42,,0.0,6838369117.9,0,,0.0,0.0,0.0,272
1,[],22,[],2019-05-10 21:38:49,131499.7,0.00000014,0.000000000008874194,7612814,2019-05-10 21:38:49,BTC,427.42495672,0.0,0.00000014,BTC,249705.37764460206,0.0,0.00447418,281
1,[],22,[],2019-05-10 21:38:54,610198.1,0.00000002,0.000000000001267742,7612815,2019-05-10 21:38:54,BTC,1.54571106,0.0,0.00000002,"BTC,LTC",607366.1256135202,0.00018211,0.01735528,286
0,[],22,[],2019-05-10 21:38:57,0.0,0,0,7612816,2019-05-10 21:38:57,,7337892.75526966,0.0,0,,1388519262.7797825,0.0,0.0,294
