pairValue,buyBook,exchangeId,sellBook,updated,buyTotal,satoshiPrice,usdPrice,exchangeLogId,created,bestPair,sellTotalBtc,volume,pairPrice,activePairs,sellTotal,volumeBtc,buyTotalBtc,coinId
1,[],3,[],2019-05-30 05:08:01,35.527398278965,0.01083286999999999965227370779530247091315686702728271484375,0.000000942142286909,7710233,2019-05-30 05:08:01,btc,0.14145321892603907,45.8795143383,0.01083286999999999965227370779530247091315686702728271484375,btc,12.415995163446,0.0,0.31011060769767357,1
1,[],4,[],2019-05-30 05:08:02,207683.30677115,0.01090000,0.00000094798063,7710234,2019-05-30 05:08:02,btc,7.743846532987948,0.0,0.01090000,btc,309.96512462,1.28469671,0.6214021858631953,1
1,[],5,[],2019-05-30 05:08:04,0.0,0,0,7710235,2019-05-30 05:08:04,btc,0.0,0.00389977,0,btc,0.0,0.0,0.0,1
1,[],10,[],2019-05-30 05:08:06,312366.1242886,0.00656158,0.000000570665205706,7710236,2019-05-30 05:08:06,btc,6521.267943765194,1077.61883221,0.00656158,btc,1329.05422036,0.0,2.290082107263088,1
1,[],12,[],2019-05-30 05:08:09,73.89952055,0.0108900000000000003741451592986777541227638721466064453125,0.000000947110923,7710237,2019-05-30 05:08:09,btc,0.1667421163385,0.0,0.0108900000000000003741451592986777541227638721466064453125,btc,14.45068177,0.074411113788,0.2583404210633,1
1,[],20,[],2019-05-30 05:08:11,973.1952,0.00920058,0.0000008001808830059999,7710238,2019-05-30 05:08:11,btc,0.2228026504053,26.013,0.00920058,btc,17.2576,0.266439956668,0.1060883877146,1
1,[],21,[],2019-05-30 05:08:13,3725.48474249,0.01091729999999999957405183437,0.00000094948522311,7710239,2019-05-30 05:08:13,btc,13.122144092202392,4743.2641002499995,0.01091729999999999957405183437231244170106947422027587890625,"btc,eth",1494.60309259,47.03550882787001,36.99183014280127,1
1,[],22,[],2019-05-30 05:08:17,0.0025666666666666667,0.00900000,0.0000007827363,7710240,2019-05-30 05:08:17,BTC,0.31629903,0.0,0.00900000,BTC,0.2505752479991019,0.0,2.31e-05,1
1,[],24,[],2019-05-30 05:08:18,0.0,0.000000000000,0,7710241,2019-05-30 05:08:18,btc,0.0,0.0,0.000000000000,btc,0.0,0.0,0.0,1
0.0,[],25,[],2019-05-30 05:08:18,0.0,0,0,7710242,2019-05-30 05:08:18,btc,12.249999999199206,9308.8843237,0.0,btc,1039.60172659,101.996,0.0,1
1,[],26,[],2019-05-30 05:08:23,0.0,0,0,7710243,2019-05-30 05:08:23,,0.0,0.0,0,,0.0,0.0,0.0,1
0,[],28,[],2019-05-30 05:09:13,0.0,0,0,7710244,2019-05-30 05:09:13,,0.0,351997.4,0,,0.0,0.0,0.0,1
0,[],2,[],2019-01-20 23:28:45,0.0,0,0,6477011,2019-01-20 23:28:45,,0.0,0.0,0,,0.0,0.0,0.0,1
1,[],5,[],2019-05-30 05:09:15,0.0,0,0,7710245,2019-05-30 05:09:15,btc,0.0,0.02534949,0,btc,0.0,0.0,0.0,2
1,[],22,[],2019-05-30 05:09:19,11638.0,0.0000002,0.00000000001739414,7710246,2019-05-30 05:09:19,BTC,21.00897301,0.0,0.0000002,"BTC,XMR",20678.87287795317,0.0,0.00145435,2
1,[],5,[],2019-05-30 05:09:21,0.0,0,0,7710247,2019-05-30 05:09:21,btc,0.0,0.04938568,0,btc,0.0,0.0,0.0,3
1,[],12,[],2019-05-30 05:09:23,1023586.62,0.000000096,0.0000000000083491872,7710248,2019-05-30 05:09:23,btc,169516.75650911525,0.0,0.000000096,btc,4659562.7860063,0.293784684155,0.057471791419999994,3
0,[],28,[],2019-05-30 05:09:24,0.0,0,0,7710249,2019-05-30 05:09:24,,0.0,0.0,0,,0.0,0.0,0.0,3
0,[],2,[],2019-01-20 23:31:32,0.0,0,0,6477077,2019-01-20 23:31:32,,0.0,0.0,0,,0.0,0.0,0.0,4
1,[],4,[],2019-05-18 21:29:50,562734.9206932,0.00000010,0.000000000007298720000000001,7650946,2019-05-18 21:29:50,btc,41.9347137769675,0.0,0.00000010,btc,1123702.32192634,0.00052462,0.029254593370966,4
0,[],12,[],2019-05-30 05:09:26,0.0,0,0,7710250,2019-05-30 05:09:26,btc,625.871451684995,0.0,0,btc,1111653.4995005,0.0,0.0,5
0,[],2,[],2019-01-20 23:31:51,0.0,0,0,6477087,2019-01-20 23:31:51,,0.0,0.0,0,,0.0,0.0,0.0,6
1,[],11,[],2019-05-30 05:09:28,14049382.776736,0.00000002,0.000000000001739414,7710251,2019-05-30 05:09:28,btc,9582.920201082945,209754.0,0.00000002,btc,68449772.46260394,0.0,0.23653280276736,6
1,[],3,[],2019-05-30 05:09:28,11448.394582293791,0.0000888800000000000028389790518446034184307791292667388916015625,0.000000007729955816,7710252,2019-05-30 05:09:28,btc,0.28036217434951055,176.533509258,0.0000888800000000000028389790518446034184307791292667388916015625,btc,272.64630203111,0.0,0.023747104052088384,7
1,[],4,[],2019-05-30 05:09:29,329828.66779559,0.00009210,0.00000000801000147,7710253,2019-05-30 05:09:29,btc,8.916664066192213,0.0,0.00009210,btc,52155.72177017,2.66628339,2.4401637797589433,7
1,[],5,[],2019-05-30 05:09:31,0.0,0,0,7710254,2019-05-30 05:09:31,btc,0.0,0.49678783,0,btc,0.0,0.0,0.0,7
1,[],20,[],2019-04-07 22:06:50,3201475.0482,0.000000001,0.000000000000051590000000000004,7213932,2019-04-07 22:06:50,btc,30.8005781811902,0.0,0.000000001,btc,23077405.3926,0.0,0.0032014750482,8
1,[],4,[],2019-05-30 05:09:33,20954221.96958217,0.00000051,0.000000000044355057,7710255,2019-05-30 05:09:33,btc,3.8843319281695354,0.0,0.00000051,btc,3367936.46015866,0.31841549,0.5460469615933453,9
0,[],28,[],2019-05-30 05:10:22,0.0,0,0,7710256,2019-05-30 05:10:22,,0.0,3582238.0,0,,0.0,0.0,0.0,9
0,[],2,[],2019-01-20 23:22:42,0.0,0,0,6476876,2019-01-20 23:22:42,,0.0,0.0,0,,0.0,0.0,0.0,9
0,[],23,[],2019-01-20 23:22:48,0.0,0,0,6476878,2019-01-20 23:22:48,,0.0,0.0,0,,0.0,0.0,0.0,9
1,[],1,[],2019-02-17 23:31:42,1822507.21,0.00000181000000000000003456111265232042484285557293333113193511962890625,0.000000000066086901,6701244,2019-02-17 23:31:42,btc,3.6990969245,17153386.5,0.00000181000000000000003456111265232042484285557293333113193511962890625,btc,1997391.71,31.11772986,3.2610482446,9
1,[],4,[],2019-02-17 11:22:43,4341674.27126056,0.00000002,0.0000000000007272960000000001,6696112,2019-02-17 11:22:43,btc,0.1997230937751353,0.0,0.00000002,btc,4109766.79808031,0.00215132,0.0479381022052112,10
1,[],4,[],2019-05-30 05:10:23,7121957.03065437,0.00000046,0.000000000040006522,7710257,2019-05-30 05:10:23,btc,4.678732987891006,0.0,0.00000046,btc,4823058.61513339,1.16147211,1.0789302724046756,12
1,[],5,[],2019-05-30 05:10:24,0.0,0,0,7710258,2019-05-30 05:10:24,btc,0.0,0.08116529,0,btc,0.0,0.0,0.0,12
0.0,[],25,[],2019-05-30 05:10:26,0.0,0,0,7710259,2019-05-30 05:10:26,,0.0,0.0,0.0,btc,0.0,0.0,0.0,12
0,[],2,[],2019-01-20 23:23:08,0.0,0,0,6476890,2019-01-20 23:23:08,,0.0,0.0,0,,0.0,0.0,0.0,12
1,[],4,[],2019-05-30 05:10:26,338560.7698211,0.00000560,0.00000000048703592,7710260,2019-05-30 05:10:26,btc,1.8541938149423354,0.0,0.00000560,btc,239675.02835535,0.80024047,0.5007439746731687,13
1,[],21,[],2019-05-30 05:10:30,1891488.76356191,0.000005530000000000000416795504360,0.0000000004809479710000001,7710261,2019-05-30 05:10:30,btc,2.669496949424508,582311.65854405,0.0000055300000000000004167955043599125275477490504272282123565673828125,btc,417126.98835026,3.30391859,7.782111709573151,13
1,[],10,[],2019-05-30 04:10:28,652186.27395162,0.0000054,0.00000000046878372,7710105,2019-05-30 04:10:28,btc,666803.3307369396,27947.0186981,0.0000054,btc,870415.24627448,0.0,0.2311196386650242,13
1,[],4,[],2019-05-30 05:10:30,858769.81630949,0.00000078,0.000000000067837146,7710262,2019-05-30 05:10:30,btc,4.077362174042851,0.0,0.00000078,btc,793673.66835695,0.01382173,0.0437823987549717,14
1,[],12,[],2019-05-30 05:10:31,135417.66614264,0.00000066,0.000000000057400662000000004,7710263,2019-05-30 05:10:31,btc,14.134839548141684,0.0,0.00000066,btc,21650.79261605,0.000423771119,0.015249329999973499,14
1,[],26,[],2019-05-30 05:12:31,0.0,0.00000050,0.00000000004348535,7710264,2019-05-30 05:12:31,btc,0.0,0.0,0.00000050,btc,0.0,0.0,0.0,14
0,[],17,[],2019-05-03 00:53:32,0.0,0,0,7558876,2019-05-03 00:53:32,btc,0.0,0.0,0,btc,0.0,0.0,0.0,14
0,[],4,[],2019-05-30 05:12:32,0.0,0,0,7710265,2019-05-30 05:12:32,,0.0,0.0,0,,0.0,0.0,0.0,15
,[],12,[],2018-12-01 15:15:48,204241.84496,0.00000489,0.000000000202473384,5260204,2018-12-01 15:15:48,btc,49.5475654835,0.0,,btc,35763.2193806,0.0163153972027625,0.0203389899998,15
1,[],4,[],2019-05-30 05:12:34,35399.72272161,0.00001178,0.000000001024514846,7710266,2019-05-30 05:12:34,btc,0.9633643246895149,0.0,0.00001178,btc,10362.35215471,0.05005356,0.0948868545495649,18
1,[],10,[],2019-05-30 05:12:36,494400.15975816,0.00001234,0.000000001073218438,7710267,2019-05-30 05:12:36,btc,15.341045755985215,1884.17092142,0.00001234,btc,13326.92872293,0.0,0.1275545339392225,18
1,[],12,[],2019-05-30 05:12:37,3486.99742841,0.00001130000000000000022980749248002751983221969567239284515380859375,0.00000000098276891,7710268,2019-05-30 05:12:37,btc,0.39669849766117643,0.0,0.00001130000000000000022980749248002751983221969567239284515380859375,btc,1101.9347160300001,0.003151664797,0.0146402371735235,18
0,[],2,[],2019-01-20 23:23:38,0.0,0,0,6476906,2019-01-20 23:23:38,,0.0,0.0,0,,0.0,0.0,0.0,18
0,[],17,[],2019-05-03 00:53:39,0.0,0,0,7558882,2019-05-03 00:53:39,btc,0.0,0.0,0,btc,0.0,0.0,0.0,18
1,[],3,[],2019-05-30 05:14:38,147304.33745695907,0.00000251000000000000010876390933722834830632564262486994266510009765625,0.000000000218296457,7710269,2019-05-30 05:14:38,btc,0.35708388235258487,3802.61204435,0.00000251000000000000010876390933722834830632564262486994266510009765625,btc,6066.852543465906,0.0,0.044527129799986104,19
1,[],4,[],2019-05-30 05:14:39,515432.17392222,0.00000805,0.000000000700114135,7710270,2019-05-30 05:14:39,btc,3.594528414692559,0.0,0.00000805,btc,167205.8523046,0.49104547,0.4276916544926782,19
1,[],5,[],2019-05-30 05:14:41,0.0,0,0,7710271,2019-05-30 05:14:41,btc,0.0,0.01246359,0,btc,0.0,0.0,0.0,19
1,[],12,[],2019-05-30 05:14:42,15098.96379689,0.00000711999999999999959310326147488012793473899364471435546875,0.000000000619231384,7710272,2019-05-30 05:14:42,btc,0.0587305183979391,0.0,0.00000711999999999999959310326147488012793473899364471435546875,btc,1927.18082631,0.0004984,0.0271487599996143,19
0,[],27,[],2019-05-30 05:14:47,0.0,0,0,7710273,2019-05-30 05:14:47,,0.0,0.0,0,btc,0.0,0.0,0.0,19
0,[],2,[],2019-01-20 23:24:19,0.0,0,0,6476924,2019-01-20 23:24:19,,0.0,0.0,0,,0.0,0.0,0.0,19
1,[],4,[],2019-05-30 05:14:47,10062076.88478525,0.00000007,0.0000000000060879489999999995,7710274,2019-05-30 05:14:47,btc,6.411239436602338,0.0,0.00000007,btc,2322306.93095912,0.0,0.1174938176872809,20
1,[],4,[],2019-05-30 05:14:48,72092660.2473748,0.00000001,0.000000000000869707,7710275,2019-05-30 05:14:48,btc,1738.9048867371803,0.0,0.00000001,btc,67086502.01973631,0.0,0.7209266024737481,21
1,[],12,[],2019-05-30 05:14:49,2397851.0,0.00000001,0.000000000000869707,7710276,2019-05-30 05:14:49,btc,1010.9711713328372,0.0,0.00000001,btc,5961673.6413586205,0.00033585,0.02397851,21
0,[],17,[],2019-05-03 00:53:51,0.0,0,0,7558891,2019-05-03 00:53:51,btc,0.0,0.0,0,btc,0.0,0.0,0.0,21
1,[],12,[],2019-05-30 05:16:50,5566704079.0,0.0000000003,0.00000000000002609121,7710277,2019-05-30 05:16:50,btc,708410087.380909,0.0,0.0000000003,btc,3017118744.2607393,0.117964601597,1.2002544516,23
0.000000000327978,[],27,[],2019-05-30 05:16:57,156468745.72788173,9.83934e-18,8.557342873380001e-22,7710278,2019-05-30 05:16:57,eth,1178.516984414468,189933784.21699774,0.00000003,eth,61625074.1464,1.86882308154234e-09,1.242810128769129e-09,23
1,[],4,[],2019-05-30 05:16:58,1848878.95678582,0.00000018,0.000000000015654726,7710279,2019-05-30 05:16:58,btc,13.28411152957226,0.0,0.00000018,btc,2122364.72279482,0.01262027,0.0559145929444506,24
1,[],22,[],2019-05-30 05:17:01,21.76,0.00000100,0.0000000000869707,7710280,2019-05-30 05:17:01,BTC,7.415e-05,0.0,0.00000100,BTC,23.919354838709676,0.0,1.186e-05,24
0.0,[],25,[],2019-05-30 05:17:02,0.0,0,0,7710281,2019-05-30 05:17:02,,0.0,0.0,0.0,btc,0.0,0.0,0.0,24
1,[],4,[],2019-05-30 05:17:03,7639476.55420467,0.00000447,0.000000000388759029,7710282,2019-05-30 05:17:03,btc,14.998856994081523,0.0,0.00000447,btc,253506.3235914,0.29103814,0.2645342919194105,26
1,[],10,[],2019-05-30 05:17:05,149278.09519854,0.00000582,0.000000000506169474,7710283,2019-05-30 05:17:05,btc,25.579767064734188,3871.53669205,0.00000582,btc,22455.90194355,0.0,0.0346960553741266,26
0,[],2,[],2019-01-20 23:25:56,0.0,0,0,6476976,2019-01-20 23:25:56,,0.0,0.0,0,,0.0,0.0,0.0,26
1,[],3,[],2019-05-30 05:17:06,22445890.0,0.00000001,0.000000000000869707,7710284,2019-05-30 05:17:06,btc,3.651644706657545,15809654.3837,0.00000001,btc,22358863.99083013,0.0,0.22445890000000002,27
1,[],11,[],2019-05-30 05:17:08,1070969.08157834,0.00000002,0.000000000001739414,7710285,2019-05-30 05:17:08,btc,67503.02945665807,19676.5543251,0.00000002,btc,6590405.9414731,0.0,0.0107207058157834,27
1,[],5,[],2019-04-26 09:47:06,0.0,0,0,7465326,2019-04-26 09:47:06,btc,0.0,0.0,0,btc,0.0,0.0,0.0,27
1,[],4,[],2019-05-30 05:17:09,1105254140.3271546,0.00000001,0.000000000000869707,7710286,2019-05-30 05:17:09,btc,4.868538609306383,0.0,0.00000001,"btc,ltc",289562620.36002475,0.3813999,7.329034444650377,29
1,[],7,[],2019-05-30 05:17:12,85534659.40740813,0.00000001,0.000000000000869707,7710287,2019-05-30 05:17:12,btc,46548272.1104508,0.0,0.00000001,btc,35005880.84028096,0.0,0.8553465940740813,29
1,[],4,[],2019-05-30 05:17:14,15312729.61768213,0.00000006,0.000000000005218242,7710288,2019-05-30 05:17:14,btc,2.7068190303212707,0.0,0.00000006,btc,2102648.09973194,0.00194769,0.1713519591165775,30
0,[],17,[],2019-05-03 01:11:25,0.0,0,0,7559066,2019-05-03 01:11:25,btc,0.0,0.0,0,btc,0.0,0.0,0.0,30
1,[],4,[],2019-05-30 05:19:15,141320.37624273,0.00004278,0.000000003720606546,7710289,2019-05-30 05:19:15,btc,3.691751121987756,0.0,0.00004278,btc,47662.92153617,0.52779136,0.5893681086795864,31
1,[],21,[],2019-05-30 05:19:16,44295.8699702,0.00004253000000000000107181624687,0.000000003698863871,7710290,2019-05-30 05:19:16,btc,5.246364762670994,189089.14881488,0.000042530000000000001071816246867030031353351660072803497314453125,btc,109677.76200952,8.3924918,1.706132906298388,31
0,[],2,[],2019-01-20 23:28:43,0.0,0,0,6477009,2019-01-20 23:28:43,,0.0,0.0,0,,0.0,0.0,0.0,32
0,[],4,[],2019-05-30 05:19:18,0.0,0,0,7710291,2019-05-30 05:19:18,,0.0,0.0,0,,0.0,0.0,0.0,33
1,[],12,[],2019-03-30 07:55:10,40641173.964,0.00000003,0.000000000001228359,7108785,2019-03-30 07:55:10,btc,4233210.82356125,0.0,0.00000003,btc,28378394.68333462,0.0126927883965248,0.90752895892,33
0.0000000001351917,[],4,[],2019-05-30 05:19:19,510968892.5746273,2.8390257000000003e-17,2.4691205244699e-21,7710292,2019-05-30 05:19:19,ltc,3.512393895082988,0.0,0.00000021,ltc,154530047.776859,0.0,2.116488078459794e-09,34
1,[],5,[],2019-05-30 05:19:21,0.0,0,0,7710293,2019-05-30 05:19:21,btc,0.0,0.0,0,btc,0.0,0.0,0.0,34
0.0000000002926451,[],17,[],2019-05-02 18:17:47,200000.0,2.9264510000000002e-18,1.596703856561e-22,7556430,2019-05-02 18:17:47,eth,0.20942468735267253,0.0,0.00000001,"btc,eth",1018272.20243647,0.0,5.852902e-13,36
0.0000000001351917,[],4,[],2019-05-30 05:19:22,59384001.42676589,1.351917e-18,1.175771678319e-22,7710294,2019-05-30 05:19:22,ltc,5.1700806156200425e-08,0.0,0.00000001,ltc,7087906061.087266,0.0,8.028224105686907e-11,36
1,[],5,[],2019-05-30 05:19:24,0.0,0,0,7710295,2019-05-30 05:19:24,btc,0.0,0.0,0,btc,0.0,0.0,0.0,36
0.000000000327978,[],27,[],2019-05-30 05:21:33,11879411.226876,9.83934e-18,8.557342873380001e-22,7710296,2019-05-30 05:21:33,eth,1580.9688989506772,460058265.77312404,0.00000003,"ltc,eth",5898600.62557775,2.775160770405471e-09,4.5478923525852525e-11,36
1,[],4,[],2019-05-30 05:21:34,9962034.4438194,0.00000018,0.000000000015654726,7710297,2019-05-30 05:21:34,btc,19772.53850766184,0.0,0.00000018,btc,722622.50751044,0.01900979,0.1388079792569666,37
1,[],12,[],2019-05-30 05:21:35,3773392.36528572,0.00000019,0.000000000016524433,7710298,2019-05-30 05:21:35,btc,8.378813068404337,0.0,0.00000019,btc,976329.02325206,0.011169592102,0.1836405461442866,37
1,[],27,[],2019-05-30 05:23:39,6187.0,0.00000016,0.000000000013915312,7710299,2019-05-30 05:23:39,btc,24.11463822903233,0.0,0.00000016,btc,5792.59438508,0.0,0.00076392,37
1,[],17,[],2019-05-03 01:11:36,211752.74075282,0.00000025,0.000000000013700074999999998,7559074,2019-05-03 01:11:36,btc,0.055484923955058496,0.0,0.00000025,"btc,eth",1387.19918473,0.0,0.0005381851887916605,37
1,[],5,[],2019-05-30 05:23:41,0.0,0,0,7710300,2019-05-30 05:23:41,btc,0.0,0.11922181,0,btc,0.0,0.0,0.0,42
1,[],12,[],2019-05-30 05:23:42,130528.83296254,0.00000096,0.000000000083491872,7710301,2019-05-30 05:23:42,btc,24.762408162922135,0.0,0.00000096,btc,72012.51105406,0.003046337146,0.04354744999995,42
1,[],27,[],2019-05-30 05:23:47,506.0,0.00000002,0.000000000001739414,7710302,2019-05-30 05:23:47,btc,0.39085425,0.0,0.00000002,"btc,eth",735.0,0.0,6.000000344573687e-06,42
1,[],12,[],2019-03-13 09:13:29,1112112.0,0.00000001,0.000000000000386531,6919902,2019-03-13 09:13:29,btc,29058.00478931866,0.0,0.00000001,btc,5967681.93306694,9.99000999e-07,0.01112112,43
1,[],5,[],2019-04-26 22:38:52,0.0,0,0,7474154,2019-04-26 22:38:52,btc,0.0,0.02638891,0,btc,0.0,0.0,0.0,43
0,[],17,[],2019-04-26 22:38:53,0.0,0,0,7474155,2019-04-26 22:38:53,btc,0.0,0.0,0,btc,0.0,0.0,0.0,43
1,[],12,[],2019-03-05 01:54:08,639326.02,0.00000004,0.000000000001486676,6845775,2019-03-05 01:54:08,btc,11116042.728239931,0.0,0.00000004,btc,1103841.4595604,0.0003330765234764,0.014975410599999999,44
1,[],4,[],2019-05-30 05:23:48,115383823.76643461,0.00000001,0.000000000000869707,7710303,2019-05-30 05:23:48,btc,291324.2192730676,0.0,0.00000001,"btc,ltc",27179164.23224099,0.00059752,0.07859584775921608,49
0.0000000001351917,[],4,[],2019-05-30 05:23:50,174705148.04307222,4.1909427e-17,3.6448922027889e-21,7710304,2019-05-30 05:23:50,ltc,22049.95933923451,0.0,0.00000031,ltc,158476384.08765298,0.0,1.3362095646330996e-09,52
0,[],22,[],2019-05-30 05:23:52,0.0,0,0,7710305,2019-05-30 05:23:52,,10289.55991011,0.0,0,,308568058.4566013,0.0,0.0,57
1,[],27,[],2019-05-30 05:23:57,2297.0,0.0000003,0.00000000002609121,7710306,2019-05-30 05:23:57,btc,0.0,0.0,0.0000003,"btc,eth",0.0,0.0,0.0003891,57
0.0000000001351917,[],4,[],2019-05-30 05:23:58,2661554925.956109,1.351917e-18,1.175771678319e-22,7710307,2019-05-30 05:23:58,ltc,19.26387231844426,0.0,0.00000001,ltc,5784416102.343987,0.0,3.5982013508338054e-09,58
1,[],12,[],2019-05-30 05:23:59,1094383474.0,0.0000000001,0.00000000000000869707,7710308,2019-05-30 05:23:59,btc,2192498.702938062,0.0,0.0000000001,btc,2574627327.819137,0.001040667088,0.10943834740000001,58
0.0000000001095905,[],22,[],2019-05-30 05:26:01,126877.0,1.095905e-18,9.53116249835e-23,7710309,2019-05-30 05:26:01,XMR,68.17454206,0.0,0.00000001,XMR,9626402.6,0.0,0.00126877,58
1,[],17,[],2019-05-03 01:12:09,1200000.0,0.0000000001,0.00000000000000548003,7559085,2019-05-03 01:12:09,btc,1e+24,0.0,0.0000000001,"btc,eth",39516342.31952568,0.0,0.00010000000058666061,58
1,[],5,[],2019-05-30 05:26:03,0.0,0,0,7710310,2019-05-30 05:26:03,btc,0.0,0.00262651,0,btc,0.0,0.0,0.0,61
1,[],22,[],2019-05-30 05:26:06,13613.833333333334,0.00000012,0.000000000010436484,7710311,2019-05-30 05:26:06,BTC,1002.29123003,0.0,0.00000012,BTC,15014.200177125656,0.0,0.00153269,61
1,[],26,[],2019-05-30 05:26:06,0.0,0.00000050,0.00000000004348535,7710312,2019-05-30 05:26:06,btc,0.0,0.0,0.00000050,btc,0.0,0.0,0.0,61
1,[],27,[],2019-05-30 05:26:15,8450.0,0.0000002,0.00000000001739414,7710313,2019-05-30 05:26:15,btc,1.9582485601246655,0.0,0.0000002,"btc,eth",11379.41563696,0.0,0.001522,61
0,[],28,[],2019-05-30 05:26:58,0.0,0,0,7710314,2019-05-30 05:26:58,,0.0,784.0,0,,0.0,0.0,0.0,61
1,[],4,[],2019-05-30 05:26:59,941779.72829982,0.00000079,0.000000000068706853,7710315,2019-05-30 05:26:59,btc,2.5997684546913384,0.0,0.00000079,btc,843447.71369591,0.0416455,0.5421251274554634,67
0.0,[],25,[],2019-05-30 05:27:01,0.0,0,0,7710316,2019-05-30 05:27:01,,0.0,0.0,0.0,btc,0.0,0.0,0.0,67
1,[],12,[],2019-05-30 05:27:02,813745.0,0.00000005,0.000000000004348535,7710317,2019-05-30 05:27:02,btc,5.1710944970829145,0.0,0.00000005,btc,773732.038961,0.000183196404,0.01771841,71
,[],5,[],2018-11-20 23:02:39,1.5e-07,0.00000005,0.000000000002128045,4862160,2018-11-20 23:02:39,btc,2.84511358,0.0,,btc,0.00036572,0.0,0.07381892,74
1,[],5,[],2019-05-30 05:27:04,0.0,0,0,7710318,2019-05-30 05:27:04,btc,0.0,0.04740384,0,btc,0.0,0.0,0.0,75
0,[],4,[],2019-05-25 21:33:44,0.0,0,0,7686249,2019-05-25 21:33:44,,133656.37989170782,0.0,0,,33439209.5909442,0.0,0.0,81
0,[],20,[],2019-01-25 09:30:31,0.0,0,0,6495923,2019-01-25 09:30:31,btc,0.0,0.0,0,btc,0.0,0.0,0.0,81
1,[],4,[],2019-05-30 05:27:05,37324.66325977,0.00012002,0.000000010438223414,7710319,2019-05-30 05:27:05,btc,34.25912798734193,0.0,0.00012002,btc,72105.53458879,1.62179166,0.8719449057782407,82
1,[],21,[],2019-05-30 05:27:05,71933.22877849,0.0001237499999999999993234578444,0.000000010762624125,7710320,2019-05-30 05:27:05,btc,33.15167744806972,121116.65489034,0.0001237499999999999993234578443690452331793494522571563720703125,btc,182822.97271714,15.69653383,6.17209445484774,82
0,[],17,[],2019-03-25 22:42:34,0.0,0,0,7038780,2019-03-25 22:42:34,btc,0.0445064681804024,0.0,0,btc,995513.18476001,0.0,0.0,84
0.0000000001161485,[],4,[],2019-05-20 13:09:39,216715621.0206096,1.161485e-18,9.0533806701e-23,7657228,2019-05-20 13:09:39,ltc,1.6511566870244727,0.0,0.00000001,ltc,471032407.9048656,0.0,2.5171194308112273e-10,85
,[],22,[],2018-11-20 23:09:34,3408.1,0.0000001,0.0000000000041895,4862324,2018-11-20 23:09:34,BTC,0.04624735,0.0,,BTC,4990.0,0.0,0.00033081,86
1,[],22,[],2019-05-30 05:27:09,65156.0,0.00000001,0.000000000000869707,7710321,2019-05-30 05:27:09,BTC,1.44930041,0.0,0.00000001,BTC,188535.29736842104,3e-05,0.00065156,87
1,[],27,[],2019-05-30 05:27:14,27543.0,0.00000003,0.000000000002609121,7710322,2019-05-30 05:27:14,btc,5.374257418036,110922.819,0.00000003,btc,146149.67341,0.00332768,0.00061309,87
,[],2,[],2018-11-20 23:10:47,0.0,0,0,4862359,2018-11-20 23:10:47,,0.0,0.0,,,0.0,0.0,0.0,88
1,[],11,[],2019-05-30 05:27:16,205019.13506865,0.000080010000000000001366302904148852803700719960033893585205078125,0.000000006958525707,7710323,2019-05-30 05:27:16,btc,186.59850604048387,381.10332115,0.000080010000000000001366302904148852803700719960033893585205078125,btc,239335.13382186,0.0,2.208110784994113,89
0,[],2,[],2019-01-20 23:31:45,0.0,0,0,6477083,2019-01-20 23:31:45,,0.0,0.0,0,,0.0,0.0,0.0,91
1,[],12,[],2019-05-30 05:27:18,266413.75420287,0.00000032,0.000000000027830624,7710324,2019-05-30 05:27:18,btc,87.69193415055564,0.0,0.00000032,btc,145517.20253856,0.001144954886,0.0123434619999933,91
1,[],22,[],2019-05-30 05:29:22,75910.55,0.0000002,0.00000000001739414,7710325,2019-05-30 05:29:22,BTC,0.495,0.0,0.0000002,"BTC,LTC",4.95,0.0,0.00165931,91
0,[],17,[],2019-05-03 01:12:26,0.0,0,0,7559096,2019-05-03 01:12:26,btc,0.0,0.0,0,btc,0.0,0.0,0.0,91
1,[],22,[],2019-04-09 20:17:52,374949.73333333334,0.00000015,0.000000000007771935,7235704,2019-04-09 20:17:52,BTC,6.87372503,0.0,0.00000015,"BTC,LTC",159980.01196797504,1.1e-05,0.80510266,95
0.0000000001351917,[],4,[],2019-05-30 05:29:23,541447573.4950762,2.8390257000000003e-17,2.4691205244699e-21,7710326,2019-05-30 05:29:23,ltc,11.29891286840278,0.0,0.00000021,ltc,152106263.82867935,0.0,8.568035070684428e-10,96
0,[],12,[],2019-05-30 05:29:23,0.0,0,0,7710327,2019-05-30 05:29:23,btc,17.13202428037962,0.0,0,btc,9673314.03796204,0.0,0.0,96
0,[],17,[],2019-05-03 01:12:32,0.0,0,0,7559100,2019-05-03 01:12:32,btc,0.0,0.0,0,btc,0.0,0.0,0.0,96
1,[],4,[],2019-04-14 03:32:46,1039404.33283278,0.00000038,0.000000000019245518,7293458,2019-04-14 03:32:46,btc,4.170086055365747,0.0,0.00000038,btc,3097704.34561074,0.06260606,0.1859928211030784,99
0,[],2,[],2019-01-20 23:23:55,0.0,0,0,6476914,2019-01-20 23:23:55,,0.0,0.0,0,,0.0,0.0,0.0,100
1,[],4,[],2019-05-30 05:31:24,205427.68886595,0.00001712,0.000000001488938384,7710328,2019-05-30 05:31:24,btc,6.9437625933822105,0.0,0.00001712,btc,138960.44984562,0.28185466,0.2808364676437759,100
1,[],22,[],2019-05-30 05:31:27,150000.0,0.00000002,0.000000000001739414,7710329,2019-05-30 05:31:27,BTC,24.83526409,0.0,0.00000002,BTC,11187.719,0.0,0.0017,101
1,[],4,[],2019-05-30 05:31:28,519522.67286709,0.00000161,0.000000000140022827,7710330,2019-05-30 05:31:28,btc,362.17534413822455,0.0,0.00000161,btc,573037.90217326,0.0960951,0.1489157763264448,103
1,[],12,[],2019-05-30 05:31:31,140940207.83268034,0.000000004,0.00000000000034788280000000003,7710331,2019-05-30 05:31:31,btc,2395.3771820957622,0.0,0.000000004,btc,63129456.14635865,0.034662072825,0.1735180393307214,105
0,[],27,[],2019-05-30 05:31:35,0.0,0,0,7710332,2019-05-30 05:31:35,,0.3177348923531397,277188.915,0,btc,782716.35947933,0.00277189,0.0,105
1,[],22,[],2019-04-21 00:17:26,21333.0,0.00000001,0.000000000000532493,7385819,2019-04-21 00:17:26,BTC,51.38182867,0.0,0.00000001,BTC,470435.0,0.0,0.00021333,107
1,[],26,[],2019-04-21 00:17:26,0.0,0.00000000,0,7385820,2019-04-21 00:17:26,btc,0.0,0.0,0.00000000,btc,0.0,0.0,0.0,107
1,[],5,[],2019-05-30 05:31:37,0.0,0,0,7710333,2019-05-30 05:31:37,btc,0.0,0.0,0,btc,0.0,0.0,0.0,112
0,[],22,[],2019-05-30 05:31:39,0.0,0,0,7710334,2019-05-30 05:31:39,,6.79726681,0.0,0,,3375892.0833333335,0.0,0.0,112
1,[],27,[],2019-05-30 05:31:46,1.0,0.00000001,0.000000000000869707,7710335,2019-05-30 05:31:46,btc,1.15032588,0.0,0.00000001,"btc,eth",1818.0,0.0,1e-08,112
1,[],4,[],2019-05-30 05:31:47,273677.6766391,0.00000085,0.000000000073925095,7710336,2019-05-30 05:31:47,btc,5.696331828903393,0.0,0.00000085,btc,585253.2446677,0.05224993,0.1679113820289482,113
1,[],5,[],2019-05-30 05:31:49,0.0,0,0,7710337,2019-05-30 05:31:49,btc,0.0,0.0,0,btc,0.0,0.0,0.0,113
1,[],17,[],2019-04-26 02:17:47,162738.278,0.00000004,0.0000000000021069000000000002,7461287,2019-04-26 02:17:47,btc,1.3331140273775473,0.0,0.00000004,btc,51796.221,0.0,0.00230953112,116
1,[],27,[],2019-05-22 05:13:01,210000.0,0.00000001,0.00000000000079145,7666372,2019-05-22 05:13:01,btc,3919.0005001478,0.0,0.00000001,btc,128660.871,0.0,0.0021,116
1,[],4,[],2019-05-21 22:31:11,138169.03963019,0.00000701,0.000000000558364025,7664793,2019-05-21 22:31:11,btc,150.95388250938234,0.0,0.00000701,btc,344631.17141974,0.07552974,0.4288357684941946,120
1,[],7,[],2019-05-21 22:31:12,3901.07750076,0.000010679999999999999389654892212320191902108490467071533203125,0.0000000008506887,7664794,2019-05-21 22:31:12,btc,231188.94669936574,0.0,0.000010679999999999999389654892212320191902108490467071533203125,btc,4133.83151364,0.0,0.0113888422364489,120
1,[],20,[],2019-04-07 18:42:29,1914137.0852,0.000000035,0.0000000000017871910000000002,7211992,2019-04-07 18:42:29,btc,32.2497668025648,25528.85,0.000000035,btc,1001975.4986,0.00089350975,0.0152723574729,125
1,[],22,[],2019-05-30 05:31:52,10000.0,0.00000001,0.000000000000869707,7710338,2019-05-30 05:31:52,BTC,0.032061,0.0,0.00000001,BTC,299316.7611111111,0.0,0.0001,126
1,[],4,[],2019-05-30 05:31:53,364296.63051315,0.00000662,0.000000000575746034,7710339,2019-05-30 05:31:53,btc,5.040350072415684,0.0,0.00000662,btc,193170.90148823,0.39581388,1.1140035466188951,131
0,[],2,[],2019-01-20 23:25:46,0.0,0,0,6476969,2019-01-20 23:25:46,,0.0,0.0,0,,0.0,0.0,0.0,131
1,[],17,[],2019-05-03 01:13:10,10000.0,0.00000001,0.000000000000548003,7559115,2019-05-03 01:13:10,btc,0.0953976503951408,0.0,0.00000001,btc,5037.62507334,0.0,0.0001,131
1,[],4,[],2019-05-30 05:33:54,4748.84505333,0.00007919,0.000000006887209733,7710340,2019-05-30 05:33:54,btc,5.031613237220784,0.0,0.00007919,btc,202.13055914,0.0,0.0065109533890554,135
1,[],3,[],2019-05-30 05:33:55,624652.22392675,0.00000001,0.000000000000869707,7710341,2019-05-30 05:33:55,btc,0.2228399259153858,1577354.09937,0.00000001,btc,1910497.4316845,0.0,0.0062465222392675,136
1,[],4,[],2019-05-30 05:33:56,2696477.0774414,0.00000187,0.000000000162635209,7710342,2019-05-30 05:33:56,btc,108.73077826700899,0.0,0.00000187,btc,517518.52436511,0.04003642,0.5735369439701202,137
1,[],12,[],2019-05-30 05:33:57,88673.04493429,0.000001870000000000000095373470405946125794116596807725727558135986328125,0.00000000016263520900000001,7710343,2019-05-30 05:33:57,btc,57.78090122370482,0.0,0.000001870000000000000095373470405946125794116596807725727558135986328125,btc,49738.34635867,0.000276653347,0.0187130699999358,137
1,[],4,[],2019-05-30 05:33:58,62287.20488121,0.00001921,0.000000001670707147,7710344,2019-05-30 05:33:58,btc,9.524972241924582,0.0,0.00001921,btc,151116.51019255,0.86525867,0.4022092912748323,142
1,[],5,[],2019-05-30 05:33:59,0.0,0,0,7710345,2019-05-30 05:33:59,btc,0.0,0.01389047,0,btc,0.0,0.0,0.0,142
1,[],20,[],2019-05-30 05:36:01,209017.1559,0.00001423,0.000000001237593061,7710346,2019-05-30 05:36:01,btc,1.6088608988926,0.0,0.00001423,btc,9872.7963,0.0,0.0183995658321,142
1,[],22,[],2019-05-30 05:36:04,11028.645,0.00001000,0.000000000869707,7710347,2019-05-30 05:36:04,BTC,3.2754788,0.0,0.00001000,BTC,1133.9993657797618,0.0,0.00745365,142
0.0,[],25,[],2019-05-30 05:36:05,0.0,0,0,7710348,2019-05-30 05:36:05,,0.0,0.0,0.0,btc,0.0,0.0,0.0,142
0,[],28,[],2019-05-30 05:36:54,0.0,0,0,7710349,2019-05-30 05:36:54,,0.0,0.0,0,,0.0,0.0,0.0,142
1,[],17,[],2019-05-03 01:13:16,32967.38636364,0.00000088,0.000000000048224264,7559122,2019-05-03 01:13:16,btc,20.06976206696776,0.0,0.00000088,btc,2746.079105,0.0,0.0105613000000032,142
0,[],22,[],2019-05-30 05:36:57,0.0,0,0,7710350,2019-05-30 05:36:57,,65.51518676,0.0,0,,839924755.3,0.0,0.0,143
0,[],22,[],2019-02-25 15:42:22,0.0,0,0,6783783,2019-02-25 15:42:22,,4.2131946,0.0,0,,2322156.0,0.0,0.0,146
,[],22,[],2018-11-20 23:01:11,0.0,0,0,4862114,2018-11-20 23:01:11,,2.56807021,0.0,,,61828.4988236,0.0,0.0,147
1,[],12,[],2019-04-21 06:38:04,193091.5971266,0.00000071,0.000000000037635183,7388679,2019-04-21 06:38:04,btc,2.301232411611175,0.0,0.00000071,btc,9957.48302385,0.00023528,0.0313308199999888,148
1,[],4,[],2019-03-19 21:31:25,255810.0415942,0.00000029,0.000000000011615747,6982695,2019-03-19 21:31:25,btc,218.94922712414143,0.0,0.00000029,btc,793529.37642722,0.00117,0.0608347789473395,152
0,[],22,[],2019-03-19 21:31:27,0.0,0,0,6982696,2019-03-19 21:31:27,,0.0,0.0,0,,0.0,0.0,0.0,152
1,[],5,[],2019-04-26 09:36:59,0.0,0,0,7465040,2019-04-26 09:36:59,btc,0.0,0.0,0,btc,0.0,0.0,0.0,153
,[],16,[],2019-01-11 15:38:59,0.0,0,0,6366141,2019-01-11 15:38:59,btc,0.0,0.0,,btc,0.0,0.0,0.0,155
0,[],23,[],2019-01-20 23:24:29,0.0,0,0,6476932,2019-01-20 23:24:29,,0.0,0.0,0,,0.0,0.0,0.0,156
0,[],22,[],2019-05-30 05:37:00,0.0,0,0,7710351,2019-05-30 05:37:00,,7.44455324,0.0,0,,5955762.942592593,0.0,0.0,156
1,[],22,[],2019-05-30 05:37:04,6996.0,0.00000001,0.000000000000869707,7710352,2019-05-30 05:37:04,BTC,1.7543039,0.0,0.00000001,BTC,57.0,0.0,6.996e-05,157
0,[],22,[],2019-05-21 23:40:32,0.0,0,0,7665049,2019-05-21 23:40:32,,50234.60468402,0.0,0,,54786159.03179465,0.0,0.0,158
,[],17,[],2018-11-20 22:56:10,0.0,0,0,4861976,2018-11-20 22:56:10,btc,1.1265625,0.0,,btc,1000.0,0.0,0.0,159
,[],20,[],2018-11-20 22:56:12,0.0,0,0,4861977,2018-11-20 22:56:12,btc,11912.7940471,0.0,,btc,34413894.3617,0.0,0.0,159
1,[],12,[],2019-05-24 02:51:20,9178.522006449999,0.00000191999999999999982841307998027158276954651228152215480804443359375,0.000000000151222656,7676256,2019-05-24 02:51:20,btc,149.80414728631675,0.0,0.00000191999999999999982841307998027158276954651228152215480804443359375,btc,1115.7451448499999,0.01783167678326,0.0120075778999181,168
1,[],17,[],2019-05-03 01:13:36,42852.0,0.00000002,0.000000000001096006,7559132,2019-05-03 01:13:36,btc,0.04279856251542,0.0,0.00000002,btc,274.46171372,0.0,0.00052852,168
1,[],22,[],2019-05-17 03:01:52,10.0,0.00000001,0.000000000000778341,7642059,2019-05-17 03:01:52,BTC,41.95893009,0.0,0.00000001,BTC,1753972.7737547632,0.0,1e-07,169
1,[],22,[],2019-05-30 05:37:08,202834.0,0.00000002,0.000000000001739414,7710353,2019-05-30 05:37:08,BTC,27.87002826,0.0,0.00000002,BTC,462189.5410507793,1.6e-06,0.00211768,171
1,[],22,[],2019-05-29 08:05:18,349870.0,0.00000002,0.000000000001705894,7705265,2019-05-29 08:05:18,BTC,24.05907723,0.0,0.00000002,"BTC,LTC",1224285.4355616204,0.0,0.0039847,173
1,[],5,[],2019-05-30 05:37:10,0.0,0,0,7710354,2019-05-30 05:37:10,btc,0.0,0.00391761,0,btc,0.0,0.0,0.0,175
1,[],22,[],2019-05-30 05:37:13,90671.0,0.00000001,0.000000000000869707,7710355,2019-05-30 05:37:13,BTC,394.35459412,0.0,0.00000001,BTC,136275.61833431243,0.0,0.00090671,176
1,[],7,[],2019-05-30 05:37:14,0.0,0,0,7710356,2019-05-30 05:37:14,btc,522274.2171191036,0.0,0,btc,22704124.34310774,0.0,0.0,178
0,[],22,[],2019-05-30 05:37:17,0.0,0,0,7710357,2019-05-30 05:37:17,,1.00242428,0.0,0,,57512.0,0.0,0.0,178
0,[],2,[],2019-01-20 23:28:34,0.0,0,0,6477001,2019-01-20 23:28:34,,0.0,0.0,0,,0.0,0.0,0.0,178
1,[],5,[],2019-05-30 05:37:18,0.0,0,0,7710358,2019-05-30 05:37:18,btc,0.0,0.05374849,0,btc,0.0,0.0,0.0,179
0,[],22,[],2019-05-30 05:37:21,0.0,0,0,7710359,2019-05-30 05:37:21,,5.31489813,0.0,0,,13465409.311946675,0.0,0.0,179
0,[],23,[],2019-01-20 23:25:08,0.0,0,0,6476952,2019-01-20 23:25:08,,0.0,0.0,0,,0.0,0.0,0.0,179
1,[],22,[],2019-05-30 05:39:25,673574.1868582282,0.00000103,0.000000000089579821,7710360,2019-05-30 05:39:25,BTC,39.2209276,0.0,0.00000103,"BTC,LTC",167836.3213531212,0.01333011,0.57225033,180
1,[],26,[],2019-05-30 05:39:25,0.0,0.00000010,0.00000000000869707,7710361,2019-05-30 05:39:25,btc,0.0,0.0,0.00000010,btc,0.0,0.0,0.0,180
1,[],17,[],2019-05-03 01:13:56,20504.725000000002,0.0000001,0.00000000000548003,7559141,2019-05-03 01:13:56,btc,5.2010695838400265,0.0,0.0000001,btc,5033.45945,0.0,0.0011504725,180
,[],7,[],2018-11-20 22:58:01,562227.975654,0.00000085,0.000000000036176765,4862015,2018-11-20 22:58:01,btc,21836.6059674,2491.87645172,,btc,749999.041456,0.00211021,0.127565380455,183
,[],5,[],2019-01-10 08:11:41,0.0,0,0,6347036,2019-01-10 08:11:41,btc,82.15055501,0.00261,,btc,1.19002445,0.0,0.0,187
,[],17,[],2018-11-16 20:58:10,4062536.27273,0.00000001,0.000000000000550501,4708775,2018-11-16 20:58:10,btc,3.36492563466,0.195460381006,,"btc,eth",110697919.549,0.0,0.0157628953496,187
1,[],24,[],2019-05-22 21:04:52,0.0,0.000000000014,0.0000000000000010960978,7670219,2019-05-22 21:04:52,btc,0.0,0.0,0.000000000014,btc,0.0,0.0,0.0,187
0,[],22,[],2019-04-25 02:54:07,0.0,0,0,7447896,2019-04-25 02:54:07,,7.54794454,0.0,0,,76361.7243344055,0.0,0.0,191
0,[],22,[],2019-05-30 05:39:29,0.0,0,0,7710362,2019-05-30 05:39:29,,0.0,0.0,0,,0.0,0.0,0.0,197
0,[],23,[],2019-01-20 23:31:41,0.0,0,0,6477079,2019-01-20 23:31:41,,0.0,0.0,0,,0.0,0.0,0.0,199
0,[],22,[],2019-05-30 05:39:32,0.0,0,0,7710363,2019-05-30 05:39:32,,10.91949999,0.0,0,,98428037.0,0.0,0.0,199
1,[],26,[],2019-05-30 05:39:32,0.0,0.00000000,0,7710364,2019-05-30 05:39:32,btc,0.0,0.0,0.00000000,btc,0.0,0.0,0.0,199
0,[],2,[],2019-01-20 23:30:49,0.0,0,0,6477059,2019-01-20 23:30:49,,0.0,0.0,0,,0.0,0.0,0.0,201
1,[],4,[],2019-01-25 15:51:35,2084389.58565343,0.00000936,0.000000000333526752,6499557,2019-01-25 15:51:35,btc,2.0092503037378524,0.0,0.00000936,btc,160195.80207885,0.19272417,1.242687955921835,211
1,[],7,[],2019-05-30 05:39:34,1183510005.9467068,0.00000059,0.000000000051312713,7710365,2019-05-30 05:39:34,btc,15201840.987404548,242492.25074,0.00000059,btc,8428672.8976517,0.0,13.434342856573291,212
1,[],12,[],2019-01-25 02:44:32,207462.42853209,0.000001080000000000000035831255497387193287295303889550268650054931640625,0.000000000038610756000000006,6493050,2019-01-25 02:44:32,btc,85023.03793723314,0.0,0.000001080000000000000035831255497387193287295303889550268650054931640625,btc,43675.73520027,0.000146250909087,0.0348620860622024,213
1,[],5,[],2019-05-30 00:07:46,0.0,0,0,7709357,2019-05-30 00:07:46,btc,0.0,0.06425239,0,btc,0.0,0.0,0.0,213
1,[],24,[],2019-05-30 00:07:46,0.0,0.000000399202,0.0000000000344859829346,7709358,2019-05-30 00:07:46,btc,0.0,0.0,0.000000399202,btc,0.0,0.0,0.0,213
1,[],26,[],2019-05-30 00:07:47,0.0,0.00000040,0.000000000034554919999999996,7709359,2019-05-30 00:07:47,btc,0.0,0.0,0.00000040,btc,0.0,0.0,0.0,213
0,[],22,[],2019-05-30 05:39:37,0.0,0,0,7710366,2019-05-30 05:39:37,,9.61445386,0.0,0,,3661587.094064925,0.0,0.0,216
1,[],27,[],2019-05-30 05:39:41,196550.0,0.00000001,0.000000000000869707,7710367,2019-05-30 05:39:41,btc,75.61743967917752,4683.0,0.00000001,"btc,ltc",386835.407688,4.683e-05,0.0019655,216
1,[],22,[],2019-05-30 05:39:44,720626.8260869565,0.00000027,0.000000000023482089,7710368,2019-05-30 05:39:44,BTC,12056.48402077,0.0,0.00000027,BTC,518338.7595090601,0.00504417,0.0536882,217
1,[],7,[],2019-05-30 05:39:46,0.0,0,0,7710369,2019-05-30 05:39:46,btc,1234864.1040716618,0.0,0,btc,164001712.13147992,0.0,0.0,219
0,[],27,[],2019-05-30 05:39:50,0.0,0,0,7710370,2019-05-30 05:39:50,,0.444939536343255,8881648.362302,0,btc,15404860.50681425,0.08881648,0.0,219
0,[],28,[],2019-05-30 05:41:12,0.0,0,0,7710371,2019-05-30 05:41:12,,0.0,17141829.1423,0,,0.0,0.0,0.0,219
1,[],22,[],2019-05-23 16:41:05,172069.0,0.00000004,0.0000000000031167080000000004,7674065,2019-05-23 16:41:05,BTC,56.76466137,0.0,0.00000004,BTC,127061.6482738741,0.0,0.00393676,221
1,[],24,[],2019-05-23 16:41:05,0.0,0.000000010000,0.0000000000007791770000000001,7674066,2019-05-23 16:41:05,btc,0.0,0.0,0.000000010000,btc,0.0,0.0,0.0,221
1,[],20,[],2019-05-30 05:41:14,2683426.3644,0.000000001,0.0000000000000869707,7710372,2019-05-30 05:41:14,btc,100053.67854003386,6675997.5333,0.000000001,btc,49809393.1499,0.0080763584831,0.0026834263644,224
0,[],22,[],2019-05-30 05:41:16,0.0,0,0,7710373,2019-05-30 05:41:16,,0.0,0.0,0,,0.0,0.0,0.0,224
1,[],26,[],2019-05-30 05:41:16,0.0,0.00000025,0.000000000021742675,7710374,2019-05-30 05:41:16,btc,0.0,0.0,0.00000025,btc,0.0,0.0,0.0,231
1,[],26,[],2019-05-30 05:41:17,0.0,0.00000006,0.000000000005218242,7710375,2019-05-30 05:41:17,btc,0.0,0.0,0.00000006,btc,0.0,0.0,0.0,234
0,[],27,[],2019-05-30 05:41:23,0.0,0,0,7710376,2019-05-30 05:41:23,,0.01134836604,0.0,0,"btc,eth",11462.996,0.0,0.0,234
1,[],4,[],2019-05-22 17:06:12,91780.56053785,0.00000078,0.000000000061977552,7669277,2019-05-22 17:06:12,btc,5.573372450018177,0.0,0.00000078,btc,729173.93529783,0.0,0.0307060663355679,236
1,[],24,[],2019-05-22 17:06:12,0.0,0.000000010000,0.000000000000794584,7669278,2019-05-22 17:06:12,btc,0.0,0.0,0.000000010000,btc,0.0,0.0,0.0,236
1,[],5,[],2019-05-30 05:41:24,0.0,0,0,7710377,2019-05-30 05:41:24,btc,0.0,0.02200102,0,btc,0.0,0.0,0.0,237
1,[],20,[],2019-05-30 05:41:26,121614840.1499,0.000000047,0.0000000000040876229,7710378,2019-05-30 05:41:26,btc,58795.16905127152,13436125.5498,0.000000047,btc,42988123.4638,0.5695042490234,0.4914067747019,237
1,[],22,[],2019-05-30 05:41:30,288100.0,0.00000003,0.000000000002609121,7710379,2019-05-30 05:41:30,BTC,1.20267422,0.0,0.00000003,"BTC,LTC",17930.94871794872,0.0,0.007541,237
1,[],4,[],2019-05-30 05:41:31,26909518.60929882,0.00000011,0.000000000009566777,7710380,2019-05-30 05:41:31,btc,2.7970166257363123,0.0,0.00000011,btc,8804373.62820771,0.09688342,0.5600577554218298,238
1,[],5,[],2019-05-30 05:41:32,0.0,0,0,7710381,2019-05-30 05:41:32,btc,0.0,0.00739893,0,btc,0.0,0.0,0.0,238
0,[],22,[],2019-03-12 16:49:32,0.0,0,0,6914458,2019-03-12 16:49:32,,0.40415746,0.0,0,,526736.5639027493,0.0,0.0,249
0,[],22,[],2019-05-28 23:53:45,0.0,0,0,7703643,2019-05-28 23:53:45,,13.44714864,0.0,0,,43777534.3426455,0.0,0.0,252
0,[],28,[],2019-05-30 05:42:23,0.0,0,0,7710382,2019-05-30 05:42:23,,0.0,269752.9,0,,0.0,0.0,0.0,256
1,[],22,[],2019-05-30 05:42:26,1039243.0,0.00000001,0.000000000000869707,7710383,2019-05-30 05:42:26,BTC,31464.5506474,0.0,0.00000001,BTC,585656.6675322719,0.0,0.01039243,258
1,[],22,[],2019-05-19 18:12:02,400.0,0.00000001,0.0000000000007957800000000001,7653905,2019-05-19 18:12:02,BTC,2.415167,0.0,0.00000001,BTC,157.0,0.0,4e-06,259
1,[],5,[],2019-05-30 05:42:28,0.0,0,0,7710384,2019-05-30 05:42:28,btc,0.0,0.04873205,0,btc,0.0,0.0,0.0,264
1,[],20,[],2019-05-30 05:42:29,955424.2976,0.000000153,0.0000000000133065171,7710385,2019-05-30 05:42:29,btc,0.9767112128449,23429.506,0.000000153,btc,52933.9807,0.013556486057,0.0075337773828,264
0,[],22,[],2019-04-12 17:57:27,0.0,0,0,7278186,2019-04-12 17:57:27,,66.37522201,0.0,0,,677842.4169881374,0.0,0.0,271
0,[],22,[],2019-05-29 08:10:20,0.0,0,0,7705301,2019-05-29 08:10:20,,33050470.74998113,0.0,0,,14361377780.7,0.0,0.0,272
0,[],28,[],2019-05-29 08:10:54,0.0,0,0,7705302,2019-05-29 08:10:54,,0.0,22189957216.5758,0,,0.0,0.0,0.0,272
1,[],22,[],2019-05-23 07:12:29,219930.0,0.00000004,0.000000000003048688,7671985,2019-05-23 07:12:29,BTC,426.77835217,0.0,0.00000004,BTC,248664.3325962929,0.0,0.00739728,281
1,[],22,[],2019-05-30 05:42:34,382821.68333333335,0.00000004,0.000000000003478828,7710386,2019-05-30 05:42:34,BTC,31.66095484,0.0,0.00000004,"BTC,LTC",1340569.3712440897,0.00351706,0.01605622,286
0,[],22,[],2019-05-30 05:42:37,0.0,0,0,7710387,2019-05-30 05:42:37,,7337904.96568486,0.0,0,,2004620112.6797826,0.0,0.0,294
