pairValue,buyBook,exchangeId,sellBook,updated,buyTotal,satoshiPrice,usdPrice,exchangeLogId,created,bestPair,sellTotalBtc,volume,pairPrice,activePairs,sellTotal,volumeBtc,buyTotalBtc,coinId
0,[],2,[],2019-01-20 23:28:45,0.0,0,0,6477011,2019-01-20 23:28:45,,0.0,0.0,0,,0.0,0.0,0.0,1
1,[],3,[],2019-02-04 15:47:12,92.458783485351,0.01222222000000000065311756003438858897425234317779541015625,0.00000042184258996800004,6581236,2019-02-04 15:47:12,btc,107.09219828569724,0.31692584,0.01222222000000000065311756003438858897425234317779541015625,btc,24.244609650772002,0.0,0.04267069999204576,1
1,[],4,[],2019-02-04 15:47:13,25083.73851071,0.01232430,0.00000042536581992,6581237,2019-02-04 15:47:13,btc,0.9637072524848019,0.0,0.01232430,btc,74.38154127,0.47224895,1.2987648869972892,1
1,[],5,[],2019-02-04 15:47:15,0.23382753,0.01220320,0.00000042118612608,6581238,2019-02-04 15:47:15,btc,14578.31793331,0.64225954,0.01220320,btc,35555556.15084533,0.0,1.56407907,1
1,[],10,[],2019-02-04 15:47:16,271612.75213253,0.01213399,0.00000041879738445600003,6581239,2019-02-04 15:47:16,btc,6533.644238941209,1762.04360371,0.01213399,btc,1071.19623839,0.0,4.83001281373307,1
1,[],12,[],2019-02-04 15:47:19,10423.27512932,0.0122500000000000004718447854656915296800434589385986328125,0.00000042280140000000005,6581240,2019-02-04 15:47:19,btc,0.4814752691882,0.0,0.0122500000000000004718447854656915296800434589385986328125,btc,32.59422821,0.8024003449984,0.1875747205754,1
1,[],20,[],2019-02-04 15:47:21,1150.3103,0.01200001,0.00000041417314514400003,6581241,2019-02-04 15:47:21,btc,0.0566246204203,0.0354,0.01200001,btc,2.488,0.000424800354,0.0967650198377,1
1,[],21,[],2019-02-04 15:47:22,2622.8310682,0.01220000000000000077438055968,0.00000042107568000000006,6581242,2019-02-04 15:47:22,btc,23.379306226214922,2127.97213334,0.01220000000000000077438055967604668694548308849334716796875,"btc,eth",2567.66908634,21.697034235867076,25.348527337843727,1
1,[],22,[],2019-02-04 15:47:37,0.0263776,0.01350000,0.00000046594440000000003,6581243,2019-02-04 15:47:37,BTC,0.31397231,0.0,0.01350000,BTC,0.10124366666666666,0.0,0.00034472,1
1,[],24,[],2019-02-04 15:47:38,0.0,0.000000000000,0,6581244,2019-02-04 15:47:38,btc,0.0,0.0,0.000000000000,btc,0.0,0.0,0.0,1
0.0,[],25,[],2019-02-04 15:47:38,0.0,0,0,6581245,2019-02-04 15:47:38,btc,26.39599999726023,1552.30295417,0.0,btc,2081.78291069,19.32,0.0,1
1,[],26,[],2019-02-04 15:47:49,0.0,0,0,6581246,2019-02-04 15:47:49,,0.0,0.0,0,,0.0,0.0,0.0,1
1,[],28,[],2019-02-04 15:47:55,987.9,0.01131000,0.000000390357864,6581247,2019-02-04 15:47:55,btc,0.162839806,17936.15,0.01131000,btc,8.9,0.0,0.024551096,1
1,[],5,[],2019-02-04 15:47:57,2.069e-05,0.00000071,0.000000000024505224,6581248,2019-02-04 15:47:57,btc,0.16624871,0.00108931,0.00000071,btc,7.019e-05,0.0,0.47959325,2
1,[],22,[],2019-02-04 15:48:12,1648.0,0.0000004,0.00000000001380576,6581249,2019-02-04 15:48:12,BTC,4.2213561,0.0,0.0000004,"BTC,XMR",14604.70581,0.0,0.00107635,2
1,[],5,[],2019-02-04 15:48:13,1.42e-06,0.00000017,0.000000000005867448,6581250,2019-02-04 15:48:13,btc,3.31632154,0.02627007,0.00000017,btc,2.267e-05,0.0,3.91973484,3
1,[],12,[],2019-02-04 15:48:14,12653274.25006268,0.000000166,0.0000000000057293904,6581251,2019-02-04 15:48:14,btc,921361.5685532202,0.0,0.000000166,btc,8359642.56968789,0.13484600041241618,0.5714264639328895,3
0,[],28,[],2019-02-04 15:48:19,0.0,0,0,6581252,2019-02-04 15:48:19,,0.0,0.0,0,,0.0,0.0,0.0,3
1,[],4,[],2019-02-04 15:48:20,359107.43913984,0.00000031,0.000000000010699464,6581253,2019-02-04 15:48:20,btc,0.3274470330870155,0.0,0.00000031,btc,333658.78691898,0.0,0.0398246231999024,4
0,[],2,[],2019-01-20 23:31:32,0.0,0,0,6477077,2019-01-20 23:31:32,,0.0,0.0,0,,0.0,0.0,0.0,4
1,[],12,[],2019-02-04 11:45:00,1455062.5219999999,0.00000006,0.000000000002067366,6580089,2019-02-04 11:45:00,btc,11014978.33387675,0.0,0.00000006,btc,913905.39031991,0.0043587519080919,0.03000872044,5
1,[],11,[],2019-02-04 15:48:22,9252109.4999525,0.00000002,0.000000000000690288,6581254,2019-02-04 15:48:22,btc,9433.401314118097,2216416.00005,0.00000002,btc,42116650.65169307,0.0,0.14860267499905,6
0,[],2,[],2019-01-20 23:31:51,0.0,0,0,6477087,2019-01-20 23:31:51,,0.0,0.0,0,,0.0,0.0,0.0,6
1,[],3,[],2019-02-04 15:48:22,1069.652384675756,0.000150559999999999995050348200464895853656344115734100341796875,0.000000005196488064,6581255,2019-02-04 15:48:22,btc,28.510202753279106,0.0,0.000150559999999999995050348200464895853656344115734100341796875,btc,234.145665820227,0.0,0.030997767816609203,7
1,[],4,[],2019-02-04 15:48:23,26511.2660949,0.00020180,0.0000000069650059200000006,6581256,2019-02-04 15:48:23,btc,6.283286980173151,0.0,0.00020180,btc,26669.44822851,4.87696377,4.470344132464646,7
1,[],5,[],2019-02-04 15:48:24,0.00627261,0.00019330,0.0000000066716335200000004,6581257,2019-02-04 15:48:24,btc,1.30761004,0.5238171,0.00019330,btc,0.01243757,0.0,1.6479982,7
1,[],20,[],2019-02-04 15:48:26,65771509.91,0.000000001,0.0000000000000345144,6581258,2019-02-04 15:48:26,btc,116.1335270767722,0.0,0.000000001,btc,29825029.7669,0.0,0.06577150991,8
1,[],1,[],2019-02-04 15:48:27,4601185.99,0.0000019499999999999999646983772638719756287173368036746978759765625,0.00000000006730308,6581259,2019-02-04 15:48:27,btc,4.5758018791,12543262.78,0.0000019499999999999999646983772638719756287173368036746978759765625,btc,2295927.04,24.83426122,8.8153179135,9
1,[],4,[],2019-02-04 15:48:28,443419.74928915,0.00000192,0.00000000006626764800000001,6581260,2019-02-04 15:48:28,btc,1.2139839860174038,0.0,0.00000192,btc,593394.71435812,0.75798127,0.8093982511838363,9
1,[],28,[],2019-02-04 15:48:33,34500.0,0.00000165,0.00000000005694876,6581261,2019-02-04 15:48:33,btc,2708.7730959804,3593557.0,0.00000165,btc,15427.14,0.0,0.02854,9
0,[],2,[],2019-01-20 23:22:42,0.0,0,0,6476876,2019-01-20 23:22:42,,0.0,0.0,0,,0.0,0.0,0.0,9
0,[],23,[],2019-01-20 23:22:48,0.0,0,0,6476878,2019-01-20 23:22:48,,0.0,0.0,0,,0.0,0.0,0.0,9
1,[],4,[],2019-02-04 13:46:54,7341799.37826053,0.00000002,0.0000000000006899800000000001,6580850,2019-02-04 13:46:54,btc,0.1999615409270056,0.0,0.00000002,btc,4135980.29534268,0.00062922,0.0786653918652106,10
1,[],4,[],2019-02-04 15:48:33,2445104.30498425,0.00000137,0.000000000047284728,6581262,2019-02-04 15:48:33,btc,1.3339203497837093,0.0,0.00000137,btc,932475.08929044,1.98159669,3.1352288714702787,12
1,[],5,[],2019-02-04 15:48:34,1.495e-05,0.00000135,0.00000000004659444,6581263,2019-02-04 15:48:34,btc,0.63873534,1.08062614,0.00000135,btc,0.00012475,0.0,0.3823112,12
0.0,[],25,[],2019-02-04 15:48:36,0.0,0,0,6581264,2019-02-04 15:48:36,,0.0,0.0,0.0,btc,0.0,0.0,0.0,12
0,[],2,[],2019-01-20 23:23:08,0.0,0,0,6476890,2019-01-20 23:23:08,,0.0,0.0,0,,0.0,0.0,0.0,12
1,[],4,[],2019-02-04 15:48:37,262052.62168388,0.00000615,0.00000000021226356,6581265,2019-02-04 15:48:37,btc,0.5370598923766624,0.0,0.00000615,btc,79772.58061164,0.72033146,1.051612956870144,13
1,[],21,[],2019-02-04 15:48:40,1167221.8143174201,0.000006319999999999999629304772014,0.000000000218131008,6581266,2019-02-04 15:48:40,btc,4.255535182187214,467177.63396706,0.0000063199999999999996293047720141711209862478426657617092132568359375,btc,612413.07601522,2.93530608,5.945980500794691,13
1,[],10,[],2019-02-04 11:00:26,603175.07622775,0.00000612,0.000000000211175496,6580041,2019-02-04 11:00:26,btc,666809.6439089302,4037.29041995,0.00000612,btc,738170.10765806,0.0,0.7985276295912623,13
1,[],4,[],2019-02-04 15:48:40,1125143.41676598,0.00000140,0.00000000004832016,6581267,2019-02-04 15:48:40,btc,0.1668466593076849,0.0,0.00000140,btc,82669.30735922,0.0197249,0.4179425656495577,14
1,[],12,[],2019-02-04 15:48:41,87530.6904698,0.0000015099999999999999422575606977670048536310787312686443328857421875,0.000000000052116744,6581268,2019-02-04 15:48:41,btc,1.7851168931737391,0.0,0.0000015099999999999999422575606977670048536310787312686443328857421875,btc,37457.00592497,1.256e-05,0.011699990000002,14
0,[],17,[],2019-02-04 15:48:43,0.0,0,0,6581269,2019-02-04 15:48:43,btc,0.0,0.0,0,btc,0.0,0.0,0.0,14
1,[],26,[],2019-02-04 15:48:43,0.0,0.00000049,0.000000000016912056,6581270,2019-02-04 15:48:43,btc,0.0,0.0,0.00000049,btc,0.0,0.0,0.0,14
0,[],4,[],2019-02-04 15:48:44,0.0,0,0,6581271,2019-02-04 15:48:44,,0.0,0.0,0,,0.0,0.0,0.0,15
,[],12,[],2018-12-01 15:15:48,204241.84496,0.00000489,0.000000000202473384,5260204,2018-12-01 15:15:48,btc,49.5475654835,0.0,,btc,35763.2193806,0.0163153972027625,0.0203389899998,15
1,[],4,[],2019-02-04 15:48:45,26510.00100076,0.00001883,0.000000000649906152,6581272,2019-02-04 15:48:45,btc,2.2164005720939315,0.0,0.00001883,btc,7476.05672798,0.02740923,0.1069209138142673,18
1,[],10,[],2019-02-04 15:48:46,406925.68807954,0.00001741,0.000000000600895704,6581273,2019-02-04 15:48:46,btc,15.588677152443537,10994.2954012,0.00001741,btc,12562.502636,0.0,0.4717616690836854,18
1,[],12,[],2019-02-04 15:48:48,200774.66493126,0.0000161600000000000011322019710657826863098307512700557708740234375,0.0000000005577527040000001,6581274,2019-02-04 15:48:48,btc,0.1855517169406319,0.0,0.0000161600000000000011322019710657826863098307512700557708740234375,btc,1700.82700711,0.004326379902838,0.0162735087691831,18
0,[],17,[],2019-02-04 15:48:49,0.0,0,0,6581275,2019-02-04 15:48:49,btc,0.0,0.0,0,btc,0.0,0.0,0.0,18
0,[],2,[],2019-01-20 23:23:38,0.0,0,0,6476906,2019-01-20 23:23:38,,0.0,0.0,0,,0.0,0.0,0.0,18
1,[],3,[],2019-02-04 15:48:50,113989.65439593708,0.000028500000000000001569057384021022016895585693418979644775390625,0.0000000009836604,6581276,2019-02-04 15:48:50,btc,0.42712847328949655,358.825010283,0.000028500000000000001569057384021022016895585693418979644775390625,btc,5414.861765841854,0.0,0.24950960040244205,19
1,[],4,[],2019-02-04 15:48:50,113669.56760353,0.00002840,0.00000000098020896,6581277,2019-02-04 15:48:50,btc,0.2664690947329994,0.0,0.00002840,btc,8602.9267414,0.29659272,0.6768503694068182,19
1,[],5,[],2019-02-04 15:48:51,0.00021192,0.00002562,0.000000000884258928,6581278,2019-02-04 15:48:51,btc,0.2797707,0.0075092,0.00002562,btc,0.00319065,0.0,0.17676059,19
1,[],12,[],2019-02-04 15:48:53,133601.01429647,0.00002811000000000000022086499296136707926052622497081756591796875,0.000000000970199784,6581279,2019-02-04 15:48:53,btc,1.996338846471651,0.0,0.00002811000000000000022086499296136707926052622497081756591796875,btc,537.9523619,0.0014848014187708,0.0320294118737717,19
0,[],27,[],2019-02-04 15:48:56,0.0,0,0,6581280,2019-02-04 15:48:56,,0.0,0.0,0,btc,0.0,0.0,0.0,19
0,[],2,[],2019-01-20 23:24:19,0.0,0,0,6476924,2019-01-20 23:24:19,,0.0,0.0,0,,0.0,0.0,0.0,19
1,[],4,[],2019-02-04 15:48:56,8006180.3054235,0.00000013,0.000000000004486872,6581281,2019-02-04 15:48:56,btc,0.8116717874116198,0.0,0.00000013,btc,1595552.31051721,0.0,0.2554230874915714,20
1,[],4,[],2019-02-04 15:48:57,122921861.40022224,0.00000002,0.000000000000690288,6581282,2019-02-04 15:48:57,btc,0.5852715986658483,0.0,0.00000002,btc,14086485.50229118,0.0012638,1.468014812214285,21
1,[],12,[],2019-02-04 15:48:58,19029387.0,0.00000002,0.000000000000690288,6581283,2019-02-04 15:48:58,btc,668.5451868047564,0.0,0.00000002,btc,8549966.70429836,1.6585014985e-06,0.25352231000000003,21
0,[],17,[],2019-02-04 15:49:00,0.0,0,0,6581284,2019-02-04 15:49:00,btc,0.0,0.0,0,btc,0.0,0.0,0.0,21
1,[],12,[],2019-02-04 15:49:01,2163597724.5458817,0.0000000002,0.000000000000006902880000000001,6581285,2019-02-04 15:49:01,btc,1729404717665.165,0.0,0.0000000002,btc,5130040658.411803,0.2585295179151875,0.22308130935598686,23
0,[],27,[],2019-02-04 15:49:03,0.0,0,0,6581286,2019-02-04 15:49:03,,0.424699,0.0,0,eth,424699.0,0.0,0.0,23
1,[],4,[],2019-02-04 15:49:04,3620347.0759666,0.00000080,0.00000000002761152,6581287,2019-02-04 15:49:04,btc,0.077407188870194,0.0,0.00000080,btc,70194.71220237,0.00761667,0.4567766231313037,24
1,[],22,[],2019-02-04 14:49:12,11.76,0.00000100,0.000000000034549000000000004,6581081,2019-02-04 14:49:12,BTC,7.415e-05,0.0,0.00000100,BTC,23.919354838709676,0.0,1.176e-05,24
0.0,[],25,[],2019-02-04 14:49:13,0.0,0,0,6581082,2019-02-04 14:49:13,,0.0,0.0,0.0,btc,0.0,0.0,0.0,24
1,[],4,[],2019-02-04 14:49:14,27841926.09998379,0.00000673,0.00000000023251477,6581083,2019-02-04 14:49:14,btc,0.4394701897599967,0.0,0.00000673,btc,37624.72355266,0.13436195,0.4700679575635817,26
1,[],10,[],2019-02-04 14:49:16,730757.76812126,0.00000588,0.00000000020314812,6581084,2019-02-04 14:49:16,btc,25.975773677598465,0.0,0.00000588,btc,13118.16646401,0.0,0.2069550833237285,26
0,[],2,[],2019-01-20 23:25:56,0.0,0,0,6476976,2019-01-20 23:25:56,,0.0,0.0,0,,0.0,0.0,0.0,26
1,[],3,[],2019-02-04 14:49:17,7921535.64569884,0.00000002,0.0000000000006909800000000001,6581085,2019-02-04 14:49:17,btc,2.5138944429370285,9242.7871362,0.00000002,btc,16161784.97591972,0.0,0.0929621325254625,27
1,[],5,[],2019-02-04 14:49:19,3e-08,0.00000002,0.0000000000006909800000000001,6581086,2019-02-04 14:49:19,btc,1.5404561,0.00429169,0.00000002,btc,4.69e-05,0.0,0.10654669,27
1,[],11,[],2019-02-04 14:49:20,10615374.41182718,0.00000005,0.00000000000172745,6581087,2019-02-04 14:49:20,btc,370.6426334117441,1000.0,0.00000005,btc,8221035.4403934,0.0,0.4936394994767663,27
1,[],4,[],2019-02-04 14:49:21,296845145.73608816,0.00000003,0.0000000000010364700000000001,6581088,2019-02-04 14:49:21,btc,3.979269493734628,0.0,0.00000003,"btc,ltc",118687810.48271893,0.78439287,3.461966971201837,29
1,[],7,[],2019-02-04 14:49:22,39719460.44287711,0.00000003,0.00000000000103647,6581089,2019-02-04 14:49:22,btc,44465206.20744768,562121.40959,0.00000003,btc,40725346.49808779,0.0,0.7239454071361162,29
1,[],4,[],2019-02-04 14:49:23,1358255.06511941,0.00000026,0.000000000008982740000000001,6581090,2019-02-04 14:49:23,btc,0.2583829046983503,0.0,0.00000026,btc,551456.11564527,0.00138799,0.0773487732342482,30
0,[],17,[],2019-02-04 14:49:25,0.0,0,0,6581091,2019-02-04 14:49:25,btc,0.0,0.0,0,btc,0.0,0.0,0.0,30
1,[],4,[],2019-02-04 14:49:26,1134451.6060725,0.00006834,0.00000000236107866,6581092,2019-02-04 14:49:26,btc,1.4624270493107674,0.0,0.00006834,btc,17627.29974037,0.98294561,1.807335608150147,31
1,[],21,[],2019-02-04 14:49:27,60203.189216060004,0.00006990000000000000498958513395,0.0000000024149751000000004,6581093,2019-02-04 14:49:27,btc,1.3113000965368862,99611.93859829,0.000069900000000000004989585133952090245657018385827541351318359375,btc,17409.63917611,7.09725321,3.733797746512964,31
0,[],2,[],2019-01-20 23:28:43,0.0,0,0,6477009,2019-01-20 23:28:43,,0.0,0.0,0,,0.0,0.0,0.0,32
1,[],4,[],2019-02-04 14:49:29,149322402.25475296,0.00000005,0.00000000000172745,6581094,2019-02-04 14:49:29,btc,1.2898715873453994,0.0,0.00000005,"btc,ltc",25584654.2961346,0.60184056,2.673622964357683,33
1,[],12,[],2019-02-04 14:49:29,18374395.0,0.00000006,0.00000000000207294,6581095,2019-02-04 14:49:29,btc,17261782.28459285,0.0,0.00000006,btc,89736193.76823159,0.0373288696170632,0.6802275,33
1,[],4,[],2019-02-04 14:49:30,110064808.97815792,0.00000002,0.0000000000006909800000000001,6581096,2019-02-04 14:49:30,btc,0.7714334331524844,0.0,0.00000002,btc,25714447.77174948,0.00439851,1.1021285158415792,34
1,[],5,[],2019-02-04 14:49:31,1e-08,0.00000001,0.00000000000034549000000000003,6581097,2019-02-04 14:49:31,btc,3.92063747,0.76742634,0.00000001,btc,1.394e-05,0.0,0.74408636,34
0.00000000009826690000000001,[],4,[],2019-02-04 14:49:32,1095484572.8043332,2.9480070000000005e-18,1.0185069384300002e-22,6581098,2019-02-04 14:49:32,ltc,7.984568213741015e-09,0.0,0.00000003,ltc,1595984287.6807632,0.0,2.1562254158692937e-09,36
1,[],5,[],2019-02-04 14:49:33,0.0,0,0,6581099,2019-02-04 14:49:33,btc,204.33336467,0.0,0,btc,1.295e-05,0.0,0.0,36
0,[],17,[],2019-02-04 14:49:35,0.0,0,0,6581100,2019-02-04 14:49:35,btc,0.07494043761810841,0.0,0,btc,4134847.20243647,0.0,0.0,36
0.00000000009826690000000001,[],27,[],2019-02-04 14:49:38,1000000.0,1.965338e-18,6.790046256200001e-23,6581101,2019-02-04 14:49:38,ltc,447.7307979714,0.0,0.00000002,"ltc,eth",3711879.16,0.0,1.9653380000000002e-12,36
1,[],4,[],2019-02-04 14:49:38,415516.34483327,0.00000143,0.000000000049405070000000004,6581102,2019-02-04 14:49:38,btc,0.3783003271212889,0.0,0.00000143,btc,198634.41904614,0.01289698,0.3677238236215735,37
1,[],12,[],2019-02-04 14:49:41,369441.37886943,0.00000145000000000000009320343975771638866945068002678453922271728515625,0.00000000005009605000000001,6581103,2019-02-04 14:49:41,btc,1331.0915592673873,0.0,0.00000145000000000000009320343975771638866945068002678453922271728515625,btc,791660.88113182,0.4143946085777504,0.2249961900000015,37
1,[],17,[],2019-02-04 14:49:43,1752.74075282,0.00000025,0.00000000000863725,6581104,2019-02-04 14:49:43,btc,0.055484923966261514,0.0,0.00000025,btc,1387.19918473,0.0,0.00043818518820499993,37
1,[],27,[],2019-02-04 14:49:45,16843.0,0.00000046,0.000000000015892540000000002,6581105,2019-02-04 14:49:45,btc,43.30929497030353,0.0,0.00000046,btc,29579.81438508,0.0,0.00561124,37
1,[],5,[],2019-02-04 14:49:46,1.627e-05,0.00000102,0.00000000003523998,6581106,2019-02-04 14:49:46,btc,0.1046081,0.10196447,0.00000102,btc,0.00011212,0.0,0.04696854,42
1,[],12,[],2019-02-04 14:49:47,149509.61496972,0.00000110000000000000005610204141526242693771564518101513385772705078125,0.00000000003800390000000001,6581107,2019-02-04 14:49:47,btc,85.06838738582672,0.0,0.00000110000000000000005610204141526242693771564518101513385772705078125,btc,97943.05057228,0.0108757274452428,0.051291870000008295,42
0,[],27,[],2019-02-04 14:49:50,0.0,0,0,6581108,2019-02-04 14:49:50,,0.00315028,0.0,0,"btc,eth",11.007,0.0,0.0,42
1,[],5,[],2019-02-04 14:49:51,3e-08,0.00000002,0.0000000000006909800000000001,6581109,2019-02-04 14:49:51,btc,6.09448901,0.00770974,0.00000002,btc,1.425e-05,0.0,0.52678241,43
1,[],12,[],2019-02-04 14:49:53,6412130.0,0.00000002,0.0000000000006909800000000001,6581110,2019-02-04 14:49:53,btc,20007456.464722443,0.0,0.00000002,btc,38833161.74765234,0.0,0.06412145,43
0,[],17,[],2019-02-04 14:49:54,0.0,0,0,6581111,2019-02-04 14:49:54,btc,0.0,0.0,0,btc,0.0,0.0,0.0,43
1,[],12,[],2019-02-04 14:49:55,869422.0,0.00000007,0.0000000000024184300000000002,6581112,2019-02-04 14:49:55,btc,11115205.977714444,0.0,0.00000007,btc,992018.57342656,0.0011559142657347,0.02604501,44
1,[],4,[],2019-02-04 14:49:55,234869407.6576435,0.00000002,0.0000000000006909800000000001,6581113,2019-02-04 14:49:55,btc,0.18088823130063786,0.0,0.00000002,"btc,ltc",8178707.99428555,0.00407247,0.5396767653744718,49
0.00000000009826690000000001,[],4,[],2019-02-04 14:49:56,4894820923.90257,9.82669e-19,3.3950231281000004e-23,6581114,2019-02-04 14:49:56,ltc,4.645173504089484,0.0,0.00000001,ltc,1829032156.2967892,0.00011,4.809988782470414e-09,52
0,[],22,[],2019-02-04 14:50:28,0.0,0,0,6581115,2019-02-04 14:50:28,,3693.16111,0.0,0,,247825727.90882352,0.0,0.0,57
0,[],27,[],2019-02-04 14:50:31,0.0,0,0,6581116,2019-02-04 14:50:31,,0.0,0.0,0,"btc,eth",0.0,0.0,0.0,57
0.00000000009826690000000001,[],4,[],2019-02-04 14:50:33,1306465820.1321878,4.913345e-18,1.6975115640500003e-22,6581117,2019-02-04 14:50:33,ltc,3.2882093421271934,0.0,0.00000005,ltc,1123592163.9058566,0.0,5.168485650911322e-09,58
1,[],12,[],2019-02-04 14:50:34,2071668895.843957,0.0000000005,0.000000000000017274500000000003,6581118,2019-02-04 14:50:34,btc,625181486318.4451,0.0,0.0000000005,btc,3160619641.0030966,0.02774282193936064,0.7508013162011392,58
0,[],17,[],2019-02-04 14:50:36,0.0,0,0,6581119,2019-02-04 14:50:36,btc,1e+24,0.0,0,btc,41616695.95832568,0.0,0.0,58
0.0000000001213544,[],22,[],2019-02-04 14:51:23,137438.0,1.213544e-18,4.1926731656000006e-23,6581120,2019-02-04 14:51:23,XMR,69.8835922,0.0,0.00000001,XMR,9887963.0,0.0,0.00137438,58
1,[],5,[],2019-02-04 14:51:25,8.63e-06,0.00000068,0.00000000002349332,6581121,2019-02-04 14:51:25,btc,0.32987614,0.0231828,0.00000068,btc,0.00016439,0.0,0.04864161,61
1,[],22,[],2019-02-04 14:51:44,5111.5,0.00000011,0.0000000000038003900000000005,6581122,2019-02-04 14:51:44,BTC,1002.29606732,0.0,0.00000011,BTC,15028.700278135757,0.0,0.00051178,61
1,[],26,[],2019-02-04 14:51:44,0.0,0.00000800,0.00000000027639200000000003,6581123,2019-02-04 14:51:44,btc,0.0,0.0,0.00000800,btc,0.0,0.0,0.0,61
0,[],27,[],2019-02-04 14:51:47,0.0,0,0,6581124,2019-02-04 14:51:47,,0.12530792,0.0,0,"btc,eth",155.7688,0.0,0.0,61
1,[],28,[],2019-02-04 14:51:52,6884.304,0.0000006,0.000000000020729400000000002,6581125,2019-02-04 14:51:52,btc,2.064635633700105,880.0,0.0000006,btc,11325.10450005,0.0,0.00216611304,61
1,[],4,[],2019-02-04 14:51:52,1367709.00884417,0.00000189,0.00000000006529761,6581126,2019-02-04 14:51:52,btc,0.8733144704815908,0.0,0.00000189,btc,288324.41818181,0.09018163,1.071875511598694,67
0.0,[],25,[],2019-02-04 14:51:54,0.0,0,0,6581127,2019-02-04 14:51:54,,0.0,0.0,0.0,btc,0.0,0.0,0.0,67
1,[],12,[],2019-02-04 14:51:55,2358839.66344444,0.00000012,0.00000000000414588,6581128,2019-02-04 14:51:55,btc,11115995.619947778,0.0,0.00000012,btc,2418678.65694305,0.0368702194369639,0.0547958964411108,71
,[],5,[],2018-11-20 23:02:39,1.5e-07,0.00000005,0.000000000002128045,4862160,2018-11-20 23:02:39,btc,2.84511358,0.0,,btc,0.00036572,0.0,0.07381892,74
1,[],5,[],2019-01-25 15:53:51,3.303e-05,0.00000156,0.000000000055588884,6499610,2019-01-25 15:53:51,btc,1.42844212,0.0,0.00000156,btc,0.00015937,0.0,0.49487621,75
1,[],4,[],2019-02-04 14:51:56,70997797.82492337,0.00000001,0.00000000000034549000000000003,6581129,2019-02-04 14:51:56,btc,0.8164048853705091,0.0,0.00000001,btc,15307943.35273608,0.0,0.7099779782492337,81
0,[],20,[],2019-01-25 09:30:31,0.0,0,0,6495923,2019-01-25 09:30:31,btc,0.0,0.0,0,btc,0.0,0.0,0.0,81
1,[],4,[],2019-02-04 14:51:58,23669.03679657,0.00007017,0.00000000242430333,6581130,2019-02-04 14:51:58,btc,0.4787205964970142,0.0,0.00007017,btc,4841.59722154,0.06687278,0.0791022488045479,82
1,[],21,[],2019-02-04 14:51:59,84496.31986883,0.00007514999999999999707577663655,0.00000000259635735,6581131,2019-02-04 14:51:59,btc,3.546898458389821,2582.70934915,0.000075149999999999997075776636545896280949818901717662811279296875,btc,40377.93997394,0.19584111,4.297875446716512,82
0,[],17,[],2019-02-04 14:52:01,0.0,0,0,6581132,2019-02-04 14:52:01,btc,0.0447233088476774,0.0,0,btc,999127.19588126,0.0,0.0,84
0.00000000009826690000000001,[],4,[],2019-02-04 14:52:02,336031431.2223301,1.1792028000000002e-17,4.0740277537200007e-22,6581133,2019-02-04 14:52:02,ltc,0.19579063230020335,0.0,0.00000012,ltc,71031495.05730943,0.00831051,1.337666583212179e-09,85
,[],22,[],2018-11-20 23:09:34,3408.1,0.0000001,0.0000000000041895,4862324,2018-11-20 23:09:34,BTC,0.04624735,0.0,,BTC,4990.0,0.0,0.00033081,86
0,[],22,[],2019-02-04 14:52:38,0.0,0,0,6581134,2019-02-04 14:52:38,,2.07810912,0.0,0,,154826.94736842104,0.0,0.0,87
0,[],27,[],2019-02-04 14:52:41,0.0,0,0,6581135,2019-02-04 14:52:41,,0.0,0.0,0,btc,0.0,0.0,0.0,87
,[],2,[],2018-11-20 23:10:47,0.0,0,0,4862359,2018-11-20 23:10:47,,0.0,0.0,,,0.0,0.0,0.0,88
1,[],11,[],2019-02-04 14:52:43,101802.22356429,0.00017704999999999999384103777089194409199990332126617431640625,0.00000000611690045,6581136,2019-02-04 14:52:43,btc,245.74508045734297,3593.96892525,0.00017704999999999999384103777089194409199990332126617431640625,btc,183304.84407169,0.0,7.4564894959056955,89
0,[],2,[],2019-01-20 23:31:45,0.0,0,0,6477083,2019-01-20 23:31:45,,0.0,0.0,0,,0.0,0.0,0.0,91
1,[],12,[],2019-02-04 14:52:44,457390.40439417,0.0000035200000000000001795265325288397662006900645792484283447265625,0.00000000012161248000000002,6581137,2019-02-04 14:52:44,btc,1115.7155589376684,0.0,0.0000035200000000000001795265325288397662006900645792484283447265625,btc,35271.92268241,0.0577642048540859,0.11635520642918021,91
0,[],17,[],2019-02-04 14:52:45,0.0,0,0,6581138,2019-02-04 14:52:45,btc,0.0,0.0,0,btc,0.0,0.0,0.0,91
0.00000000009826690000000001,[],22,[],2019-02-04 14:53:38,25823826.0,4.913345e-18,1.6975115640500003e-22,6581139,2019-02-04 14:53:38,LTC,8.80623359,0.0,0.00000005,LTC,76324729.6,0.0,0.95795662,95
0.00000000009826690000000001,[],4,[],2019-02-04 14:53:39,132255686.53660077,9.826690000000001e-17,3.3950231281e-21,6581140,2019-02-04 14:53:39,ltc,1.0786685702854937,0.0,0.00000100,ltc,69098185.67305765,0.00020951,6.802021559447881e-10,96
1,[],12,[],2019-02-04 14:53:40,224428.0,0.00000001,0.00000000000034549000000000003,6581141,2019-02-04 14:53:40,btc,255063.42129318562,0.0,0.00000001,btc,8911157.33297676,6.25e-06,0.00224428,96
0,[],17,[],2019-02-04 14:53:42,0.0,0,0,6581142,2019-02-04 14:53:42,btc,0.0,0.0,0,btc,0.0,0.0,0.0,96
1,[],4,[],2019-02-04 14:53:44,1461188.64235212,0.00000035,0.00000000001209215,6581143,2019-02-04 14:53:44,btc,0.1479993554960927,0.0,0.00000035,btc,301827.02113396,0.03218393,0.1247791422079436,99
0,[],2,[],2019-01-20 23:23:55,0.0,0,0,6476914,2019-01-20 23:23:55,,0.0,0.0,0,,0.0,0.0,0.0,100
1,[],4,[],2019-02-04 14:53:46,70170.61870648,0.00004380,0.0000000015132462000000002,6581144,2019-02-04 14:53:46,btc,1.1752944790742232,0.0,0.00004380,btc,23871.44207384,0.53690611,2.7912431489514264,100
1,[],22,[],2019-02-04 14:54:14,50000.0,0.00000001,0.00000000000034549000000000003,6581145,2019-02-04 14:54:14,BTC,23.50383609,0.0,0.00000001,BTC,11277.22,0.0,0.0005,101
1,[],4,[],2019-02-04 14:54:15,167213.27383495,0.00000097,0.00000000003351253,6581146,2019-02-04 14:54:15,btc,0.3947466363911347,0.0,0.00000097,btc,151184.63758112,0.00652523,0.1143543149288605,103
1,[],12,[],2019-02-04 14:54:18,94707393.5303887,0.000000016,0.0000000000005527840000000001,6581147,2019-02-04 14:54:18,btc,138279087.21696553,0.0,0.000000016,btc,136388207.82534215,10.858336924748325,0.7588433874862193,105
1,[],27,[],2019-02-04 14:54:20,10161405.89,0.00000001,0.00000000000034549000000000003,6581148,2019-02-04 14:54:20,btc,0.6930134677960939,0.0,0.00000001,btc,708890.78181977,0.0,0.1016140589,105
0,[],22,[],2019-02-04 14:54:49,0.0,0,0,6581149,2019-02-04 14:54:49,,1.07253299,0.0,0,,94300.0,0.0,0.0,107
1,[],26,[],2019-02-04 14:54:49,0.0,0.00000000,0,6581150,2019-02-04 14:54:49,btc,0.0,10000.0,0.00000000,btc,0.0,0.0,0.0,107
1,[],5,[],2019-02-04 14:54:51,3e-08,0.00000002,0.0000000000006909800000000001,6581151,2019-02-04 14:54:51,btc,2.9298538,0.00629586,0.00000002,btc,1.649e-05,0.0,0.13036291,112
1,[],22,[],2019-02-04 14:55:36,2229188.0,0.00000002,0.0000000000006909800000000001,6581152,2019-02-04 14:55:36,BTC,2.81683288,0.0,0.00000002,BTC,808529.0833333334,0.0,0.02960411,112
0.0000000003117958,[],27,[],2019-02-04 14:55:38,500000.0,3.117958e-18,1.07722330942e-22,6581153,2019-02-04 14:55:38,eth,1.25356065,0.0,0.00000001,"btc,eth",1328.0,0.0,1.558979e-12,112
1,[],4,[],2019-02-04 14:55:39,489294.43516569,0.00000413,0.00000000014268737,6581154,2019-02-04 14:55:39,btc,0.4327580789269489,0.0,0.00000413,btc,76744.40670378,0.086164,0.3322405639810318,113
1,[],5,[],2019-02-04 14:55:40,2.517e-05,0.00000381,0.00000000013163169,6581155,2019-02-04 14:55:40,btc,2.19727244,0.0,0.00000381,btc,0.00334105,0.0,0.20701871,113
1,[],17,[],2019-02-04 14:55:42,174538.724,0.00000004,0.0000000000013819600000000001,6581156,2019-02-04 14:55:42,btc,1.3368030274110498,0.0,0.00000004,btc,51896.221,0.0,0.00308154896,116
0,[],27,[],2019-02-04 14:55:44,0.0,0,0,6581157,2019-02-04 14:55:44,,0.0,0.0,0,btc,0.0,0.0,0.0,116
1,[],4,[],2019-02-04 14:55:45,49008.05882414,0.00002423,0.0000000008371222700000001,6581158,2019-02-04 14:55:45,btc,0.6048084567743648,0.0,0.00002423,btc,18081.90057555,1.97423683,0.8474425152061922,120
1,[],7,[],2019-02-04 14:55:46,11024.96005236,0.00001796000000000000083899033553880286717685521580278873443603515625,0.0000000006205000400000001,6581159,2019-02-04 14:55:46,btc,88979.22159377275,43.90594602,0.00001796000000000000083899033553880286717685521580278873443603515625,btc,29618.44779635,0.00157698,0.09819157711124911,120
1,[],20,[],2019-02-04 14:55:48,1617028.1906,0.000000014,0.000000000000483686,6581160,2019-02-04 14:55:48,btc,33.7487591931607,10640.1551,0.000000014,btc,1063782.1766,0.0001850438476,0.0089722132172,125
1,[],22,[],2019-02-04 14:56:40,3053.0,0.00000001,0.00000000000034549000000000003,6581161,2019-02-04 14:56:40,BTC,0.01444889,0.0,0.00000001,BTC,296264.5111111111,0.0,3.053e-05,126
0,[],2,[],2019-01-20 23:25:46,0.0,0,0,6476969,2019-01-20 23:25:46,,0.0,0.0,0,,0.0,0.0,0.0,131
1,[],4,[],2019-02-04 14:56:41,91051.08847062,0.00001700,0.000000000587333,6581162,2019-02-04 14:56:41,btc,0.5236026658509536,0.0,0.00001700,btc,26328.87990115,0.43776964,0.6289860318076499,131
0,[],17,[],2019-02-04 14:56:43,0.0,0,0,6581163,2019-02-04 14:56:43,btc,0.0009561751951600001,0.0,0,btc,35.42829368,0.0,0.0,131
1,[],4,[],2019-02-04 14:56:43,4610.07793563,0.00016000,0.00000000552784,6581164,2019-02-04 14:56:43,btc,1.6402235489198516,0.0,0.00016000,btc,302.35845559,0.0,0.0113649733317538,135
1,[],3,[],2019-02-04 14:56:44,1779211.66354937,0.00000007,0.0000000000024184300000000002,6581165,2019-02-04 14:56:44,btc,0.1802096782708961,72229.424825,0.00000007,btc,561544.73831899,0.0,0.0652396942725346,136
1,[],4,[],2019-02-04 14:56:45,92820.83127659,0.00000180,0.0000000000621882,6581166,2019-02-04 14:56:45,btc,0.0849456113695002,0.0,0.00000180,btc,37565.77139505,0.1226436,0.1279507952108937,137
1,[],12,[],2019-02-04 14:56:46,301164.25132411,0.000001830000000000000054831898570195658493275914224795997142791748046875,0.00000000006322467000000001,6581167,2019-02-04 14:56:46,btc,11982.844741445568,0.0,0.000001830000000000000054831898570195658493275914224795997142791748046875,btc,124167.90188533,0.1301290273237665,0.034201167766780304,137
1,[],5,[],2019-02-04 14:56:48,0.00122579,0.00003904,0.00000000134879296,6581168,2019-02-04 14:56:48,btc,3.49504453,3.00040607,0.00003904,btc,0.00366841,0.0,1.35591149,142
1,[],17,[],2019-02-04 14:56:50,12500.0,0.0000001,0.0000000000034549,6581169,2019-02-04 14:56:50,btc,20.261021579022987,0.0,0.0000001,btc,5931.99821453,0.0,0.00125,142
1,[],20,[],2019-02-04 14:56:51,151035.2971,0.000035,0.0000000012092150000000002,6581170,2019-02-04 14:56:51,btc,2.660758525582,23358.5806,0.000035,btc,8472.7478,0.979654433165,0.2893198160048,142
1,[],22,[],2019-02-04 14:57:02,962.0,0.00001800,0.000000000621882,6581171,2019-02-04 14:57:02,BTC,3.00449528,0.0,0.00001800,BTC,899.098,0.0,0.0001637,142
0.0,[],25,[],2019-02-04 14:57:03,0.0,0,0,6581172,2019-02-04 14:57:03,,0.0,0.0,0.0,btc,0.0,0.0,0.0,142
1,[],28,[],2019-02-04 14:57:08,78710.001,0.00004450,0.0000000015374305,6581173,2019-02-04 14:57:08,btc,0.0403772,4099.77,0.00004450,btc,805.0,0.0,0.0352462445,142
0,[],22,[],2019-02-04 14:57:12,0.0,0,0,6581174,2019-02-04 14:57:12,,61.3429303,0.0,0,,799245528.8,0.0,0.0,143
1,[],21,[],2019-02-04 14:57:13,37388660.92672301,0.00000026,0.000000000008982740000000001,6581175,2019-02-04 14:57:13,btc,51.517801997756706,4388988.92407416,0.00000026,btc,89570952.75794452,1.17346945,5.752713491939688,145
0,[],22,[],2019-02-04 13:52:37,0.0,0,0,6580969,2019-02-04 13:52:37,,4.57539719,0.0,0,,1920827.5,0.0,0.0,146
,[],22,[],2018-11-20 23:01:11,0.0,0,0,4862114,2018-11-20 23:01:11,,2.56807021,0.0,,,61828.4988236,0.0,0.0,147
1,[],12,[],2019-02-04 14:57:15,8687484.87299635,0.00000336999999999999992161651973798797143899719230830669403076171875,0.00000000011643013,6581176,2019-02-04 14:57:15,btc,16.50807163323715,0.0,0.00000336999999999999992161651973798797143899719230830669403076171875,btc,113225.08891109,0.0047232340756662,0.1228541099996987,148
1,[],4,[],2019-02-04 14:57:16,309172.19756682,0.00000032,0.000000000011055680000000001,6581177,2019-02-04 14:57:16,btc,0.6855025765430487,0.0,0.00000032,btc,497890.28615549,0.0025014,0.0687037248971525,152
0,[],22,[],2019-02-04 14:57:20,0.0,0,0,6581178,2019-02-04 14:57:20,,0.0,0.0,0,,0.0,0.0,0.0,152
1,[],5,[],2019-02-04 14:57:21,0.0,0,0,6581179,2019-02-04 14:57:21,btc,4.41744381,0.0,0,btc,0.00161275,0.0,0.0,153
,[],16,[],2019-01-11 15:38:59,0.0,0,0,6366141,2019-01-11 15:38:59,btc,0.0,0.0,,btc,0.0,0.0,0.0,155
0,[],23,[],2019-01-20 23:24:29,0.0,0,0,6476932,2019-01-20 23:24:29,,0.0,0.0,0,,0.0,0.0,0.0,156
0,[],22,[],2019-02-04 14:57:25,0.0,0,0,6581180,2019-02-04 14:57:25,,6.73312347,0.0,0,,4564272.742592593,0.0,0.0,156
1,[],22,[],2019-02-04 14:58:04,7906.0,0.00000801,0.00000000027673749,6581181,2019-02-04 14:58:04,BTC,43.78801181,0.0,0.00000801,BTC,1067.5805334758436,0.0,0.00743836,157
0,[],22,[],2019-02-04 14:58:10,0.0,0,0,6581182,2019-02-04 14:58:10,,50175.6753658,0.0,0,,54007107.04179466,0.0,0.0,158
,[],17,[],2018-11-20 22:56:10,0.0,0,0,4861976,2018-11-20 22:56:10,btc,1.1265625,0.0,,btc,1000.0,0.0,0.0,159
,[],20,[],2018-11-20 22:56:12,0.0,0,0,4861977,2018-11-20 22:56:12,btc,11912.7940471,0.0,,btc,34413894.3617,0.0,0.0,159
1,[],12,[],2019-02-04 14:58:12,188640.76547018,0.00000770000000000000081623076353398715809817076660692691802978515625,0.00000000026602730000000003,6581183,2019-02-04 14:58:12,btc,6.684710308072319,0.0,0.00000770000000000000081623076353398715809817076660692691802978515625,btc,14615.65828389,0.005414730977458,0.0839735060999967,168
1,[],17,[],2019-02-04 14:58:14,29784.95,0.000001,0.000000000034549,6581184,2019-02-04 14:58:14,btc,0.03026736251542,0.0,0.000001,btc,144.46171372,0.0,0.00716147,168
0,[],22,[],2019-02-04 14:58:19,0.0,0,0,6581185,2019-02-04 14:58:19,,1.14610387,0.0,0,,685792.1900917594,0.0,0.0,169
1,[],22,[],2019-02-04 14:58:28,204444.9441532258,0.00000032,0.000000000011055680000000001,6581186,2019-02-04 14:58:28,BTC,10.32174582,0.0,0.00000032,BTC,107529.97276889355,0.00835111,0.0258135,171
1,[],22,[],2019-02-04 14:58:42,300724.7238095238,0.00000028,0.000000000009673720000000001,6581187,2019-02-04 14:58:42,BTC,2.66392347,0.0,0.00000028,BTC,230690.5656621423,0.00779156,0.03122596,173
1,[],5,[],2019-02-04 14:58:43,4.712e-05,0.00000387,0.00000000013370463,6581188,2019-02-04 14:58:43,btc,0.36034715,0.00898131,0.00000387,btc,0.00030399,0.0,0.79561899,175
1,[],22,[],2019-02-04 14:59:25,49549.25714285715,0.0000004,0.0000000000138196,6581189,2019-02-04 14:59:25,BTC,0.63358303,0.0,0.0000004,BTC,155090.40184992214,0.0,0.01679357,176
1,[],7,[],2019-02-04 14:59:26,0.0,0,0,6581190,2019-02-04 14:59:26,btc,233208.5809029795,0.0,0,btc,115100187.61861145,0.0,0.0,178
0,[],22,[],2019-02-04 15:00:06,0.0,0,0,6581191,2019-02-04 15:00:06,,1.00242428,0.0,0,,57512.0,0.0,0.0,178
0,[],2,[],2019-01-20 23:28:34,0.0,0,0,6477001,2019-01-20 23:28:34,,0.0,0.0,0,,0.0,0.0,0.0,178
0,[],23,[],2019-01-20 23:25:08,0.0,0,0,6476952,2019-01-20 23:25:08,,0.0,0.0,0,,0.0,0.0,0.0,179
1,[],5,[],2019-02-04 15:00:08,3e-08,0.00000002,0.0000000000006909800000000001,6581192,2019-02-04 15:00:08,btc,17.14301061,0.06044952,0.00000002,btc,2.088e-05,0.0,1.26807427,179
1,[],22,[],2019-02-04 15:00:43,8340773.0,0.00000002,0.0000000000006909800000000001,6581193,2019-02-04 15:00:43,BTC,5.53156482,0.0,0.00000002,"BTC,LTC",18591683.068656635,0.00010938,0.3940753,179
1,[],17,[],2019-02-04 15:00:45,10504.725,0.0000001,0.0000000000034549,6581194,2019-02-04 15:00:45,btc,5.2061668798774265,0.0,0.0000001,btc,6755.0074587,0.0,0.0010504725,180
1,[],22,[],2019-02-04 15:01:04,39549.94545454546,0.00000011,0.0000000000038003900000000005,6581195,2019-02-04 15:01:04,BTC,0.09611861,0.0,0.00000011,"BTC,LTC",16601.39315481,0.00208654,0.00413695,180
1,[],26,[],2019-02-04 15:01:04,0.0,0.00000010,0.0000000000034549,6581196,2019-02-04 15:01:04,btc,0.0,100.0,0.00000010,btc,0.0,0.0,0.0,180
,[],7,[],2018-11-20 22:58:01,562227.975654,0.00000085,0.000000000036176765,4862015,2018-11-20 22:58:01,btc,21836.6059674,2491.87645172,,btc,749999.041456,0.00211021,0.127565380455,183
,[],5,[],2019-01-10 08:11:41,0.0,0,0,6347036,2019-01-10 08:11:41,btc,82.15055501,0.00261,,btc,1.19002445,0.0,0.0,187
,[],17,[],2018-11-16 20:58:10,4062536.27273,0.00000001,0.000000000000550501,4708775,2018-11-16 20:58:10,btc,3.36492563466,0.195460381006,,"btc,eth",110697919.549,0.0,0.0157628953496,187
1,[],24,[],2019-02-04 15:01:04,0.0,0.000000000001,3.4549000000000003e-17,6581197,2019-02-04 15:01:04,btc,0.0,0.0,0.000000000001,btc,0.0,0.0,0.0,187
0,[],22,[],2019-02-04 15:01:27,0.0,0,0,6581198,2019-02-04 15:01:27,,1.19382741,0.0,0,,13380.036201072173,0.0,0.0,191
0,[],22,[],2019-02-04 15:01:52,0.0,0,0,6581199,2019-02-04 15:01:52,,0.0,0.0,0,,0.0,0.0,0.0,197
0,[],23,[],2019-01-20 23:31:41,0.0,0,0,6477079,2019-01-20 23:31:41,,0.0,0.0,0,,0.0,0.0,0.0,199
1,[],26,[],2019-02-04 15:01:53,0.0,0.00000000,0,6581200,2019-02-04 15:01:53,btc,0.0,774631.0,0.00000000,btc,0.0,0.0,0.0,199
0,[],17,[],2019-01-30 16:32:01,0.0,0,0,6540827,2019-01-30 16:32:01,btc,6.802544163788159,0.0,0,btc,105897.55575295,0.0,0.0,200
0,[],2,[],2019-01-20 23:30:49,0.0,0,0,6477059,2019-01-20 23:30:49,,0.0,0.0,0,,0.0,0.0,0.0,201
1,[],4,[],2019-01-25 15:51:35,2084389.58565343,0.00000936,0.000000000333526752,6499557,2019-01-25 15:51:35,btc,2.0092503037378524,0.0,0.00000936,btc,160195.80207885,0.19272417,1.242687955921835,211
1,[],7,[],2019-02-04 15:01:57,16606724.6089989,0.000001480000000000000017730500227741696761540879379026591777801513671875,0.00000000005113252,6581201,2019-02-04 15:01:57,btc,16567795.391223663,286393.907689,0.000001480000000000000017730500227741696761540879379026591777801513671875,btc,12710762.52050746,0.0,8.56023873400823,212
1,[],12,[],2019-01-25 02:44:32,207462.42853209,0.000001080000000000000035831255497387193287295303889550268650054931640625,0.000000000038610756000000006,6493050,2019-01-25 02:44:32,btc,85023.03793723314,0.0,0.000001080000000000000035831255497387193287295303889550268650054931640625,btc,43675.73520027,0.000146250909087,0.0348620860622024,213
1,[],5,[],2019-02-04 15:01:59,5.29e-06,0.00000035,0.00000000001209215,6581202,2019-02-04 15:01:59,btc,1.12989216,0.12488808,0.00000035,btc,3.171e-05,0.0,0.22372913,213
1,[],24,[],2019-02-04 15:02:00,0.0,0.000000050000,0.00000000000172745,6581203,2019-02-04 15:02:00,btc,0.0,0.0,0.000000050000,btc,0.0,0.0,0.0,213
1,[],26,[],2019-02-04 15:02:00,0.0,0.00000009,0.00000000000310941,6581204,2019-02-04 15:02:00,btc,0.0,0.0,0.00000009,btc,0.0,0.0,0.0,213
1,[],22,[],2019-02-04 15:02:26,276400.0,0.00000002,0.0000000000006909800000000001,6581205,2019-02-04 15:02:26,BTC,70.20492877,0.0,0.00000002,BTC,291693.63137942314,0.0,0.004714,216
1,[],27,[],2019-02-04 15:02:29,5054645.0,0.00000015,0.0000000000051823500000000004,6581206,2019-02-04 15:02:29,btc,313.98413178316,18000.0,0.00000015,"btc,ltc",287018.13411,0.00666,0.0516735,216
1,[],22,[],2019-02-04 15:03:10,252753.48250399102,0.00000233,0.00000000008049917,6581207,2019-02-04 15:03:10,BTC,12677.92104591,0.0,0.00000233,BTC,491995.60157122527,0.0,0.32536846,217
1,[],7,[],2019-02-04 15:03:11,0.0,0,0,6581208,2019-02-04 15:03:11,btc,77970.02600413912,0.0,0,btc,134531561.1214003,0.0,0.0,219
0,[],27,[],2019-02-04 15:03:13,0.0,0,0,6581209,2019-02-04 15:03:13,,0.0741038339680918,0.0,0,btc,1542429.2070951,0.0,0.0,219
0.0000000000000056,[],28,[],2019-02-04 15:03:19,205085365.436,6.244000000000001e-18,2.1572395600000005e-22,6581210,2019-02-04 15:03:19,doge,88554.0318717675,14286.0,0.00111500,"btc,doge",4969437.84751,0.0,3.063770626176434e-11,219
1,[],22,[],2019-02-04 15:03:36,206701.0754716981,0.00000053,0.00000000001831097,6581211,2019-02-04 15:03:36,BTC,3.00140129,0.0,0.00000053,BTC,35272.55212317522,0.0,0.02224742,221
1,[],24,[],2019-02-04 15:03:36,0.0,0.000000500000,0.000000000017274500000000002,6581212,2019-02-04 15:03:36,btc,0.0,0.0,0.000000500000,btc,0.0,0.0,0.0,221
1,[],20,[],2019-02-04 15:03:38,9586811.321,0.000000007,0.000000000000241843,6581213,2019-02-04 15:03:38,btc,5.589112219184,146112.0,0.000000007,btc,7168872.3288,0.001381061,0.0155345206008,224
0,[],22,[],2019-02-04 15:03:42,0.0,0,0,6581214,2019-02-04 15:03:42,,0.0,0.0,0,,0.0,0.0,0.0,224
1,[],26,[],2019-02-04 15:03:42,0.0,0.00000022,0.000000000007600780000000001,6581215,2019-02-04 15:03:42,btc,0.0,20.0,0.00000022,btc,0.0,0.0,0.0,231
1,[],26,[],2019-02-04 15:03:42,0.0,0.00000005,0.00000000000172745,6581216,2019-02-04 15:03:42,btc,0.0,100.0,0.00000005,btc,0.0,0.0,0.0,234
0,[],27,[],2019-02-04 15:03:45,0.0,0,0,6581217,2019-02-04 15:03:45,,0.0113483662182,0.0,0,"btc,eth",11462.99618,0.0,0.0,234
0.00000000009826690000000001,[],22,[],2019-02-04 15:03:53,4920000.0,9.82669e-19,3.3950231281000004e-23,6581218,2019-02-04 15:03:53,LTC,2.80256691,0.0,0.00000001,LTC,97369440.06349206,0.0,0.0492,235
1,[],4,[],2019-02-04 15:03:54,738260.21775331,0.00000063,0.00000000002176587,6581219,2019-02-04 15:03:54,btc,0.1572318194140314,0.0,0.00000063,btc,142802.99622043,0.01644231,0.1551239107857693,236
1,[],24,[],2019-02-04 15:03:54,0.0,0.000000010000,0.00000000000034549000000000003,6581220,2019-02-04 15:03:54,btc,0.0,0.0,0.000000010000,btc,0.0,0.0,0.0,236
1,[],20,[],2019-02-04 15:03:56,20649213.1694,0.000000061,0.000000000002107489,6581221,2019-02-04 15:03:56,btc,16.2580663473419,11696182.1076,0.000000061,btc,26144985.9023,0.7186955298273,0.3756395128794,237
1,[],22,[],2019-02-04 15:04:16,10000.0,0.00000001,0.00000000000034549000000000003,6581222,2019-02-04 15:04:16,BTC,0.04083605,0.0,0.00000001,BTC,4179.0,0.0,0.0001,237
1,[],4,[],2019-02-04 15:04:16,4200525.69562896,0.00000035,0.00000000001209215,6581223,2019-02-04 15:04:16,btc,0.5712654138234393,0.0,0.00000035,btc,1347053.87216735,0.72238033,1.3295332371035526,238
1,[],5,[],2019-02-04 15:04:17,4.29e-06,0.00000033,0.00000000001140117,6581224,2019-02-04 15:04:17,btc,0.72699455,0.00406037,0.00000033,btc,2.957e-05,0.0,0.30814332,238
1,[],22,[],2019-02-04 15:05:04,199984.0,0.00000003,0.0000000000010364700000000001,6581225,2019-02-04 15:05:04,BTC,15.41362805,0.0,0.00000003,BTC,291606.3139027493,0.00170619,0.00599952,249
0.00000000009826690000000001,[],22,[],2019-02-04 15:06:02,1311049.0,2.9480070000000005e-18,1.0185069384300002e-22,6581226,2019-02-04 15:06:02,LTC,0.46385524,0.0,0.00000003,LTC,14489283.09,6.5202053488e-14,0.03833449,252
1,[],28,[],2019-02-04 15:06:08,2329675.778,0.0000001,0.0000000000034549,6581227,2019-02-04 15:06:08,btc,164692.28288607893,177055.111,0.0000001,btc,621074.1485,0.0,0.07983160099,256
1,[],22,[],2019-02-04 15:06:33,84283.66666666667,0.00000003,0.0000000000010364700000000001,6581228,2019-02-04 15:06:33,BTC,35605.55903929,0.0,0.00000003,BTC,506789.34188300685,0.00112164,0.00131203,258
1,[],22,[],2019-01-26 20:58:41,368451.0,0.00000001,0.000000000000356135,6510120,2019-01-26 20:58:41,BTC,2.642917,0.0,0.00000001,"BTC,LTC",1862.0,0.0,0.02488451,259
1,[],22,[],2019-02-04 15:06:44,35834.09428571429,0.00000700,0.000000000241843,6581229,2019-02-04 15:06:44,BTC,4.70992424,0.0,0.00000700,BTC,8475.446929624764,0.0009113,0.035059,262
1,[],5,[],2019-02-04 15:06:45,6.38e-05,0.00000287,0.00000000009915563000000001,6581230,2019-02-04 15:06:45,btc,1.04576819,0.59327675,0.00000287,btc,0.00083298,0.0,0.21433205,264
1,[],20,[],2019-02-04 15:06:47,1239591.1583,0.000003022,0.00000000010440707800000001,6581231,2019-02-04 15:06:47,btc,4.9952432538931,16040.4276,0.000003022,btc,94264.3517,0.068684790533,0.0263890334304,264
1,[],22,[],2019-02-04 15:06:54,131617.0,0.00000002,0.0000000000006909800000000001,6581232,2019-02-04 15:06:54,BTC,8.61803716,0.0,0.00000002,BTC,341694.0960910512,6.8e-05,0.00213471,271
0,[],22,[],2019-02-04 15:07:02,0.0,0,0,6581233,2019-02-04 15:07:02,,369.26513139,0.0,0,,14581807828.9,0.0,0.0,272
0.0000000000000056,[],28,[],2019-02-04 15:07:06,252491812746.071,6.384000000000001e-21,2.2056081600000004e-25,6581234,2019-02-04 15:07:06,doge,299067994.8364646,21098830174.734,0.00000114,doge,154531106569.531,0.0,9.008556945523065e-10,272
0,[],22,[],2019-02-04 15:07:13,0.0,0,0,6581235,2019-02-04 15:07:13,,0.0,0.0,0,,0.0,0.0,0.0,281
