pairValue,buyBook,exchangeId,sellBook,updated,buyTotal,satoshiPrice,usdPrice,exchangeLogId,created,bestPair,sellTotalBtc,volume,pairPrice,activePairs,sellTotal,volumeBtc,buyTotalBtc,coinId
1,[],3,[],2019-06-04 07:48:19,61.263658138804,0.01069460000000000028663738049772291560657322406768798828125,0.0000008461802801200001,7735135,2019-06-04 07:48:19,btc,0.24833358615534362,41.3886185165,0.01069460000000000028663738049772291560657322406768798828125,btc,12.597181640017,0.0,0.20191261449670309,1
1,[],4,[],2019-06-04 07:48:20,207661.11461477,0.01068270,0.00000084523872594,7735136,2019-06-04 07:48:20,btc,8.11597688696198,0.0,0.01068270,btc,346.01741013,1.11669892,0.4308230180029689,1
1,[],5,[],2019-06-04 07:48:23,0.0,0,0,7735137,2019-06-04 07:48:23,btc,0.0,0.03205133,0,btc,0.0,0.0,0.0,1
1,[],10,[],2019-06-04 07:48:26,312389.70247962,0.006303,0.0000004987072266,7735138,2019-06-04 07:48:26,btc,6519.888710296221,1531.20908277,0.006303,btc,1253.6067302,0.0,2.41195953813011,1
1,[],12,[],2019-06-04 07:48:31,77.9956043,0.01085999999999999986177723343416801071725785732269287109375,0.000000859267092,7735139,2019-06-04 07:48:31,btc,0.1367200069223,0.0,0.01085999999999999986177723343416801071725785732269287109375,btc,11.80747498,0.199297219913,0.3200778608426,1
1,[],20,[],2019-06-04 07:48:33,933.8002,0.00920886,0.000000728625262692,7735140,2019-06-04 07:48:33,btc,0.221580525343,0.1013,0.00920886,btc,17.1744,0.0009360147204,0.0982065055536,1
1,[],21,[],2019-06-04 07:48:34,2367.27313138,0.01088656999999999992756460898,0.0000008613693688540001,7735141,2019-06-04 07:48:34,btc,12.01253219140316,5182.67299893,0.01088656999999999992756460898135628667660057544708251953125,"btc,eth",1513.55073681,53.57477219314945,20.693164246383173,1
1,[],22,[],2019-06-04 07:48:37,0.0025666666666666667,0.00900000,0.0000007120998,7735142,2019-06-04 07:48:37,BTC,0.31629903,0.0,0.00900000,BTC,0.2505752479991019,0.0,2.31e-05,1
1,[],24,[],2019-06-04 07:48:38,0.0,0.000000000000,0,7735143,2019-06-04 07:48:38,btc,0.0,0.0,0.000000000000,btc,0.0,0.0,0.0,1
0.0,[],25,[],2019-06-04 07:48:39,0.0,0,0,7735144,2019-06-04 07:48:39,btc,5.5999999997312795,3454.75448004,0.0,btc,503.36232711,38.15,0.0,1
1,[],26,[],2019-06-04 07:48:41,0.0,0,0,7735145,2019-06-04 07:48:41,,0.0,0.0,0,,0.0,0.0,0.0,1
0,[],28,[],2019-06-04 07:49:37,0.0,0,0,7735146,2019-06-04 07:49:37,,0.0,332371.492,0,,0.0,0.0,0.0,1
0,[],2,[],2019-01-20 23:28:45,0.0,0,0,6477011,2019-01-20 23:28:45,,0.0,0.0,0,,0.0,0.0,0.0,1
1,[],5,[],2019-06-04 07:49:39,0.0,0,0,7735147,2019-06-04 07:49:39,btc,0.0,0.00667308,0,btc,0.0,0.0,0.0,2
0,[],22,[],2019-06-04 07:49:42,0.0,0,0,7735148,2019-06-04 07:49:42,,0.0,0.0,0,,0.0,0.0,0.0,2
1,[],5,[],2019-06-03 14:48:58,0.0,0,0,7731126,2019-06-03 14:48:58,btc,0.0,0.05905545,0,btc,0.0,0.0,0.0,3
1,[],12,[],2019-06-03 14:48:59,3468623.70302,0.000000116,0.000000000009823402000000002,7731127,2019-06-03 14:48:59,btc,169531.0336573751,0.0,0.000000116,btc,2361209.62379607,0.041350953071,0.33764769154428,3
0,[],28,[],2019-06-03 14:49:00,0.0,0,0,7731128,2019-06-03 14:49:00,,0.0,0.0,0,,0.0,0.0,0.0,3
0,[],2,[],2019-01-20 23:31:32,0.0,0,0,6477077,2019-01-20 23:31:32,,0.0,0.0,0,,0.0,0.0,0.0,4
1,[],4,[],2019-05-18 21:29:50,562734.9206932,0.00000010,0.000000000007298720000000001,7650946,2019-05-18 21:29:50,btc,41.9347137769675,0.0,0.00000010,btc,1123702.32192634,0.00052462,0.029254593370966,4
0,[],12,[],2019-06-02 05:03:43,0.0,0,0,7724919,2019-06-02 05:03:43,btc,625.901992874995,0.0,0,btc,1211362.4995005,0.0,0.0,5
0,[],2,[],2019-01-20 23:31:51,0.0,0,0,6477087,2019-01-20 23:31:51,,0.0,0.0,0,,0.0,0.0,0.0,6
1,[],11,[],2019-06-04 07:49:45,9550359.276736,0.00000002,0.0000000000015824440000000002,7735149,2019-06-04 07:49:45,btc,9582.830174272145,358450.0,0.00000002,btc,67372552.19260395,0.0,0.14124044276736,6
1,[],3,[],2019-06-04 07:49:46,1018.672198580686,0.00008909000000000000252242671194835565984249114990234375,0.000000007048996798,7735150,2019-06-04 07:49:46,btc,0.9236208458993217,362.378178169,0.00008909000000000000252242671194835565984249114990234375,btc,341.771942274997,0.0,0.023875013951200647,7
1,[],4,[],2019-06-04 07:49:49,329957.45642863,0.00008202,0.0000000064896028440000004,7735151,2019-06-04 07:49:49,btc,8.976710487439188,0.0,0.00008202,btc,60982.50639539,1.87108546,2.409636417131908,7
1,[],5,[],2019-06-04 07:49:51,0.0,0,0,7735152,2019-06-04 07:49:51,btc,0.0,0.11050989,0,btc,0.0,0.0,0.0,7
1,[],20,[],2019-04-07 22:06:50,3201475.0482,0.000000001,0.000000000000051590000000000004,7213932,2019-04-07 22:06:50,btc,30.8005781811902,0.0,0.000000001,btc,23077405.3926,0.0,0.0032014750482,8
0,[],2,[],2019-01-20 23:22:42,0.0,0,0,6476876,2019-01-20 23:22:42,,0.0,0.0,0,,0.0,0.0,0.0,9
0,[],23,[],2019-01-20 23:22:48,0.0,0,0,6476878,2019-01-20 23:22:48,,0.0,0.0,0,,0.0,0.0,0.0,9
1,[],4,[],2019-06-04 07:49:53,2328813.94665574,0.00000047,0.000000000037187434,7735153,2019-06-04 07:49:53,btc,3.2097985262631026,0.0,0.00000047,btc,3103302.1615641,0.57137945,0.4729515522733295,9
0,[],28,[],2019-06-04 07:51:10,0.0,0,0,7735154,2019-06-04 07:51:10,,0.0,3109886.0,0,,0.0,0.0,0.0,9
1,[],1,[],2019-02-17 23:31:42,1822507.21,0.00000181000000000000003456111265232042484285557293333113193511962890625,0.000000000066086901,6701244,2019-02-17 23:31:42,btc,3.6990969245,17153386.5,0.00000181000000000000003456111265232042484285557293333113193511962890625,btc,1997391.71,31.11772986,3.2610482446,9
1,[],4,[],2019-02-17 11:22:43,4341674.27126056,0.00000002,0.0000000000007272960000000001,6696112,2019-02-17 11:22:43,btc,0.1997230937751353,0.0,0.00000002,btc,4109766.79808031,0.00215132,0.0479381022052112,10
0,[],2,[],2019-01-20 23:23:08,0.0,0,0,6476890,2019-01-20 23:23:08,,0.0,0.0,0,,0.0,0.0,0.0,12
1,[],4,[],2019-06-04 07:51:12,9285418.04439244,0.00000047,0.000000000037187434,7735155,2019-06-04 07:51:12,btc,4.6424731948865485,0.0,0.00000047,btc,4395212.84025278,1.84889834,1.7193250863815728,12
1,[],5,[],2019-06-04 07:51:14,0.0,0,0,7735156,2019-06-04 07:51:14,btc,0.0,0.14069714,0,btc,0.0,0.0,0.0,12
0.0,[],25,[],2019-06-04 07:51:15,0.0,0,0,7735157,2019-06-04 07:51:15,,0.0,0.0,0.0,btc,0.0,0.0,0.0,12
1,[],10,[],2019-06-04 06:48:02,650801.81827771,0.00000524,0.00000000041411038799999997,7734870,2019-06-04 06:48:02,btc,666803.2359848397,19471.8682269,0.00000524,btc,871758.95910394,0.0,0.2225734348140519,13
1,[],4,[],2019-06-04 07:51:16,340012.19876816,0.00000536,0.000000000424094992,7735158,2019-06-04 07:51:16,btc,2.005308928007298,0.0,0.00000536,btc,271102.842996,0.54403706,0.5029532676832787,13
1,[],21,[],2019-06-04 07:51:19,4837168.03510203,0.000005339999999999999694827446106,0.000000000422512548,7735159,2019-06-04 07:51:19,btc,6.238247119074201,1565799.05953032,0.0000053399999999999996948274461061600959510542452335357666015625,btc,1037362.24259863,8.64187602,4.765404718185238,13
1,[],4,[],2019-06-04 07:51:21,866959.57176553,0.00000077,0.000000000060924094,7735160,2019-06-04 07:51:21,btc,4.265482290863847,0.0,0.00000077,btc,871310.84340467,0.01465088,0.0586291903425019,14
1,[],12,[],2019-06-04 07:51:22,135647.12432442,0.00000073,0.000000000057759206,7735161,2019-06-04 07:51:22,btc,14.143144674594344,0.0,0.00000073,btc,31965.57755951,0.0,0.0151033299999688,14
1,[],26,[],2019-06-04 07:53:23,0.0,0.00000050,0.000000000039561100000000005,7735162,2019-06-04 07:53:23,btc,0.0,0.0,0.00000050,btc,0.0,0.0,0.0,14
0,[],17,[],2019-05-03 00:53:32,0.0,0,0,7558876,2019-05-03 00:53:32,btc,0.0,0.0,0,btc,0.0,0.0,0.0,14
0,[],4,[],2019-06-04 07:53:24,0.0,0,0,7735163,2019-06-04 07:53:24,,0.0,0.0,0,,0.0,0.0,0.0,15
,[],12,[],2018-12-01 15:15:48,204241.84496,0.00000489,0.000000000202473384,5260204,2018-12-01 15:15:48,btc,49.5475654835,0.0,,btc,35763.2193806,0.0163153972027625,0.0203389899998,15
0,[],2,[],2019-01-20 23:23:38,0.0,0,0,6476906,2019-01-20 23:23:38,,0.0,0.0,0,,0.0,0.0,0.0,18
1,[],4,[],2019-06-04 07:53:26,31902.9442817,0.00001110,0.00000000087825642,7735164,2019-06-04 07:53:26,btc,0.9722731877386473,0.0,0.00001110,btc,10952.30539012,0.08484276,0.0576713117202611,18
1,[],10,[],2019-06-04 07:53:28,494926.90381334,0.00001105,0.00000000087430031,7735165,2019-06-04 07:53:28,btc,15.189538578281597,3202.76912903,0.00001105,btc,12821.24767123,0.0,0.1572509734996246,18
1,[],12,[],2019-06-04 07:53:29,2806.3586777200003,0.000011029999999999999426756290554774153633843525312840938568115234375,0.000000000872717866,7735166,2019-06-04 07:53:29,btc,0.41064624777742353,0.0,0.000011029999999999999426756290554774153633843525312840938568115234375,btc,1764.2221867,4.7886985e-05,0.0135058594635149,18
0,[],17,[],2019-05-03 00:53:39,0.0,0,0,7558882,2019-05-03 00:53:39,btc,0.0,0.0,0,btc,0.0,0.0,0.0,18
0,[],2,[],2019-01-20 23:24:19,0.0,0,0,6476924,2019-01-20 23:24:19,,0.0,0.0,0,,0.0,0.0,0.0,19
1,[],3,[],2019-06-04 07:55:35,149814.49615784542,0.0000055799999999999999380768771206628997560983407311141490936279296875,0.000000000441501876,7735167,2019-06-04 07:55:35,btc,0.22713853922467464,5475.36930304,0.0000055799999999999999380768771206628997560983407311141490936279296875,btc,6030.628089442199,0.0,0.050653121233106196,19
1,[],4,[],2019-06-04 07:55:36,535064.2259768,0.00000774,0.000000000612405828,7735168,2019-06-04 07:55:36,btc,4.08009700312325,0.0,0.00000774,btc,176734.16767227,0.20790964,0.5508254525277269,19
1,[],5,[],2019-06-04 07:55:37,0.0,0,0,7735169,2019-06-04 07:55:37,btc,0.0,0.003438,0,btc,0.0,0.0,0.0,19
1,[],12,[],2019-06-04 07:55:38,14332.45703699,0.000007089999999999999880334437818429904609729419462382793426513671875,0.0000000005609763980000001,7735170,2019-06-04 07:55:38,btc,0.0506924636102151,0.0,0.000007089999999999999880334437818429904609729419462382793426513671875,btc,1949.0831785,0.0,0.0210567599997612,19
0,[],27,[],2019-06-04 07:55:47,0.0,0,0,7735171,2019-06-04 07:55:47,,0.0,0.0,0,btc,0.0,0.0,0.0,19
1,[],4,[],2019-06-04 07:55:48,10062076.88478525,0.00000007,0.000000000005538554,7735172,2019-06-04 07:55:48,btc,6.4029639466023385,0.0,0.00000007,btc,2322306.93095912,0.0,0.1174938176872809,20
1,[],4,[],2019-06-04 07:55:50,5049021.084,0.00000001,0.0000000000007912220000000001,7735173,2019-06-04 07:55:50,btc,39358.80589102561,0.0,0.00000001,btc,74352045.81359267,0.00834938,0.05049021084,21
1,[],12,[],2019-06-04 07:55:51,1406513.0,0.00000001,0.0000000000007912220000000001,7735174,2019-06-04 07:55:51,btc,2566.6482369131268,0.0,0.00000001,btc,5423603.15584414,0.0,0.01406513,21
0,[],17,[],2019-05-03 00:53:51,0.0,0,0,7558891,2019-05-03 00:53:51,btc,0.0,0.0,0,btc,0.0,0.0,0.0,21
1,[],12,[],2019-06-04 07:57:52,5094187317.0,0.0000000003,0.00000000000002373666,7735175,2019-06-04 07:57:52,btc,726731456.9930966,0.0,0.0000000003,btc,3089959412.678085,0.026692560341,1.1334737293000001,23
0.0000000003108507,[],27,[],2019-06-04 07:57:57,68924405.97999999,3.108507e-18,2.459519125554e-22,7735176,2019-06-04 07:57:57,eth,1023.265245918657,4076254.0,0.00000001,eth,15037556.1564255,2.5342128185556e-11,2.1425199845967183e-10,23
1,[],4,[],2019-06-04 07:57:58,1877886.81556984,0.00000022,0.000000000017406884000000002,7735177,2019-06-04 07:57:58,btc,10.653334179808569,0.0,0.00000022,btc,1754420.1811483,0.00583328,0.0573786119000067,24
0,[],22,[],2019-06-04 07:58:03,0.0,0,0,7735178,2019-06-04 07:58:03,,0.0,0.0,0,,0.0,0.0,0.0,24
0.0,[],25,[],2019-06-04 07:58:04,0.0,0,0,7735179,2019-06-04 07:58:04,,0.0,0.0,0.0,btc,0.0,0.0,0.0,24
1,[],4,[],2019-06-04 07:58:05,26949244.60693007,0.00000477,0.000000000377412894,7735180,2019-06-04 07:58:05,btc,9.247999914666053,0.0,0.00000477,btc,218863.9468535,0.06234308,0.5120446757850747,26
1,[],10,[],2019-06-04 07:58:08,149837.13251838,0.00000488,0.000000000386116336,7735181,2019-06-04 07:58:08,btc,25.27690617308929,4415.02224477,0.00000488,btc,21045.29862473,0.0,0.0361890574687103,26
0,[],2,[],2019-01-20 23:25:56,0.0,0,0,6476976,2019-01-20 23:25:56,,0.0,0.0,0,,0.0,0.0,0.0,26
1,[],5,[],2019-04-26 09:47:06,0.0,0,0,7465326,2019-04-26 09:47:06,btc,0.0,0.0,0,btc,0.0,0.0,0.0,27
1,[],3,[],2019-06-04 07:58:12,20791512.185043,0.00000001,0.0000000000007912220000000001,7735182,2019-06-04 07:58:12,btc,3.758838153430762,3931481.98668,0.00000001,btc,26010749.57033498,0.0,0.20791512185043,27
1,[],11,[],2019-06-04 07:58:14,2071589.08157834,0.00000002,0.0000000000015824440000000002,7735183,2019-06-04 07:58:14,btc,67503.04527066177,19676.5543251,0.00000002,btc,6588861.32608848,0.0,0.0211134458157834,27
1,[],4,[],2019-06-04 07:58:14,1212449533.144303,0.00000001,0.0000000000007912220000000001,7735184,2019-06-04 07:58:14,btc,5.176122132164255,0.0,0.00000001,"btc,ltc",328387487.2830581,0.00657309,8.784628305522991,29
1,[],7,[],2019-06-04 07:58:15,90452021.33155985,0.00000001,0.0000000000007912220000000001,7735185,2019-06-04 07:58:15,btc,46548272.19859113,0.0,0.00000001,btc,37056346.09253807,0.0,0.9045202133155985,29
1,[],4,[],2019-06-04 07:58:16,15267985.40913454,0.00000007,0.000000000005538554,7735186,2019-06-04 07:58:16,btc,2.558318202608009,0.0,0.00000007,btc,2022547.84448455,0.0004569,0.1743882312694366,30
0,[],17,[],2019-05-03 01:11:25,0.0,0,0,7559066,2019-05-03 01:11:25,btc,0.0,0.0,0,btc,0.0,0.0,0.0,30
1,[],4,[],2019-06-04 08:00:17,109371.47505178,0.00004331,0.0000000034267824820000002,7735187,2019-06-04 08:00:17,btc,3.0207663870532304,0.0,0.00004331,btc,42396.86090941,0.3091815,0.5474992668630657,31
1,[],21,[],2019-06-04 08:00:18,179769.71531239,0.00004360999999999999750775747653,0.000000003450519142,7735188,2019-06-04 08:00:18,btc,5.267957633411289,140618.20426857,0.00004360999999999999750775747653364078360027633607387542724609375,btc,107743.62131104,6.21617615,6.640248615184467,31
0,[],2,[],2019-01-20 23:28:43,0.0,0,0,6477009,2019-01-20 23:28:43,,0.0,0.0,0,,0.0,0.0,0.0,32
0,[],4,[],2019-06-04 08:00:20,0.0,0,0,7735189,2019-06-04 08:00:20,,0.0,0.0,0,,0.0,0.0,0.0,33
1,[],12,[],2019-03-30 07:55:10,40641173.964,0.00000003,0.000000000001228359,7108785,2019-03-30 07:55:10,btc,4233210.82356125,0.0,0.00000003,btc,28378394.68333462,0.0126927883965248,0.90752895892,33
0.0000000001297417,[],4,[],2019-06-04 08:00:21,445904441.8158377,4.5409595e-17,3.592907057509e-21,7735190,2019-06-04 08:00:21,ltc,3.900370630229435,0.0,0.00000035,ltc,159173925.1724202,0.0,1.7223173503214133e-09,34
1,[],5,[],2019-06-04 08:00:23,0.0,0,0,7735191,2019-06-04 08:00:23,btc,0.0,0.0,0,btc,0.0,0.0,0.0,34
0.0000000002926451,[],17,[],2019-05-02 18:17:47,200000.0,2.9264510000000002e-18,1.596703856561e-22,7556430,2019-05-02 18:17:47,eth,0.20942468735267253,0.0,0.00000001,"btc,eth",1018272.20243647,0.0,5.852902e-13,36
0.0000000001311821,[],4,[],2019-05-31 13:28:19,2417517744.0607657,1.311821e-18,1.105058333085e-22,7717483,2019-05-31 13:28:19,ltc,5.019900492391546e-08,0.0,0.00000001,ltc,7102398142.262129,0.0,3.171350544531538e-09,36
1,[],5,[],2019-05-31 13:28:21,0.0,0,0,7717484,2019-05-31 13:28:21,btc,0.0,0.0,0,btc,0.0,0.0,0.0,36
0.0000000003108179,[],27,[],2019-05-31 13:30:34,10388811.226876,6.216358000000001e-18,5.236566733830001e-22,7717485,2019-05-31 13:30:34,eth,1569.8708019850988,761866.634299,0.00000002,"ltc,eth",5084024.2511555,4.736034912207001e-12,3.3251980286483705e-11,36
1,[],4,[],2019-06-04 08:00:24,9974711.77341303,0.00000017,0.000000000013450774,7735192,2019-06-04 08:00:24,btc,19772.47228512775,0.0,0.00000017,btc,681987.51218356,0.01134922,0.1277112123075591,37
1,[],12,[],2019-06-04 08:00:24,3702073.0,0.00000019,0.000000000015033218000000002,7735193,2019-06-04 08:00:24,btc,9.484979719620396,0.0,0.00000019,btc,1578767.11569268,0.035023654959,0.17298055,37
1,[],27,[],2019-06-04 08:02:38,11126.0,0.00000018,0.000000000014241996000000001,7735194,2019-06-04 08:02:38,btc,22.62970013895233,0.0,0.00000018,btc,4298.824295,0.0,0.00165394,37
1,[],17,[],2019-05-03 01:11:36,211752.74075282,0.00000025,0.000000000013700074999999998,7559074,2019-05-03 01:11:36,btc,0.055484923955058496,0.0,0.00000025,"btc,eth",1387.19918473,0.0,0.0005381851887916605,37
1,[],5,[],2019-06-04 08:02:40,0.0,0,0,7735195,2019-06-04 08:02:40,btc,0.0,0.00089336,0,btc,0.0,0.0,0.0,42
1,[],12,[],2019-06-04 08:02:41,129769.05159425,0.000001080000000000000035831255497387193287295303889550268650054931640625,0.000000000085451976,7735196,2019-06-04 08:02:41,btc,24.81350364908555,0.0,0.000001080000000000000035831255497387193287295303889550268650054931640625,btc,76932.13639272,0.022677917373,0.0449835938991651,42
1,[],27,[],2019-06-04 08:02:51,506.0,0.00000002,0.0000000000015824440000000002,7735197,2019-06-04 08:02:51,btc,0.07600425,0.0,0.00000002,"btc,eth",18.0,0.0,6.000000326579746e-06,42
1,[],12,[],2019-03-13 09:13:29,1112112.0,0.00000001,0.000000000000386531,6919902,2019-03-13 09:13:29,btc,29058.00478931866,0.0,0.00000001,btc,5967681.93306694,9.99000999e-07,0.01112112,43
1,[],5,[],2019-04-26 22:38:52,0.0,0,0,7474154,2019-04-26 22:38:52,btc,0.0,0.02638891,0,btc,0.0,0.0,0.0,43
0,[],17,[],2019-04-26 22:38:53,0.0,0,0,7474155,2019-04-26 22:38:53,btc,0.0,0.0,0,btc,0.0,0.0,0.0,43
1,[],12,[],2019-03-05 01:54:08,639326.02,0.00000004,0.000000000001486676,6845775,2019-03-05 01:54:08,btc,11116042.728239931,0.0,0.00000004,btc,1103841.4595604,0.0003330765234764,0.014975410599999999,44
1,[],4,[],2019-06-04 08:02:53,104504582.33826558,0.00000001,0.0000000000007912220000000001,7735198,2019-06-04 08:02:53,btc,2660396.608658954,0.0,0.00000001,"btc,ltc",28357697.14040226,0.00092511,0.02802120948391576,49
0.0000000001297417,[],4,[],2019-06-04 08:02:54,131905313.76229548,3.5030259e-17,2.7716711586498002e-21,7735199,2019-06-04 08:02:54,ltc,194920.23718201314,0.0,0.00000027,ltc,196769967.23537275,0.0,1.4805012415715372e-09,52
0,[],22,[],2019-06-04 08:02:56,0.0,0,0,7735200,2019-06-04 08:02:56,,10289.52569349,0.0,0,,305146396.4566013,0.0,0.0,57
0,[],27,[],2019-06-04 08:03:07,0.0,0,0,7735201,2019-06-04 08:03:07,,0.0,0.0,0,"btc,eth",0.0,0.0,0.0,57
0.0000000001297417,[],4,[],2019-06-04 08:03:07,3531140170.5721416,1.2974170000000001e-18,1.0265448735740001e-22,7735202,2019-06-04 08:03:07,ltc,19.341013135678544,0.0,0.00000001,ltc,5806992378.741686,0.0,4.581361286683196e-09,58
1,[],12,[],2019-06-04 08:03:09,696850701.0,0.0000000001,0.00000000000000791222,7735203,2019-06-04 08:03:09,btc,2386691.801730104,0.0,0.0000000001,btc,3533991762.244712,0.001131561922,0.0696850701,58
0.0000000001102377,[],22,[],2019-06-04 08:05:12,126877.0,1.102377e-18,8.722249346940001e-23,7735204,2019-06-04 08:05:12,XMR,68.17454206,0.0,0.00000001,XMR,9626402.6,0.0,0.00126877,58
1,[],17,[],2019-05-03 01:12:09,1200000.0,0.0000000001,0.00000000000000548003,7559085,2019-05-03 01:12:09,btc,1e+24,0.0,0.0000000001,"btc,eth",39516342.31952568,0.0,0.00010000000058666061,58
1,[],5,[],2019-06-04 08:05:14,0.0,0,0,7735205,2019-06-04 08:05:14,btc,0.0,0.0,0,btc,0.0,0.0,0.0,61
1,[],22,[],2019-06-04 08:05:17,13613.833333333334,0.00000012,0.000000000009494664,7735206,2019-06-04 08:05:17,BTC,1002.29123003,0.0,0.00000012,BTC,15014.200177125656,0.0,0.00153269,61
1,[],26,[],2019-06-04 08:05:17,0.0,0.00000050,0.000000000039561100000000005,7735207,2019-06-04 08:05:17,btc,0.0,0.0,0.00000050,btc,0.0,0.0,0.0,61
1,[],27,[],2019-06-04 08:05:38,8450.0,0.0000002,0.00000000001582444,7735208,2019-06-04 08:05:38,btc,1.9582485601246655,0.0,0.0000002,"btc,eth",11379.41563696,0.0,0.001522,61
0,[],28,[],2019-06-04 08:06:36,0.0,0,0,7735209,2019-06-04 08:06:36,,0.0,438.0,0,,0.0,0.0,0.0,61
1,[],4,[],2019-06-04 08:06:37,862791.38616877,0.00000076,0.00000000006013287200000001,7735210,2019-06-04 08:06:37,btc,3.0105245268865923,0.0,0.00000076,btc,937599.8089299,0.14144879,0.4471292025305544,67
0.0,[],25,[],2019-06-04 08:06:39,0.0,0,0,7735211,2019-06-04 08:06:39,,0.0,0.0,0.0,btc,0.0,0.0,0.0,67
1,[],12,[],2019-06-02 06:23:14,910048.355,0.00000006,0.000000000005154929999999999,7725270,2019-06-02 06:23:14,btc,5.167005424215783,0.0,0.00000006,btc,738530.60239759,0.003159757462,0.0187188113,71
,[],5,[],2018-11-20 23:02:39,1.5e-07,0.00000005,0.000000000002128045,4862160,2018-11-20 23:02:39,btc,2.84511358,0.0,,btc,0.00036572,0.0,0.07381892,74
1,[],5,[],2019-06-04 08:06:41,0.0,0,0,7735212,2019-06-04 08:06:41,btc,0.0,0.26646385,0,btc,0.0,0.0,0.0,75
1,[],4,[],2019-06-04 03:25:15,715281.46076168,0.00000001,0.000000000000803619,7734085,2019-06-04 03:25:15,btc,581089.6218469425,0.0,0.00000001,btc,37692563.61091116,0.0,0.0071528146076168,81
0,[],20,[],2019-01-25 09:30:31,0.0,0,0,6495923,2019-01-25 09:30:31,btc,0.0,0.0,0,btc,0.0,0.0,0.0,81
1,[],4,[],2019-06-04 08:06:43,69768.14447304,0.00012116,0.000000009586445752,7735213,2019-06-04 08:06:43,btc,54.98767918368047,0.0,0.00012116,btc,117211.02923415,0.94036524,0.7515206657655532,82
1,[],21,[],2019-06-04 08:06:45,89139.16360825,0.0001149899999999999951035348222,0.000000009098261778,7735214,2019-06-04 08:06:45,btc,15.05494302759029,30114.75600184,0.000114989999999999995103534822238344759171013720333576202392578125,btc,94032.86282967,3.54434591,7.850644624676186,82
0,[],17,[],2019-03-25 22:42:34,0.0,0,0,7038780,2019-03-25 22:42:34,btc,0.0445064681804024,0.0,0,btc,995513.18476001,0.0,0.0,84
0.0000000001161485,[],4,[],2019-05-20 13:09:39,216715621.0206096,1.161485e-18,9.0533806701e-23,7657228,2019-05-20 13:09:39,ltc,1.6511566870244727,0.0,0.00000001,ltc,471032407.9048656,0.0,2.5171194308112273e-10,85
,[],22,[],2018-11-20 23:09:34,3408.1,0.0000001,0.0000000000041895,4862324,2018-11-20 23:09:34,BTC,0.04624735,0.0,,BTC,4990.0,0.0,0.00033081,86
1,[],22,[],2019-06-04 08:06:49,138656.0,0.00000002,0.0000000000015824440000000002,7735215,2019-06-04 08:06:49,BTC,1.51054417,0.0,0.00000002,BTC,282080.54736842104,0.00462799,0.00214656,87
1,[],27,[],2019-06-04 08:06:57,439983.0,0.0000001,0.00000000000791222,7735216,2019-06-04 08:06:57,btc,5.020439488036,73673.0,0.0000001,btc,141768.67341,0.0073673,0.0208416,87
,[],2,[],2018-11-20 23:10:47,0.0,0,0,4862359,2018-11-20 23:10:47,,0.0,0.0,,,0.0,0.0,0.0,88
1,[],11,[],2019-06-04 08:06:59,228509.91775695,0.00007867000000000000403156674710913875969708897173404693603515625,0.000000006224543474000001,7735217,2019-06-04 08:06:59,btc,166.29839180908237,25.5,0.00007867000000000000403156674710913875969708897173404693603515625,btc,196722.31163615,0.0,3.921562396089737,89
0,[],2,[],2019-01-20 23:31:45,0.0,0,0,6477083,2019-01-20 23:31:45,,0.0,0.0,0,,0.0,0.0,0.0,91
1,[],12,[],2019-06-04 08:07:01,371369.36375168,0.00000025,0.00000000001978055,7735218,2019-06-04 08:07:01,btc,88.58549282742152,0.0,0.00000025,btc,180613.0890839,0.011014555376,0.0169561238177946,91
1,[],22,[],2019-06-04 08:09:06,75910.55,0.0000002,0.00000000001582444,7735219,2019-06-04 08:09:06,BTC,0.497,0.0,0.0000002,"BTC,LTC",6.95,0.0,0.00165931,91
0,[],17,[],2019-05-03 01:12:26,0.0,0,0,7559096,2019-05-03 01:12:26,btc,0.0,0.0,0,btc,0.0,0.0,0.0,91
1,[],22,[],2019-04-09 20:17:52,374949.73333333334,0.00000015,0.000000000007771935,7235704,2019-04-09 20:17:52,BTC,6.87372503,0.0,0.00000015,"BTC,LTC",159980.01196797504,1.1e-05,0.80510266,95
0.0000000001297417,[],4,[],2019-06-04 08:09:07,542527182.4575994,2.8543174e-17,2.2583987218628e-21,7735220,2019-06-04 08:09:07,ltc,11.303814627113839,0.0,0.00000022,ltc,153243248.91754866,0.0,8.43187945481697e-10,96
0,[],12,[],2019-06-04 08:09:08,0.0,0,0,7735221,2019-06-04 08:09:08,btc,22.33352009046953,0.0,0,btc,9676423.04695305,0.0,0.0,96
0,[],17,[],2019-05-03 01:12:32,0.0,0,0,7559100,2019-05-03 01:12:32,btc,0.0,0.0,0,btc,0.0,0.0,0.0,96
1,[],4,[],2019-04-14 03:32:46,1039404.33283278,0.00000038,0.000000000019245518,7293458,2019-04-14 03:32:46,btc,4.170086055365747,0.0,0.00000038,btc,3097704.34561074,0.06260606,0.1859928211030784,99
0,[],2,[],2019-01-20 23:23:55,0.0,0,0,6476914,2019-01-20 23:23:55,,0.0,0.0,0,,0.0,0.0,0.0,100
1,[],4,[],2019-06-04 08:11:08,236560.92885122,0.00001870,0.0000000014795851400000001,7735222,2019-06-04 08:11:08,btc,7.662196326318154,0.0,0.00001870,btc,149656.47737955,1.43315729,0.3368348640572123,100
1,[],22,[],2019-06-04 08:11:13,150000.0,0.00000002,0.0000000000015824440000000002,7735223,2019-06-04 08:11:13,BTC,24.83526409,0.0,0.00000002,BTC,11187.719,0.0,0.0017,101
1,[],4,[],2019-06-04 08:11:13,526028.22845095,0.00000149,0.00000000011789207800000002,7735224,2019-06-04 08:11:13,btc,549.8002290265451,0.0,0.00000149,btc,662021.02181853,0.02463331,0.1713296940672471,103
1,[],12,[],2019-06-04 08:11:16,177834564.0,0.000000003,0.00000000000023736660000000003,7735225,2019-06-04 08:11:16,btc,2446.922363307368,0.0,0.000000003,btc,70987077.95474844,0.001457162823,0.238072786,105
1,[],27,[],2019-06-04 08:11:21,61112.0,0.00000001,0.0000000000007912220000000001,7735226,2019-06-04 08:11:21,btc,0.374932318,0.0,0.00000001,btc,1923466.8,0.0,0.00061112,105
1,[],22,[],2019-04-21 00:17:26,21333.0,0.00000001,0.000000000000532493,7385819,2019-04-21 00:17:26,BTC,51.38182867,0.0,0.00000001,BTC,470435.0,0.0,0.00021333,107
1,[],26,[],2019-04-21 00:17:26,0.0,0.00000000,0,7385820,2019-04-21 00:17:26,btc,0.0,0.0,0.00000000,btc,0.0,0.0,0.0,107
1,[],5,[],2019-06-04 08:11:24,0.0,0,0,7735227,2019-06-04 08:11:24,btc,0.0,0.0,0,btc,0.0,0.0,0.0,112
0,[],22,[],2019-06-04 08:11:26,0.0,0,0,7735228,2019-06-04 08:11:26,,6.79500102,0.0,0,,3375892.0833333335,0.0,0.0,112
1,[],27,[],2019-06-04 08:11:37,1.0,0.00000001,0.0000000000007912220000000001,7735229,2019-06-04 08:11:37,btc,1.14885,0.0,0.00000001,"btc,eth",39.0,0.0,1e-08,112
1,[],4,[],2019-06-04 08:11:38,236770.39472707,0.00000082,0.000000000064880204,7735230,2019-06-04 08:11:38,btc,5.770294853203581,0.0,0.00000082,btc,632458.38684589,0.03196345,0.1383060791052131,113
1,[],5,[],2019-06-04 08:11:40,0.0,0,0,7735231,2019-06-04 08:11:40,btc,0.0,0.0,0,btc,0.0,0.0,0.0,113
1,[],17,[],2019-04-26 02:17:47,162738.278,0.00000004,0.0000000000021069000000000002,7461287,2019-04-26 02:17:47,btc,1.3331140273775473,0.0,0.00000004,btc,51796.221,0.0,0.00230953112,116
1,[],27,[],2019-05-22 05:13:01,210000.0,0.00000001,0.00000000000079145,7666372,2019-05-22 05:13:01,btc,3919.0005001478,0.0,0.00000001,btc,128660.871,0.0,0.0021,116
1,[],4,[],2019-05-21 22:31:11,138169.03963019,0.00000701,0.000000000558364025,7664793,2019-05-21 22:31:11,btc,150.95388250938234,0.0,0.00000701,btc,344631.17141974,0.07552974,0.4288357684941946,120
1,[],7,[],2019-05-21 22:31:12,3901.07750076,0.000010679999999999999389654892212320191902108490467071533203125,0.0000000008506887,7664794,2019-05-21 22:31:12,btc,231188.94669936574,0.0,0.000010679999999999999389654892212320191902108490467071533203125,btc,4133.83151364,0.0,0.0113888422364489,120
1,[],20,[],2019-04-07 18:42:29,1914137.0852,0.000000035,0.0000000000017871910000000002,7211992,2019-04-07 18:42:29,btc,32.2497668025648,25528.85,0.000000035,btc,1001975.4986,0.00089350975,0.0152723574729,125
1,[],22,[],2019-06-04 08:11:44,10000.0,0.00000001,0.0000000000007912220000000001,7735232,2019-06-04 08:11:44,BTC,0.032061,0.0,0.00000001,BTC,299316.7611111111,0.0,0.0001,126
0,[],2,[],2019-01-20 23:25:46,0.0,0,0,6476969,2019-01-20 23:25:46,,0.0,0.0,0,,0.0,0.0,0.0,131
1,[],4,[],2019-06-04 08:11:45,137381.15395524,0.00000645,0.00000000051033819,7735233,2019-06-04 08:11:45,btc,3.413265180899192,0.0,0.00000645,btc,186316.36534792,0.15786735,0.3523770387692184,131
1,[],17,[],2019-05-03 01:13:10,10000.0,0.00000001,0.000000000000548003,7559115,2019-05-03 01:13:10,btc,0.0953976503951408,0.0,0.00000001,btc,5037.62507334,0.0,0.0001,131
1,[],4,[],2019-06-01 22:22:37,4877.33287432,0.00010000,0.000000008588780000000001,7724055,2019-06-01 22:22:37,btc,5.03221070889025,0.0,0.00010000,btc,202.13055914,0.0,0.0067319517514342,135
1,[],3,[],2019-06-04 08:13:49,500091.0,0.00000001,0.0000000000007912220000000001,7735234,2019-06-04 08:13:49,btc,0.2354023039523199,1696749.79937,0.00000001,btc,1848982.9576359,0.0,0.00500091,136
1,[],4,[],2019-06-04 08:13:50,2160462.83014086,0.00000181,0.000000000143211182,7735235,2019-06-04 08:13:50,btc,109.79219468667803,0.0,0.00000181,btc,542972.12980887,0.02246113,0.4627265533087843,137
1,[],12,[],2019-06-04 08:13:51,89326.99237441,0.000001839999999999999959088173122345732934945772285573184490203857421875,0.000000000145584848,7735236,2019-06-04 08:13:51,btc,84.62908063250194,0.0,0.000001839999999999999959088173122345732934945772285573184490203857421875,btc,81282.49064291,1.78e-06,0.0194093499999113,137
1,[],4,[],2019-06-04 08:13:52,131005.82873099,0.00001746,0.000000001381473612,7735237,2019-06-04 08:13:52,btc,5.349231918467371,0.0,0.00001746,btc,136332.88018366,0.30561144,1.3007029913123422,142
1,[],5,[],2019-06-04 08:13:53,0.0,0,0,7735238,2019-06-04 08:13:53,btc,0.0,0.00350698,0,btc,0.0,0.0,0.0,142
1,[],20,[],2019-06-04 08:15:56,215018.502,0.000015001,0.0000000011869121222,7735239,2019-06-04 08:15:56,btc,1.605552727831,0.78,0.000015001,btc,9745.0633,1.170078e-05,0.0190855535918,142
1,[],22,[],2019-06-04 08:15:59,10928.645,0.00001000,0.000000000791222,7735240,2019-06-04 08:15:59,BTC,3.00455459,0.0,0.00001000,BTC,1114.1498755539799,0.0,0.00725365,142
0.0,[],25,[],2019-06-04 08:16:01,0.0,0,0,7735241,2019-06-04 08:16:01,,0.0,0.0,0.0,btc,0.0,0.0,0.0,142
0,[],28,[],2019-06-04 08:16:02,0.0,0,0,7735242,2019-06-04 08:16:02,,0.0,0.0,0,,0.0,0.0,0.0,142
1,[],17,[],2019-05-03 01:13:16,32967.38636364,0.00000088,0.000000000048224264,7559122,2019-05-03 01:13:16,btc,20.06976206696776,0.0,0.00000088,btc,2746.079105,0.0,0.0105613000000032,142
0,[],22,[],2019-06-04 08:16:05,0.0,0,0,7735243,2019-06-04 08:16:05,,64.98620993,0.0,0,,787027072.3,0.0,0.0,143
0,[],22,[],2019-02-25 15:42:22,0.0,0,0,6783783,2019-02-25 15:42:22,,4.2131946,0.0,0,,2322156.0,0.0,0.0,146
,[],22,[],2018-11-20 23:01:11,0.0,0,0,4862114,2018-11-20 23:01:11,,2.56807021,0.0,,,61828.4988236,0.0,0.0,147
1,[],12,[],2019-04-21 06:38:04,193091.5971266,0.00000071,0.000000000037635183,7388679,2019-04-21 06:38:04,btc,2.301232411611175,0.0,0.00000071,btc,9957.48302385,0.00023528,0.0313308199999888,148
1,[],4,[],2019-03-19 21:31:25,255810.0415942,0.00000029,0.000000000011615747,6982695,2019-03-19 21:31:25,btc,218.94922712414143,0.0,0.00000029,btc,793529.37642722,0.00117,0.0608347789473395,152
0,[],22,[],2019-03-19 21:31:27,0.0,0,0,6982696,2019-03-19 21:31:27,,0.0,0.0,0,,0.0,0.0,0.0,152
1,[],5,[],2019-04-26 09:36:59,0.0,0,0,7465040,2019-04-26 09:36:59,btc,0.0,0.0,0,btc,0.0,0.0,0.0,153
,[],16,[],2019-01-11 15:38:59,0.0,0,0,6366141,2019-01-11 15:38:59,btc,0.0,0.0,,btc,0.0,0.0,0.0,155
0,[],23,[],2019-01-20 23:24:29,0.0,0,0,6476932,2019-01-20 23:24:29,,0.0,0.0,0,,0.0,0.0,0.0,156
0,[],22,[],2019-06-04 06:02:09,0.0,0,0,7734688,2019-06-04 06:02:09,,7.43375324,0.0,0,,5955762.942592593,0.0,0.0,156
1,[],22,[],2019-06-04 08:16:10,6996.0,0.00000001,0.0000000000007912220000000001,7735244,2019-06-04 08:16:10,BTC,1.7543039,0.0,0.00000001,BTC,57.0,0.0,6.996e-05,157
0,[],22,[],2019-05-21 23:40:32,0.0,0,0,7665049,2019-05-21 23:40:32,,50234.60468402,0.0,0,,54786159.03179465,0.0,0.0,158
,[],17,[],2018-11-20 22:56:10,0.0,0,0,4861976,2018-11-20 22:56:10,btc,1.1265625,0.0,,btc,1000.0,0.0,0.0,159
,[],20,[],2018-11-20 22:56:12,0.0,0,0,4861977,2018-11-20 22:56:12,btc,11912.7940471,0.0,,btc,34413894.3617,0.0,0.0,159
1,[],12,[],2019-05-24 02:51:20,9178.522006449999,0.00000191999999999999982841307998027158276954651228152215480804443359375,0.000000000151222656,7676256,2019-05-24 02:51:20,btc,149.80414728631675,0.0,0.00000191999999999999982841307998027158276954651228152215480804443359375,btc,1115.7451448499999,0.01783167678326,0.0120075778999181,168
1,[],17,[],2019-05-03 01:13:36,42852.0,0.00000002,0.000000000001096006,7559132,2019-05-03 01:13:36,btc,0.04279856251542,0.0,0.00000002,btc,274.46171372,0.0,0.00052852,168
1,[],22,[],2019-05-17 03:01:52,10.0,0.00000001,0.000000000000778341,7642059,2019-05-17 03:01:52,BTC,41.95893009,0.0,0.00000001,BTC,1753972.7737547632,0.0,1e-07,169
1,[],22,[],2019-05-30 08:38:18,202834.0,0.00000002,0.0000000000017416160000000001,7711049,2019-05-30 08:38:18,BTC,27.87002826,0.0,0.00000002,BTC,462189.5410507793,0.0,0.00211768,171
1,[],22,[],2019-05-29 08:05:18,349870.0,0.00000002,0.000000000001705894,7705265,2019-05-29 08:05:18,BTC,24.05907723,0.0,0.00000002,"BTC,LTC",1224285.4355616204,0.0,0.0039847,173
1,[],5,[],2019-06-04 08:16:12,0.0,0,0,7735245,2019-06-04 08:16:12,btc,0.0,0.05081697,0,btc,0.0,0.0,0.0,175
1,[],22,[],2019-06-04 08:16:17,90671.0,0.00000001,0.0000000000007912220000000001,7735246,2019-06-04 08:16:17,BTC,394.35459412,0.0,0.00000001,BTC,136275.61833431243,0.0,0.00090671,176
0,[],2,[],2019-01-20 23:28:34,0.0,0,0,6477001,2019-01-20 23:28:34,,0.0,0.0,0,,0.0,0.0,0.0,178
1,[],7,[],2019-06-04 08:16:20,0.0,0,0,7735247,2019-06-04 08:16:20,btc,522272.518248941,10575.4245754,0,btc,21305676.84864055,0.00010575,0.0,178
0,[],22,[],2019-06-04 08:16:23,0.0,0,0,7735248,2019-06-04 08:16:23,,1.00242428,0.0,0,,57512.0,0.0,0.0,178
0,[],23,[],2019-01-20 23:25:08,0.0,0,0,6476952,2019-01-20 23:25:08,,0.0,0.0,0,,0.0,0.0,0.0,179
1,[],5,[],2019-06-04 08:16:25,0.0,0,0,7735249,2019-06-04 08:16:25,btc,0.0,0.03297728,0,btc,0.0,0.0,0.0,179
0,[],22,[],2019-06-04 08:16:27,0.0,0,0,7735250,2019-06-04 08:16:27,,5.3132485,0.0,0,,13258002.811946675,0.0,0.0,179
1,[],22,[],2019-06-04 08:18:31,679634.3579797487,0.00000106,0.000000000083869532,7735251,2019-06-04 08:18:31,BTC,39.19477211,0.0,0.00000106,"BTC,LTC",149055.51564143103,0.00333767,0.5789567,180
1,[],26,[],2019-06-04 08:18:31,0.0,0.00000010,0.00000000000791222,7735252,2019-06-04 08:18:31,btc,0.0,0.0,0.00000010,btc,0.0,0.0,0.0,180
1,[],17,[],2019-05-03 01:13:56,20504.725000000002,0.0000001,0.00000000000548003,7559141,2019-05-03 01:13:56,btc,5.2010695838400265,0.0,0.0000001,btc,5033.45945,0.0,0.0011504725,180
,[],7,[],2018-11-20 22:58:01,562227.975654,0.00000085,0.000000000036176765,4862015,2018-11-20 22:58:01,btc,21836.6059674,2491.87645172,,btc,749999.041456,0.00211021,0.127565380455,183
,[],5,[],2019-01-10 08:11:41,0.0,0,0,6347036,2019-01-10 08:11:41,btc,82.15055501,0.00261,,btc,1.19002445,0.0,0.0,187
,[],17,[],2018-11-16 20:58:10,4062536.27273,0.00000001,0.000000000000550501,4708775,2018-11-16 20:58:10,btc,3.36492563466,0.195460381006,,"btc,eth",110697919.549,0.0,0.0157628953496,187
1,[],24,[],2019-05-22 21:04:52,0.0,0.000000000014,0.0000000000000010960978,7670219,2019-05-22 21:04:52,btc,0.0,0.0,0.000000000014,btc,0.0,0.0,0.0,187
0,[],22,[],2019-04-25 02:54:07,0.0,0,0,7447896,2019-04-25 02:54:07,,7.54794454,0.0,0,,76361.7243344055,0.0,0.0,191
0,[],22,[],2019-06-04 08:18:36,0.0,0,0,7735253,2019-06-04 08:18:36,,0.0,0.0,0,,0.0,0.0,0.0,197
0,[],23,[],2019-01-20 23:31:41,0.0,0,0,6477079,2019-01-20 23:31:41,,0.0,0.0,0,,0.0,0.0,0.0,199
0,[],22,[],2019-06-04 08:18:39,0.0,0,0,7735254,2019-06-04 08:18:39,,10.80766794,0.0,0,,95910482.0,0.0,0.0,199
1,[],26,[],2019-06-04 08:18:39,0.0,0.00000000,0,7735255,2019-06-04 08:18:39,btc,0.0,0.0,0.00000000,btc,0.0,0.0,0.0,199
0,[],2,[],2019-01-20 23:30:49,0.0,0,0,6477059,2019-01-20 23:30:49,,0.0,0.0,0,,0.0,0.0,0.0,201
1,[],4,[],2019-01-25 15:51:35,2084389.58565343,0.00000936,0.000000000333526752,6499557,2019-01-25 15:51:35,btc,2.0092503037378524,0.0,0.00000936,btc,160195.80207885,0.19272417,1.242687955921835,211
1,[],7,[],2019-06-04 08:18:42,1170169393.7242348,0.00000018,0.000000000014241996000000001,7735256,2019-06-04 08:18:42,btc,15201830.695657087,0.0,0.00000018,btc,6663975.41610871,0.0,11.967950945464535,212
1,[],12,[],2019-01-25 02:44:32,207462.42853209,0.000001080000000000000035831255497387193287295303889550268650054931640625,0.000000000038610756000000006,6493050,2019-01-25 02:44:32,btc,85023.03793723314,0.0,0.000001080000000000000035831255497387193287295303889550268650054931640625,btc,43675.73520027,0.000146250909087,0.0348620860622024,213
1,[],5,[],2019-05-30 00:07:46,0.0,0,0,7709357,2019-05-30 00:07:46,btc,0.0,0.06425239,0,btc,0.0,0.0,0.0,213
1,[],24,[],2019-05-30 00:07:46,0.0,0.000000399202,0.0000000000344859829346,7709358,2019-05-30 00:07:46,btc,0.0,0.0,0.000000399202,btc,0.0,0.0,0.0,213
1,[],26,[],2019-05-30 00:07:47,0.0,0.00000040,0.000000000034554919999999996,7709359,2019-05-30 00:07:47,btc,0.0,0.0,0.00000040,btc,0.0,0.0,0.0,213
0,[],22,[],2019-06-04 08:18:44,0.0,0,0,7735257,2019-06-04 08:18:44,,9.61445386,0.0,0,,3661587.094064925,0.0,0.0,216
0.0000000001297417,[],27,[],2019-06-04 08:18:53,1000.0,1.2974170000000001e-18,1.0265448735740001e-22,7735258,2019-06-04 08:18:53,ltc,88.86551152917752,183.0,0.00000001,"btc,ltc",390976.407688,1.83e-06,1.297417e-15,216
1,[],22,[],2019-06-04 08:18:57,760123.0,0.00000027,0.000000000021362994,7735259,2019-06-04 08:18:57,BTC,12056.46793531,0.0,0.00000027,BTC,511062.0915525827,0.00353048,0.05644488,217
1,[],7,[],2019-06-04 08:19:00,0.0,0,0,7735260,2019-06-04 08:19:00,btc,1234864.1057470718,0.0,0,btc,164169253.13147992,0.0,0.0,219
0,[],27,[],2019-06-04 08:19:06,0.0,0,0,7735261,2019-06-04 08:19:06,,261.1953845967132,0.0,0,btc,9255255.74381025,0.0,0.0,219
0,[],28,[],2019-06-04 08:19:08,0.0,0,0,7735262,2019-06-04 08:19:08,,0.0,9413.0,0,,0.0,0.0,0.0,219
1,[],22,[],2019-05-23 16:41:05,172069.0,0.00000004,0.0000000000031167080000000004,7674065,2019-05-23 16:41:05,BTC,56.76466137,0.0,0.00000004,BTC,127061.6482738741,0.0,0.00393676,221
1,[],24,[],2019-05-23 16:41:05,0.0,0.000000010000,0.0000000000007791770000000001,7674066,2019-05-23 16:41:05,btc,0.0,0.0,0.000000010000,btc,0.0,0.0,0.0,221
1,[],20,[],2019-06-04 08:19:10,17891992.5746,0.000000002,0.0000000000001582444,7735263,2019-06-04 08:19:10,btc,100052.67463942897,485757.906,0.000000002,btc,45162297.8408,0.0009065290945,0.0229675171242,224
0,[],22,[],2019-06-04 08:19:13,0.0,0,0,7735264,2019-06-04 08:19:13,,0.0,0.0,0,,0.0,0.0,0.0,224
1,[],26,[],2019-06-04 08:19:13,0.0,0.00000025,0.000000000019780550000000003,7735265,2019-06-04 08:19:13,btc,0.0,0.0,0.00000025,btc,0.0,0.0,0.0,231
1,[],26,[],2019-06-04 08:19:13,0.0,0.00000006,0.000000000004747332,7735266,2019-06-04 08:19:13,btc,0.0,0.0,0.00000006,btc,0.0,0.0,0.0,234
0.0000000003108507,[],27,[],2019-06-04 08:19:21,100.0,3.108507e-18,2.459519125554e-22,7735267,2019-06-04 08:19:21,eth,1.14618497004,0.0,0.00000001,"btc,eth",11462.996,0.0,3.108507e-16,234
1,[],4,[],2019-05-22 17:06:12,91780.56053785,0.00000078,0.000000000061977552,7669277,2019-05-22 17:06:12,btc,5.573372450018177,0.0,0.00000078,btc,729173.93529783,0.0,0.0307060663355679,236
1,[],24,[],2019-05-22 17:06:12,0.0,0.000000010000,0.000000000000794584,7669278,2019-05-22 17:06:12,btc,0.0,0.0,0.000000010000,btc,0.0,0.0,0.0,236
1,[],5,[],2019-06-04 08:19:23,0.0,0,0,7735268,2019-06-04 08:19:23,btc,0.0,0.66400521,0,btc,0.0,0.0,0.0,237
1,[],20,[],2019-06-04 08:19:25,125260249.0408,0.000000047,0.0000000000037187434,7735269,2019-06-04 08:19:25,btc,8172523.009551874,9344820.9715,0.000000047,btc,45699077.4541,0.4001296397381,0.570678038454,237
1,[],22,[],2019-06-04 08:19:29,288100.0,0.00000003,0.000000000002373666,7735270,2019-06-04 08:19:29,BTC,1.20267422,0.0,0.00000003,"BTC,LTC",17930.94871794872,0.0,0.007541,237
1,[],4,[],2019-06-04 08:19:29,27679108.6507693,0.00000011,0.000000000008703442000000001,7735271,2019-06-04 08:19:29,btc,2.8220815531857015,0.0,0.00000011,btc,9952659.19847711,0.10187027,0.6001176960334215,238
1,[],5,[],2019-06-04 08:19:31,0.0,0,0,7735272,2019-06-04 08:19:31,btc,0.0,0.00961926,0,btc,0.0,0.0,0.0,238
0,[],22,[],2019-03-12 16:49:32,0.0,0,0,6914458,2019-03-12 16:49:32,,0.40415746,0.0,0,,526736.5639027493,0.0,0.0,249
0,[],22,[],2019-05-28 23:53:45,0.0,0,0,7703643,2019-05-28 23:53:45,,13.44714864,0.0,0,,43777534.3426455,0.0,0.0,252
0,[],28,[],2019-06-04 08:19:33,0.0,0,0,7735273,2019-06-04 08:19:33,,0.0,297755.555,0,,0.0,0.0,0.0,256
1,[],22,[],2019-06-04 08:19:36,850992.0,0.00000001,0.0000000000007912220000000001,7735274,2019-06-04 08:19:36,BTC,31464.5506333,0.0,0.00000001,BTC,584951.6675322719,0.00170968,0.00850992,258
1,[],22,[],2019-05-19 18:12:02,400.0,0.00000001,0.0000000000007957800000000001,7653905,2019-05-19 18:12:02,BTC,2.415167,0.0,0.00000001,BTC,157.0,0.0,4e-06,259
1,[],5,[],2019-06-04 08:19:37,0.0,0,0,7735275,2019-06-04 08:19:37,btc,0.0,0.04874278,0,btc,0.0,0.0,0.0,264
1,[],20,[],2019-06-04 08:19:39,960844.1859,0.000000181,0.000000000014321118200000001,7735276,2019-06-04 08:19:39,btc,0.9760774832195,0.0,0.000000181,btc,51736.5911,0.0,0.0085753634798,264
0,[],22,[],2019-04-12 17:57:27,0.0,0,0,7278186,2019-04-12 17:57:27,,66.37522201,0.0,0,,677842.4169881374,0.0,0.0,271
0,[],22,[],2019-05-29 08:10:20,0.0,0,0,7705301,2019-05-29 08:10:20,,33050470.74998113,0.0,0,,14361377780.7,0.0,0.0,272
0,[],28,[],2019-05-29 08:10:54,0.0,0,0,7705302,2019-05-29 08:10:54,,0.0,22189957216.5758,0,,0.0,0.0,0.0,272
1,[],22,[],2019-05-23 07:12:29,219930.0,0.00000004,0.000000000003048688,7671985,2019-05-23 07:12:29,BTC,426.77835217,0.0,0.00000004,BTC,248664.3325962929,0.0,0.00739728,281
1,[],22,[],2019-06-04 08:19:43,984894.85,0.00000004,0.0000000000031648880000000003,7735277,2019-06-04 08:19:43,BTC,31.67274282,0.0,0.00000004,"BTC,LTC",1554232.4569583754,0.00027036,0.04015843,286
0,[],22,[],2019-06-04 08:19:45,0.0,0,0,7735278,2019-06-04 08:19:45,,7337904.96568486,0.0,0,,2004620112.6797826,0.0,0.0,294
