pairValue,buyBook,exchangeId,sellBook,updated,buyTotal,satoshiPrice,usdPrice,exchangeLogId,created,bestPair,sellTotalBtc,volume,pairPrice,activePairs,sellTotal,volumeBtc,buyTotalBtc,coinId
1,[],3,[],2019-03-11 13:41:52,30539.91888268218,0.01250351000000000066536554044205331592820584774017333984375,0.000000483231903427,6903145,2019-03-11 13:41:52,btc,61.09640492598082,0.0,0.01250351000000000066536554044205331592820584774017333984375,btc,24.014378276465,0.0,0.244008510767578,1
1,[],4,[],2019-03-11 13:41:53,207738.30246006,0.01258939,0.0000004865509679030001,6903146,2019-03-11 13:41:53,btc,10.466238445388992,0.0,0.01258939,btc,364.32703394,0.86267366,0.9361853612628532,1
1,[],5,[],2019-03-11 13:41:56,0.0,0,0,6903147,2019-03-11 13:41:56,btc,0.0,0.03512254,0,btc,0.0,0.0,0.0,1
1,[],10,[],2019-03-11 13:41:59,413934.56348042,0.01054133,0.000000407398159441,6903148,2019-03-11 13:41:59,btc,6521.970575585848,822.48802111,0.01054133,btc,1079.07980442,0.0,5.145843787044022,1
1,[],12,[],2019-03-11 13:42:01,107.66451866,0.0125000000000000006938893903907228377647697925567626953125,0.00000048309625,6903149,2019-03-11 13:42:01,btc,0.2765867395926,0.0,0.0125000000000000006938893903907228377647697925567626953125,btc,20.724848520000002,0.2524212395425,0.36001131717,1
1,[],20,[],2019-03-11 13:42:04,1152.4445,0.01050023,0.000000405809738971,6903150,2019-03-11 13:42:04,btc,0.0551639868997,0.0234,0.01050023,btc,2.4565,0.0002924953786,0.0958526646407,1
1,[],21,[],2019-03-11 13:42:04,2445.48283454,0.01252407999999999993478994043,0.000000484026886616,6903151,2019-03-11 13:42:04,btc,26.619106424662696,2221.05499524,0.012524079999999999934789940425616805441677570343017578125,"btc,eth",2800.0719053,27.861913391011527,21.947815521127676,1
1,[],22,[],2019-03-11 13:42:09,0.0059712,0.01250000,0.00000048309625,6903152,2019-03-11 13:42:09,BTC,0.31439419,0.0,0.01250000,BTC,0.12751438772928525,0.0,7.464e-05,1
1,[],24,[],2019-03-11 13:42:09,0.0,0.000000000000,0,6903153,2019-03-11 13:42:09,btc,0.0,0.0,0.000000000000,btc,0.0,0.0,0.0,1
0.0,[],25,[],2019-03-11 13:42:10,0.0,0,0,6903154,2019-03-11 13:42:10,btc,18.96349999862147,957.07719415,0.0,btc,1476.71753074,12.0757,0.0,1
1,[],26,[],2019-03-11 13:42:20,0.0,0,0,6903155,2019-03-11 13:42:20,,0.0,0.0,0,,0.0,0.0,0.0,1
1,[],28,[],2019-03-11 13:42:26,992.9,0.01231000,0.00000047575318700000003,6903156,2019-03-11 13:42:26,btc,0.147901439075,17704.1549,0.01231000,btc,7.9421,0.0,0.086101096,1
0,[],2,[],2019-01-20 23:28:45,0.0,0,0,6477011,2019-01-20 23:28:45,,0.0,0.0,0,,0.0,0.0,0.0,1
1,[],5,[],2019-03-11 13:42:28,0.0,0,0,6903157,2019-03-11 13:42:28,btc,0.0,0.02230218,0,btc,0.0,0.0,0.0,2
0.0000000001241624,[],22,[],2019-03-11 13:42:31,1148.0,1.3657864000000002e-16,5.278450305128e-21,6903158,2019-03-11 13:42:31,XMR,21.01373823,0.0,0.00000110,XMR,14319.12581,0.0,0.00087635,2
1,[],5,[],2019-03-11 13:42:32,0.0,0,0,6903159,2019-03-11 13:42:32,btc,0.0,0.04829858,0,btc,0.0,0.0,0.0,3
1,[],12,[],2019-03-11 13:42:34,1962098.1162976,0.000000177,0.0000000000068406429,6903160,2019-03-11 13:42:34,btc,22810.314329351182,0.0,0.000000177,btc,1052147.38678422,0.03720658560146152,0.2856738612683776,3
0,[],28,[],2019-03-11 13:42:40,0.0,0,0,6903161,2019-03-11 13:42:40,,0.0,0.0,0,,0.0,0.0,0.0,3
0,[],2,[],2019-01-20 23:31:32,0.0,0,0,6477077,2019-01-20 23:31:32,,0.0,0.0,0,,0.0,0.0,0.0,4
1,[],4,[],2019-03-09 19:03:36,394362.28616607,0.00000032,0.000000000012569280000000001,6889097,2019-03-09 19:03:36,btc,32.15548375957025,0.0,0.00000032,btc,707361.31512647,0.00109114,0.0476374485302292,4
1,[],12,[],2019-03-11 13:42:41,445490.0,0.00000002,0.000000000000772954,6903162,2019-03-11 13:42:41,btc,1111742.15237967,0.0,0.00000002,btc,704819.0,0.00032634,0.00636954,5
0,[],2,[],2019-01-20 23:31:51,0.0,0,0,6477087,2019-01-20 23:31:51,,0.0,0.0,0,,0.0,0.0,0.0,6
1,[],11,[],2019-03-11 13:42:43,4682639.79472,0.00000002,0.000000000000772954,6903163,2019-03-11 13:42:43,btc,9568.149706241884,132928.0,0.00000002,btc,42583901.853213936,0.0,0.0605917392522,6
1,[],3,[],2019-03-11 13:42:44,1105.796805377558,0.000154759999999999988719301402539940681890584528446197509765625,0.000000005981118052,6903164,2019-03-11 13:42:44,btc,29.634085403952064,0.0,0.000154759999999999988719301402539940681890584528446197509765625,btc,239.122414578101,0.0,0.037171067445587826,7
1,[],4,[],2019-03-11 13:42:45,91969.43090632,0.00023596,0.000000009119311292000001,6903165,2019-03-11 13:42:45,btc,10.242711380490071,0.0,0.00023596,btc,34696.30319833,7.33191986,5.090745464250015,7
1,[],5,[],2019-03-11 13:42:46,0.0,0,0,6903166,2019-03-11 13:42:46,btc,0.0,0.8976768,0,btc,0.0,0.0,0.0,7
1,[],20,[],2019-02-20 02:16:17,39399275.8418,0.000000001,0.0000000000000390183,6728586,2019-02-20 02:16:17,btc,116.9737569154545,525.0,0.000000001,btc,56932965.8895,5.25e-07,0.0393992758418,8
0,[],2,[],2019-01-20 23:22:42,0.0,0,0,6476876,2019-01-20 23:22:42,,0.0,0.0,0,,0.0,0.0,0.0,9
0,[],23,[],2019-01-20 23:22:48,0.0,0,0,6476878,2019-01-20 23:22:48,,0.0,0.0,0,,0.0,0.0,0.0,9
1,[],4,[],2019-03-11 13:42:48,1145215.77290655,0.00000141,0.000000000054493257000000004,6903167,2019-03-11 13:42:48,btc,4.7360920666336,0.0,0.00000141,btc,2565557.91835876,1.26026514,0.8027954034107457,9
1,[],28,[],2019-03-11 13:42:57,37353.0,0.00000165,0.000000000063768705,6903168,2019-03-11 13:42:57,btc,2708.782203270583,3614389.14,0.00000165,btc,24261.1497,0.0,0.0328195,9
1,[],1,[],2019-02-17 23:31:42,1822507.21,0.00000181000000000000003456111265232042484285557293333113193511962890625,0.000000000066086901,6701244,2019-02-17 23:31:42,btc,3.6990969245,17153386.5,0.00000181000000000000003456111265232042484285557293333113193511962890625,btc,1997391.71,31.11772986,3.2610482446,9
1,[],4,[],2019-02-17 11:22:43,4341674.27126056,0.00000002,0.0000000000007272960000000001,6696112,2019-02-17 11:22:43,btc,0.1997230937751353,0.0,0.00000002,btc,4109766.79808031,0.00215132,0.0479381022052112,10
0,[],2,[],2019-01-20 23:23:08,0.0,0,0,6476890,2019-01-20 23:23:08,,0.0,0.0,0,,0.0,0.0,0.0,12
1,[],4,[],2019-03-11 13:42:58,5222568.94346882,0.00000117,0.000000000045217809,6903169,2019-03-11 13:42:58,btc,7.200073925278602,0.0,0.00000117,btc,4292308.49468574,1.51067416,2.658630003351994,12
1,[],5,[],2019-03-11 13:43:00,0.0,0,0,6903170,2019-03-11 13:43:00,btc,0.0,0.26269348,0,btc,0.0,0.0,0.0,12
0.0,[],25,[],2019-03-11 13:43:01,0.0,0,0,6903171,2019-03-11 13:43:01,,0.0,0.0,0.0,btc,0.0,0.0,0.0,12
1,[],4,[],2019-03-11 13:43:03,32024722.88994064,0.00000577,0.000000000222997229,6903172,2019-03-11 13:43:03,btc,2.4732543751116434,0.0,0.00000577,btc,340281.11215644,0.6571139,1.2481409036471736,13
1,[],21,[],2019-03-11 13:43:07,890404.57297584,0.000005769999999999999813011988120,0.000000000222997229,6903173,2019-03-11 13:43:07,btc,4.445459318471832,706209.86863263,0.0000057699999999999998130119881201149922844706452451646327972412109375,btc,689558.84601283,4.1696525,4.76810942229363,13
1,[],10,[],2019-03-11 12:43:56,413175.72401545,0.0000057,0.00000000021993335999999998,6902764,2019-03-11 12:43:56,btc,666801.3151589908,13081.3069037,0.0000057,btc,715984.61670008,0.0,0.2103604723243627,13
0,[],17,[],2019-03-11 12:29:00,0.0,0,0,6902581,2019-03-11 12:29:00,btc,0.0,0.0,0,btc,0.0,0.0,0.0,14
1,[],4,[],2019-03-11 13:43:08,734153.12688834,0.00000131,0.000000000050628487,6903174,2019-03-11 13:43:08,btc,6.052287331633242,0.0,0.00000131,btc,867314.40415746,0.00442693,0.1527158719119413,14
1,[],12,[],2019-03-11 13:43:09,267909.0,0.000001300000000000000047051663780439678674838432925753295421600341796875,0.00000000005024201,6903175,2019-03-11 13:43:09,btc,0.0536037619612361,0.0,0.000001300000000000000047051663780439678674838432925753295421600341796875,btc,8932.48329661,6e-06,0.029030129999999998,14
1,[],26,[],2019-03-11 13:43:20,0.0,0.00000050,0.00000000001932385,6903176,2019-03-11 13:43:20,btc,0.0,0.0,0.00000050,btc,0.0,0.0,0.0,14
0,[],4,[],2019-03-11 13:43:21,0.0,0,0,6903177,2019-03-11 13:43:21,,0.0,0.0,0,,0.0,0.0,0.0,15
,[],12,[],2018-12-01 15:15:48,204241.84496,0.00000489,0.000000000202473384,5260204,2018-12-01 15:15:48,btc,49.5475654835,0.0,,btc,35763.2193806,0.0163153972027625,0.0203389899998,15
0,[],2,[],2019-01-20 23:23:38,0.0,0,0,6476906,2019-01-20 23:23:38,,0.0,0.0,0,,0.0,0.0,0.0,18
1,[],4,[],2019-03-11 13:43:23,38051.05534706,0.00001719,0.000000000664353963,6903178,2019-03-11 13:43:23,btc,4.172640481864272,0.0,0.00001719,btc,17712.66225673,0.03367436,0.1719616149288321,18
1,[],10,[],2019-03-11 13:43:25,791827.56128883,0.00001711,0.000000000661262147,6903179,2019-03-11 13:43:25,btc,15.405210384486269,1644.30206656,0.00001711,btc,13208.95130746,0.0,0.2640608973039129,18
1,[],12,[],2019-03-11 13:43:26,317361.48344547,0.00001703000000000000127282732964584255341833340935409069061279296875,0.0000000006581703310000001,6903180,2019-03-11 13:43:26,btc,33214.72595092998,0.0,0.00001703000000000000127282732964584255341833340935409069061279296875,btc,757.48073379,0.0140818330665052,0.0400774795266629,18
0,[],17,[],2019-03-11 13:43:28,0.0,0,0,6903181,2019-03-11 13:43:28,btc,0.0,0.0,0,btc,0.0,0.0,0.0,18
0,[],2,[],2019-01-20 23:24:19,0.0,0,0,6476924,2019-01-20 23:24:19,,0.0,0.0,0,,0.0,0.0,0.0,19
1,[],3,[],2019-03-11 13:43:28,117199.19695877578,0.0000184100000000000016127203739113582514619338326156139373779296875,0.0000000007115041570000001,6903182,2019-03-11 13:43:28,btc,0.6681943584863845,0.0,0.0000184100000000000016127203739113582514619338326156139373779296875,btc,14584.167402274084,0.0,0.014345463898718377,19
1,[],4,[],2019-03-11 13:43:29,227534.10470032,0.00001998,0.0000000007721810460000001,6903183,2019-03-11 13:43:29,btc,2.8102656396193835,0.0,0.00001998,btc,88773.14542821,1.01420612,2.3147188269635164,19
1,[],5,[],2019-03-11 13:43:31,0.0,0,0,6903184,2019-03-11 13:43:31,btc,0.0,0.0,0,btc,0.0,0.0,0.0,19
1,[],12,[],2019-03-11 13:43:32,181449.97789451,0.00001667999999999999954166003679478791354995337314903736114501953125,0.000000000644643636,6903185,2019-03-11 13:43:32,btc,0.1795701325711418,0.0,0.00001667999999999999954166003679478791354995337314903736114501953125,btc,346.56600524,2.11788212e-05,0.030190739999977602,19
0,[],27,[],2019-03-11 13:43:34,0.0,0,0,6903186,2019-03-11 13:43:34,,0.0,0.0,0,btc,0.0,0.0,0.0,19
1,[],4,[],2019-03-11 13:43:35,2767634.31543344,0.00000012,0.000000000004637724,6903187,2019-03-11 13:43:35,btc,7.382784462698313,0.0,0.00000012,btc,2874741.63197908,0.00071823,0.0764887845231281,20
1,[],4,[],2019-03-11 13:43:36,103716191.22647026,0.00000002,0.000000000000772954,6903188,2019-03-11 13:43:36,btc,1863.635910482631,0.0,0.00000002,btc,54105421.3328267,0.00399204,1.1600642676500457,21
1,[],12,[],2019-03-11 13:43:37,1275286.0,0.00000001,0.000000000000386477,6903189,2019-03-11 13:43:37,btc,1247.520304688022,0.0,0.00000001,btc,2599110.9010989,0.0019984815184816,0.01275286,21
0,[],17,[],2019-03-11 13:43:39,0.0,0,0,6903190,2019-03-11 13:43:39,btc,0.0,0.0,0,btc,0.0,0.0,0.0,21
1,[],12,[],2019-03-11 13:43:41,2436397603.0,0.0000000001,0.00000000000000386477,6903191,2019-03-11 13:43:41,btc,1933667.3853973835,0.0,0.0000000001,btc,1681584289.2301588,0.002031398833866138,0.2436397603,23
0,[],27,[],2019-03-11 13:43:43,0.0,0,0,6903192,2019-03-11 13:43:43,,13.821146136593411,0.0,0,eth,4599354.35514486,0.0,0.0,23
1,[],4,[],2019-03-11 13:43:44,571336.22277595,0.00000044,0.000000000017004988,6903193,2019-03-11 13:43:44,btc,9.40342798269432,0.0,0.00000044,btc,1612605.40094244,0.00832676,0.1484845373870681,24
1,[],22,[],2019-03-11 13:43:47,11.76,0.00000100,0.0000000000386477,6903194,2019-03-11 13:43:47,BTC,7.415e-05,0.0,0.00000100,BTC,23.919354838709676,0.0,1.176e-05,24
0.0,[],25,[],2019-03-11 13:43:48,0.0,0,0,6903195,2019-03-11 13:43:48,,0.0,0.0,0.0,btc,0.0,0.0,0.0,24
1,[],4,[],2019-03-11 13:43:49,26575324.9932557,0.00000615,0.000000000237683355,6903196,2019-03-11 13:43:49,btc,135.6723322640831,0.0,0.00000615,btc,254455.83546031,0.19302608,0.4251225565476397,26
1,[],10,[],2019-03-11 13:43:52,686282.06895167,0.00000601,0.000000000232272677,6903197,2019-03-11 13:43:52,btc,26.127603419344755,4624.26832934,0.00000601,btc,14082.23878667,0.0,0.21475994437872,26
0,[],2,[],2019-01-20 23:25:56,0.0,0,0,6476976,2019-01-20 23:25:56,,0.0,0.0,0,,0.0,0.0,0.0,26
1,[],3,[],2019-03-11 13:43:52,8416712.19501412,0.00000001,0.000000000000386477,6903198,2019-03-11 13:43:52,btc,2.3360223320598656,793573.89088,0.00000001,btc,18140380.21010336,0.0,0.0841671219501412,27
1,[],5,[],2019-03-11 13:43:55,0.0,0,0,6903199,2019-03-11 13:43:55,btc,0.0,0.00021668,0,btc,0.0,0.0,0.0,27
1,[],11,[],2019-03-11 13:43:56,9461840.38103613,0.00000005,0.000000000001932385,6903200,2019-03-11 13:43:56,btc,67506.32843704063,170.63047893,0.00000005,btc,7972152.75036371,0.0,0.44099231334143857,27
1,[],4,[],2019-03-11 13:43:57,2230320562.151537,0.00000001,0.000000000000386477,6903201,2019-03-11 13:43:57,btc,3.893350102115598,0.0,0.00000001,"btc,ltc",247995529.92814705,0.78824239,10.596314938102323,29
1,[],7,[],2019-03-11 13:44:01,35581800.51580551,0.00000001,0.000000000000386477,6903202,2019-03-11 13:44:01,btc,44461616.56196363,118758.954964,0.00000001,btc,46658479.28416243,0.00237518,0.3558180051580551,29
0,[],17,[],2019-03-11 12:45:05,0.0,0,0,6902792,2019-03-11 12:45:05,btc,0.0,0.0,0,btc,0.0,0.0,0.0,30
1,[],4,[],2019-03-11 13:44:02,2405763.37606059,0.00000023,0.000000000008888971,6903203,2019-03-11 13:44:02,btc,2.667541339870621,0.0,0.00000023,btc,2009129.95730775,0.00125456,0.1154122918882835,30
1,[],4,[],2019-03-11 13:44:14,182030.01677624,0.00005580,0.00000000215654166,6903204,2019-03-11 13:44:14,btc,9.679877561803188,0.0,0.00005580,btc,120143.02719936,1.62317791,1.8469580872623934,31
1,[],21,[],2019-03-11 13:44:16,65017.67367564,0.00005492000000000000272401892709,0.0000000021225316840000003,6903205,2019-03-11 13:44:16,btc,4.783743727366037,217104.32365936,0.0000549200000000000027240189270916204122841008938848972320556640625,btc,75590.75615244,12.55138435,3.3132976132550036,31
0,[],2,[],2019-01-20 23:28:43,0.0,0,0,6477009,2019-01-20 23:28:43,,0.0,0.0,0,,0.0,0.0,0.0,32
1,[],4,[],2019-03-11 13:44:17,421412960.3910772,0.00000004,0.000000000001545908,6903206,2019-03-11 13:44:17,btc,9.30740195966559,0.0,0.00000004,"btc,ltc",181023165.16497123,0.31994816,9.996977965560788,33
1,[],12,[],2019-03-11 13:44:18,26228601.961,0.00000004,0.000000000001545908,6903207,2019-03-11 13:44:18,btc,2222950.175742309,0.0,0.00000004,btc,16018801.98501493,0.0055180286513485,0.6157561387999999,33
1,[],4,[],2019-03-11 13:44:19,112081863.43642524,0.00000001,0.000000000000386477,6903208,2019-03-11 13:44:19,btc,3.4592874063660726,0.0,0.00000001,btc,98357294.88757707,0.04740773,1.1208186343642523,34
1,[],5,[],2019-03-11 13:44:20,0.0,0,0,6903209,2019-03-11 13:44:20,btc,0.0,0.03362711,0,btc,0.0,0.0,0.0,34
0.0000000001423734,[],4,[],2019-03-11 13:44:21,3548479579.4690127,1.423734e-18,5.50240445118e-23,6903210,2019-03-11 13:44:21,ltc,4.474378011473305e-08,0.0,0.00000001,ltc,6077368747.775504,0.0,5.0520910255957355e-09,36
1,[],5,[],2019-03-11 13:44:24,0.0,0,0,6903211,2019-03-11 13:44:24,btc,0.0,2e-06,0,btc,0.0,0.0,0.0,36
0.0000000003428418,[],27,[],2019-03-11 13:44:37,1088163.16325,3.428418e-18,1.325004703386e-22,6903212,2019-03-11 13:44:37,eth,222.5593908357632,0.0,0.00000001,"ltc,eth",11165406.63658689,0.0,1.6777180438232385e-12,36
0,[],17,[],2019-03-11 12:54:07,0.0,0,0,6902992,2019-03-11 12:54:07,btc,0.0746458232965017,0.0,0,btc,4103573.70243647,0.0,0.0,36
1,[],4,[],2019-03-11 12:54:11,232587.7880976,0.00000058,0.000000000022310743999999998,6902994,2019-03-11 12:54:11,btc,19772.477254189358,0.0,0.00000058,btc,559220.76490681,0.01319445,0.0982100117977146,37
1,[],12,[],2019-03-11 12:54:12,363570.71757976,0.00000059,0.000000000022695411999999998,6902995,2019-03-11 12:54:12,btc,9.739357217842564,0.0,0.00000059,btc,298342.00248349,0.0325210645054976,0.0923312599999887,37
1,[],17,[],2019-03-11 12:54:14,1752.74075282,0.00000025,0.0000000000096167,6902996,2019-03-11 12:54:14,btc,0.05548492398476993,0.0,0.00000025,btc,1387.19918473,0.0,0.00043818518820499993,37
1,[],27,[],2019-03-11 12:54:16,14685.567,0.00000045,0.00000000001731006,6902997,2019-03-11 12:54:16,btc,24.25536383611233,0.0,0.00000045,btc,6518.38138508,0.0,0.00480032515,37
1,[],5,[],2019-03-11 13:44:39,0.0,0,0,6903213,2019-03-11 13:44:39,btc,0.0,0.11019702,0,btc,0.0,0.0,0.0,42
1,[],12,[],2019-03-11 13:44:40,258625.33698096,0.000001,0.0000000000386477,6903214,2019-03-11 13:44:40,btc,5.34264845586255,0.0,0.000001,btc,34621.72034191,0.0768017289114998,0.0226833759420083,42
0.0000000003428418,[],27,[],2019-03-11 13:44:43,2000.0,3.428418e-18,1.325004703386e-22,6903215,2019-03-11 13:44:43,eth,0.00315028,0.0,0.00000001,"btc,eth",11.007,0.0,6.8568359999999995e-15,42
1,[],5,[],2019-03-11 13:44:45,0.0,0,0,6903216,2019-03-11 13:44:45,btc,0.0,0.0,0,btc,0.0,0.0,0.0,43
1,[],12,[],2019-03-11 13:44:46,1721333.0,0.00000001,0.000000000000386477,6903217,2019-03-11 13:44:46,btc,25641.387704305165,0.0,0.00000001,btc,5153903.75824177,0.0001157242757242,0.01721333,43
0,[],17,[],2019-03-11 13:44:54,0.0,0,0,6903218,2019-03-11 13:44:54,btc,0.0,0.0,0,btc,0.0,0.0,0.0,43
1,[],12,[],2019-03-05 01:54:08,639326.02,0.00000004,0.000000000001486676,6845775,2019-03-05 01:54:08,btc,11116042.728239931,0.0,0.00000004,btc,1103841.4595604,0.0003330765234764,0.014975410599999999,44
1,[],4,[],2019-03-11 13:44:55,299874753.3195947,0.00000003,0.000000000001159431,6903219,2019-03-11 13:44:55,btc,473.726438014199,0.0,0.00000003,"btc,ltc",12411661.88625326,0.0375115,0.3064815874227259,49
0.0000000001423734,[],4,[],2019-03-11 13:44:56,577946415.8427517,1.423734e-18,5.50240445118e-23,6903220,2019-03-11 13:44:56,ltc,25.86629955547344,0.0,0.00000001,ltc,10684591006.473389,0.0,8.228419624134642e-10,52
0.0000000001241624,[],22,[],2019-03-11 13:45:00,80645562.0,1.241624e-18,4.7985911864800006e-23,6903221,2019-03-11 13:45:00,XMR,4368.67077283,0.0,0.00000001,XMR,279827473.5359664,1.97229489152e-13,0.80645562,57
0.0000000003428418,[],27,[],2019-03-11 13:45:03,2000.0,3.428418e-18,1.325004703386e-22,6903222,2019-03-11 13:45:03,eth,0.0,0.0,0.00000001,"btc,eth",0.0,0.0,6.8568359999999995e-15,57
0.0000000001423734,[],4,[],2019-03-11 13:45:04,482649089.30196166,2.847468e-18,1.100480890236e-22,6903223,2019-03-11 13:45:04,ltc,18.657416319518106,0.0,0.00000002,ltc,4766809919.700396,0.0,8.5133749519496e-10,58
1,[],12,[],2019-03-11 13:45:05,1229840737.0,0.0000000003,0.00000000000001159431,6903224,2019-03-11 13:45:05,btc,4023018.823959476,0.0,0.0000000003,btc,1681404884.3856144,0.08120464884145855,0.316673345,58
0,[],17,[],2019-03-11 13:45:07,0.0,0,0,6903225,2019-03-11 13:45:07,btc,1e+24,0.0,0,btc,49306342.21952568,0.0,0.0,58
0.0000000001241624,[],22,[],2019-03-11 13:45:11,137438.0,1.241624e-18,4.7985911864800006e-23,6903226,2019-03-11 13:45:11,XMR,69.8835922,0.0,0.00000001,XMR,9887963.0,0.0,0.00137438,58
1,[],5,[],2019-03-11 13:45:13,0.0,0,0,6903227,2019-03-11 13:45:13,btc,0.0,0.01448643,0,btc,0.0,0.0,0.0,61
1,[],22,[],2019-03-11 13:45:16,13757.0,0.00000012,0.000000000004637724,6903228,2019-03-11 13:45:16,BTC,1002.2960049,0.0,0.00000012,BTC,14976.68361146909,0.0,0.00154987,61
1,[],26,[],2019-03-11 13:45:16,0.0,0.00000800,0.0000000003091816,6903229,2019-03-11 13:45:16,btc,0.0,0.0,0.00000800,btc,0.0,0.0,0.0,61
1,[],27,[],2019-03-11 13:45:19,4411.22008,0.00000047,0.000000000018164419,6903230,2019-03-11 13:45:19,btc,2.8990263703141324,0.0,0.00000047,"btc,eth",19485.01257617,0.0,0.0012437599594837053,61
1,[],28,[],2019-03-11 13:45:25,13880.304,0.0000005,0.00000000001932385,6903231,2019-03-11 13:45:25,btc,2.056312978300105,695.0,0.0000005,btc,9730.59500005,0.0,0.00566391304,61
1,[],4,[],2019-03-11 13:45:26,1254797.64084142,0.00000210,0.00000000008116017,6903232,2019-03-11 13:45:26,btc,9.166492485443502,0.0,0.00000210,btc,782009.1335762,0.08575609,0.9139113047770138,67
0.0,[],25,[],2019-03-11 13:45:28,0.0,0,0,6903233,2019-03-11 13:45:28,,0.0,0.0,0.0,btc,0.0,0.0,0.0,67
1,[],12,[],2019-03-11 13:45:29,1681064.25276252,0.00000022,0.000000000008502494,6903234,2019-03-11 13:45:29,btc,1111115.056136526,0.0,0.00000022,btc,933862.24825482,0.0524326815059585,0.0500271465601354,71
,[],5,[],2018-11-20 23:02:39,1.5e-07,0.00000005,0.000000000002128045,4862160,2018-11-20 23:02:39,btc,2.84511358,0.0,,btc,0.00036572,0.0,0.07381892,74
1,[],5,[],2019-03-11 13:45:31,0.0,0,0,6903235,2019-03-11 13:45:31,btc,0.0,0.0,0,btc,0.0,0.0,0.0,75
0,[],20,[],2019-01-25 09:30:31,0.0,0,0,6495923,2019-01-25 09:30:31,btc,0.0,0.0,0,btc,0.0,0.0,0.0,81
1,[],4,[],2019-03-11 13:45:33,13132756.89824166,0.00000001,0.000000000000386477,6903236,2019-03-11 13:45:33,btc,11388.985544584346,0.0,0.00000001,btc,40019471.49932191,0.0,0.1313275689824166,81
1,[],21,[],2019-03-11 12:46:32,755349.47360221,0.00007449999999999999482878931811,0.0000000028745676,6902830,2019-03-11 12:46:32,btc,3.5386149712245905,7518.80944499,0.00007449999999999999482878931811313805155805312097072601318359375,btc,42303.02668237,0.56031491,2.173827657856421,82
1,[],4,[],2019-03-11 13:45:34,23501.20406786,0.00007792,0.000000003011428784,6903237,2019-03-11 13:45:34,btc,18.1325402001329,0.0,0.00007792,btc,12457.19254724,0.0220495,0.0679311294509796,82
0,[],17,[],2019-03-11 12:46:43,0.0,0,0,6902831,2019-03-11 12:46:43,btc,0.0447233088476774,0.0,0,btc,999127.19588126,0.0,0.0,84
0.0000000001423734,[],4,[],2019-03-11 13:47:37,186985985.4624698,4.271202e-18,1.650721335354e-22,6903238,2019-03-11 13:47:37,ltc,1.6821304489911104,0.0,0.00000003,ltc,390460909.91110265,0.0,4.3025630400869864e-10,85
,[],22,[],2018-11-20 23:09:34,3408.1,0.0000001,0.0000000000041895,4862324,2018-11-20 23:09:34,BTC,0.04624735,0.0,,BTC,4990.0,0.0,0.00033081,86
1,[],22,[],2019-03-11 13:47:41,131206.83333333334,0.00000006,0.000000000002318862,6903239,2019-03-11 13:47:41,BTC,2.07833135,0.0,0.00000006,BTC,169425.94736842104,0.00016092,0.00241241,87
1,[],27,[],2019-03-11 13:47:43,0.0713556,0.00057000,0.000000022029189,6903240,2019-03-11 13:47:43,btc,0.5344570567588,0.0822121,0.00057000,btc,906.9086279,4.703e-05,4.0672692e-05,87
,[],2,[],2018-11-20 23:10:47,0.0,0,0,4862359,2018-11-20 23:10:47,,0.0,0.0,,,0.0,0.0,0.0,88
1,[],11,[],2019-03-11 13:47:45,94936.80235646,0.00014799999999999999245568760297686594640254043042659759521484375,0.0000000057198596,6903241,2019-03-11 13:47:45,btc,611.6788322441007,3188.15439886,0.00014799999999999999245568760297686594640254043042659759521484375,btc,98784.98760101,0.0,6.557319358766378,89
0,[],2,[],2019-01-20 23:31:45,0.0,0,0,6477083,2019-01-20 23:31:45,,0.0,0.0,0,,0.0,0.0,0.0,91
1,[],12,[],2019-03-11 13:47:46,297911.41406936,0.000001,0.0000000000386477,6903242,2019-03-11 13:47:46,btc,61.09680287643045,0.0,0.000001,btc,118870.25791406,0.0009395830921569,0.0709125598999754,91
0,[],17,[],2019-03-11 13:47:48,0.0,0,0,6903243,2019-03-11 13:47:48,btc,0.0,0.0,0,btc,0.0,0.0,0.0,91
1,[],22,[],2019-03-11 13:47:52,65900.0,0.00000001,0.000000000000386477,6903244,2019-03-11 13:47:52,BTC,3e-06,0.0,0.00000001,BTC,1.0,0.0,0.000659,91
0,[],22,[],2019-03-11 13:47:55,0.0,0,0,6903245,2019-03-11 13:47:55,,7.50307462,0.0,0,,70597140.95714286,0.0,0.0,95
0.0000000001423734,[],4,[],2019-03-11 13:47:57,634365213.0316336,7.4034168e-17,2.8612503146136e-21,6903246,2019-03-11 13:47:57,ltc,11.893811336600816,0.0,0.00000052,ltc,136208283.56165135,0.0,1.5954266718039444e-09,96
0,[],12,[],2019-03-11 13:47:58,0.0,0,0,6903247,2019-03-11 13:47:58,btc,10.19076946004995,0.0,0,btc,3076363.004995,4.995005e-08,0.0,96
0,[],17,[],2019-03-11 13:48:10,0.0,0,0,6903248,2019-03-11 13:48:10,btc,0.0,0.0,0,btc,0.0,0.0,0.0,96
1,[],4,[],2019-03-11 13:48:11,2364855.56503515,0.00000023,0.000000000008888971,6903249,2019-03-11 13:48:11,btc,2.482816713138785,0.0,0.00000023,btc,2571964.46793494,0.03024109,0.2927115592385788,99
0,[],2,[],2019-01-20 23:23:55,0.0,0,0,6476914,2019-01-20 23:23:55,,0.0,0.0,0,,0.0,0.0,0.0,100
1,[],4,[],2019-03-11 13:48:12,274696.96776081,0.00003643,0.000000001407935711,6903250,2019-03-11 13:48:12,btc,11.789281707247193,0.0,0.00003643,btc,174243.52080206,1.22354897,1.2059496631651456,100
1,[],22,[],2019-03-11 13:48:16,50000.0,0.00000001,0.000000000000386477,6903251,2019-03-11 13:48:16,BTC,23.49896609,0.0,0.00000001,BTC,10277.22,0.0,0.0005,101
1,[],4,[],2019-03-11 13:48:17,471170.14232959,0.00000097,0.000000000037488269,6903252,2019-03-11 13:48:17,btc,308.0857796921096,0.0,0.00000097,btc,499597.06979363,0.02044318,0.2395909565464204,103
1,[],12,[],2019-03-11 13:48:19,24736105.43617995,0.000000009,0.0000000000003478293,6903253,2019-03-11 13:48:19,btc,3859732.678878178,0.0,0.000000009,btc,71922899.11492798,0.0150461636378589,0.07287312498781912,105
1,[],27,[],2019-03-11 13:48:21,223920.39,0.00000001,0.000000000000386477,6903254,2019-03-11 13:48:21,btc,36.60591030491341,0.0,0.00000001,btc,1301440.23571724,0.0,0.0022392039,105
1,[],22,[],2019-03-11 13:48:24,9328.0,0.00000001,0.000000000000386477,6903255,2019-03-11 13:48:24,BTC,51.10837004,0.0,0.00000001,BTC,470435.0,0.0,9.328e-05,107
1,[],26,[],2019-03-11 13:48:24,0.0,0.00000000,0,6903256,2019-03-11 13:48:24,btc,0.0,0.0,0.00000000,btc,0.0,0.0,0.0,107
1,[],5,[],2019-03-11 13:48:28,0.0,0,0,6903257,2019-03-11 13:48:28,btc,0.0,0.00072345,0,btc,0.0,0.0,0.0,112
1,[],22,[],2019-03-11 13:48:31,1966.0,0.00000001,0.000000000000386477,6903258,2019-03-11 13:48:31,BTC,2.7975128,0.0,0.00000001,BTC,826524.0833333334,0.0,1.966e-05,112
0.0000000003428418,[],27,[],2019-03-11 13:48:35,2000.0,3.428418e-18,1.325004703386e-22,6903259,2019-03-11 13:48:35,eth,1.24996908,0.0,0.00000001,"btc,eth",1289.0,0.0,6.8568359999999995e-15,112
1,[],4,[],2019-03-11 13:48:36,1300004.94514727,0.00000186,0.000000000071884722,6903260,2019-03-11 13:48:36,btc,5.864103468657708,0.0,0.00000186,btc,369071.55692755,0.0168569,0.9946308155883048,113
1,[],5,[],2019-03-11 13:48:37,0.0,0,0,6903261,2019-03-11 13:48:37,btc,0.0,0.0,0,btc,0.0,0.0,0.0,113
0,[],27,[],2019-03-11 11:17:51,0.0,0,0,6902090,2019-03-11 11:17:51,,0.0,0.0,0,btc,0.0,0.0,0.0,116
1,[],17,[],2019-03-11 10:38:41,152738.278,0.00000004,0.000000000001553496,6901890,2019-03-11 10:38:41,btc,1.3368030274755451,0.0,0.00000004,btc,51896.221,0.0,0.0022095311199999998,116
1,[],4,[],2019-03-11 13:48:38,94193.5356258,0.00002501,0.000000000966578977,6903262,2019-03-11 13:48:38,btc,29.570902204946105,0.0,0.00002501,btc,74864.47074233,2.16732992,1.2396835184154813,120
1,[],7,[],2019-03-11 13:48:45,21031.48637072,0.00002144000000000000140149176985904233561086584813892841339111328125,0.000000000828606688,6903263,2019-03-11 13:48:45,btc,115648.89480684382,0.0,0.00002144000000000000140149176985904233561086584813892841339111328125,btc,36709.119221220004,0.0,0.0545156316753487,120
1,[],20,[],2019-03-11 13:48:48,2940504.4805,0.000000034,0.0000000000013140218000000001,6903264,2019-03-11 13:48:48,btc,33.6158441131568,9774.05,0.000000034,btc,1013150.979,0.0003323177,0.0385005084376,125
1,[],22,[],2019-03-11 13:48:52,3053.0,0.00000001,0.000000000000386477,6903265,2019-03-11 13:48:52,BTC,0.01444887,0.0,0.00000001,BTC,296263.5111111111,0.0,3.053e-05,126
0,[],17,[],2019-03-11 12:58:32,0.0,0,0,6903049,2019-03-11 12:58:32,btc,0.0009561751951600001,0.0,0,btc,35.42829368,0.0,0.0,131
0,[],2,[],2019-01-20 23:25:46,0.0,0,0,6476969,2019-01-20 23:25:46,,0.0,0.0,0,,0.0,0.0,0.0,131
1,[],4,[],2019-03-11 13:48:53,137818.21073248,0.00001303,0.0000000005035795310000001,6903266,2019-03-11 13:48:53,btc,3.7150225591650083,0.0,0.00001303,btc,123858.47199581,0.20103903,0.5476290106769004,131
1,[],4,[],2019-03-11 13:49:05,4564.4199509,0.00016000,0.000000006183632,6903267,2019-03-11 13:49:05,btc,1.6189455386169562,0.0,0.00016000,btc,238.25503526,0.00016082,0.0094232511352171,135
1,[],3,[],2019-03-07 00:20:44,877702.73244099,0.00000004,0.00000000000154846,6863392,2019-03-07 00:20:44,btc,0.119366241821405,0.0,0.00000004,btc,760637.99421222,0.0,0.023771231960604298,136
1,[],4,[],2019-03-11 13:49:06,250852.44455083,0.00000150,0.000000000057971550000000004,6903268,2019-03-11 13:49:06,btc,38.595926819431654,0.0,0.00000150,btc,528308.7738194,0.03761379,0.0285709788258188,137
1,[],12,[],2019-03-11 13:49:07,128909.9090909,0.000001410000000000000052661867921965921368609997443854808807373046875,0.000000000054493257000000004,6903269,2019-03-11 13:49:07,btc,5.0448092826607995,0.0,0.000001410000000000000052661867921965921368609997443854808807373046875,btc,4390.15830328,0.0001061859141014,0.005447729999988,137
1,[],17,[],2019-03-11 12:58:37,22967.386363640002,0.00000088,0.000000000033850784,6903054,2019-03-11 12:58:37,btc,20.069913352674263,0.0,0.00000088,btc,2746.079105,0.0,0.0104613000000032,142
1,[],4,[],2019-03-11 13:49:09,10989.96622984,0.00003156,0.000000001219721412,6903270,2019-03-11 13:49:09,btc,28.82300770387584,0.0,0.00003156,btc,52726.97955907,0.13780087,0.2297370438208917,142
1,[],5,[],2019-03-11 13:49:11,0.0,0,0,6903271,2019-03-11 13:49:11,btc,0.0,0.07435743,0,btc,0.0,0.0,0.0,142
1,[],20,[],2019-03-11 13:49:23,139725.9848,0.000033,0.0000000012753741,6903272,2019-03-11 13:49:23,btc,0.3361564156272,67.0232,0.000033,btc,2245.1871,0.002212431156,0.3091672526797,142
1,[],22,[],2019-03-11 13:49:27,1470.8988921568628,0.00004000,0.000000001545908,6903273,2019-03-11 13:49:27,BTC,3.00385504,0.0,0.00004000,BTC,891.218,0.0,0.0012358,142
0.0,[],25,[],2019-03-11 13:49:28,0.0,0,0,6903274,2019-03-11 13:49:28,,0.0,0.0,0.0,btc,0.0,0.0,0.0,142
1,[],28,[],2019-03-11 13:49:35,76600.0,0.00002270,0.00000000087730279,6903275,2019-03-11 13:49:35,btc,0.067100461059305,863.0,0.00002270,btc,552.61077999,0.0,0.0154572,142
0,[],22,[],2019-03-11 13:49:37,0.0,0,0,6903276,2019-03-11 13:49:37,,65.83990167,0.0,0,,1043231670.8,0.0,0.0,143
0,[],22,[],2019-02-25 15:42:22,0.0,0,0,6783783,2019-02-25 15:42:22,,4.2131946,0.0,0,,2322156.0,0.0,0.0,146
,[],22,[],2018-11-20 23:01:11,0.0,0,0,4862114,2018-11-20 23:01:11,,2.56807021,0.0,,,61828.4988236,0.0,0.0,147
1,[],12,[],2019-03-11 13:49:38,278205.00801027,0.0000020300000000000000457815209353729102303987019695341587066650390625,0.000000000078454831,6903277,2019-03-11 13:49:38,btc,7.901232311585216,0.0,0.0000020300000000000000457815209353729102303987019695341587066650390625,btc,91397.32942272,0.0,0.0154228099999545,148
1,[],4,[],2019-03-11 13:49:39,248764.55576305,0.00000030,0.00000000001159431,6903278,2019-03-11 13:49:39,btc,219.9982185864021,0.0,0.00000030,btc,839448.52649005,0.00079798,0.0590022344256153,152
0,[],22,[],2019-03-11 13:49:42,0.0,0,0,6903279,2019-03-11 13:49:42,,0.0,0.0,0,,0.0,0.0,0.0,152
1,[],5,[],2019-03-11 13:49:44,0.0,0,0,6903280,2019-03-11 13:49:44,btc,0.0,1.368e-05,0,btc,0.0,0.0,0.0,153
,[],16,[],2019-01-11 15:38:59,0.0,0,0,6366141,2019-01-11 15:38:59,btc,0.0,0.0,,btc,0.0,0.0,0.0,155
0,[],23,[],2019-01-20 23:24:29,0.0,0,0,6476932,2019-01-20 23:24:29,,0.0,0.0,0,,0.0,0.0,0.0,156
0,[],22,[],2019-03-11 13:49:47,0.0,0,0,6903281,2019-03-11 13:49:47,,6.7463781,0.0,0,,4673397.242592593,0.0,0.0,156
1,[],22,[],2019-03-11 13:49:51,7073.8,0.00005300,0.0000000020483281,6903282,2019-03-11 13:49:51,BTC,1.79802465,0.0,0.00005300,BTC,802.6461988741639,0.0,0.00104336,157
0,[],22,[],2019-03-11 13:49:54,0.0,0,0,6903283,2019-03-11 13:49:54,,50175.67608608,0.0,0,,54079135.04179466,0.0,0.0,158
,[],17,[],2018-11-20 22:56:10,0.0,0,0,4861976,2018-11-20 22:56:10,btc,1.1265625,0.0,,btc,1000.0,0.0,0.0,159
,[],20,[],2018-11-20 22:56:12,0.0,0,0,4861977,2018-11-20 22:56:12,btc,11912.7940471,0.0,,btc,34413894.3617,0.0,0.0,159
1,[],17,[],2019-03-11 12:59:11,29784.95,0.000001,0.0000000000384668,6903067,2019-03-11 12:59:11,btc,0.03026736251542,0.0,0.000001,btc,144.46171372,0.0,0.00716147,168
1,[],12,[],2019-03-11 13:49:55,212441.4993646,0.00000723000000000000023398817605713162492975243367254734039306640625,0.000000000279422871,6903284,2019-03-11 13:49:55,btc,1.7076609381820889,0.0,0.00000723000000000000023398817605713162492975243367254734039306640625,btc,9948.50276886,0.0049166889718955,0.0996273260700542,168
0,[],22,[],2019-03-11 13:49:59,0.0,0,0,6903285,2019-03-11 13:49:59,,1.1339604,0.0,0,,520283.17470714403,0.0,0.0,169
1,[],22,[],2019-03-11 13:50:05,203317.33333333334,0.00000012,0.000000000004637724,6903286,2019-03-11 13:50:05,BTC,14.35014065,0.0,0.00000012,BTC,154316.84606176137,0.00057732,0.00233108,171
1,[],22,[],2019-03-11 13:50:10,883931.3333333334,0.00000011,0.000000000004251247,6903287,2019-03-11 13:50:10,BTC,2.1948546,0.0,0.00000011,"BTC,LTC",293539.9537563896,0.0081012,0.02624012,173
1,[],5,[],2019-03-05 01:59:40,0.0,0,0,6845846,2019-03-05 01:59:40,btc,0.0,0.00384852,0,btc,0.0,0.0,0.0,175
1,[],22,[],2019-03-11 13:50:13,35500.0,0.00000012,0.000000000004637724,6903288,2019-03-11 13:50:13,BTC,0.54559973,0.0,0.00000012,BTC,137776.41444619838,0.0,0.00206,176
0,[],2,[],2019-01-20 23:28:34,0.0,0,0,6477001,2019-01-20 23:28:34,,0.0,0.0,0,,0.0,0.0,0.0,178
1,[],7,[],2019-03-11 13:50:14,0.0,0,0,6903289,2019-03-11 13:50:14,btc,408082.77813733305,102742.257742,0,btc,115560988.86088651,0.00102742,0.0,178
0,[],22,[],2019-03-11 13:50:17,0.0,0,0,6903290,2019-03-11 13:50:17,,1.00242438,0.0,0,,57522.0,0.0,0.0,178
0,[],23,[],2019-01-20 23:25:08,0.0,0,0,6476952,2019-01-20 23:25:08,,0.0,0.0,0,,0.0,0.0,0.0,179
1,[],5,[],2019-03-11 13:50:19,0.0,0,0,6903291,2019-03-11 13:50:19,btc,0.0,0.02691941,0,btc,0.0,0.0,0.0,179
1,[],22,[],2019-03-11 13:50:55,6867106.0,0.00000002,0.000000000000772954,6903292,2019-03-11 13:50:55,BTC,5.65174896,0.0,0.00000002,"BTC,LTC",17774331.756535422,2.673e-05,0.37228284,179
1,[],17,[],2019-03-11 12:49:25,10504.725,0.0000001,0.00000000000385848,6902887,2019-03-11 12:49:25,btc,5.2010695838170005,0.0,0.0000001,btc,4994.45945,0.0,0.0010504725,180
1,[],22,[],2019-03-11 13:51:10,667528.1304392237,0.00000178,0.000000000068792906,6903293,2019-03-11 13:51:10,BTC,0.20952313,0.0,0.00000178,"BTC,LTC",59060.756131308655,0.00024667,0.57438131,180
1,[],26,[],2019-03-11 13:51:10,0.0,0.00000125,0.000000000048309625,6903294,2019-03-11 13:51:10,btc,0.0,100.0,0.00000125,btc,0.0,0.0,0.0,180
,[],7,[],2018-11-20 22:58:01,562227.975654,0.00000085,0.000000000036176765,4862015,2018-11-20 22:58:01,btc,21836.6059674,2491.87645172,,btc,749999.041456,0.00211021,0.127565380455,183
,[],5,[],2019-01-10 08:11:41,0.0,0,0,6347036,2019-01-10 08:11:41,btc,82.15055501,0.00261,,btc,1.19002445,0.0,0.0,187
,[],17,[],2018-11-16 20:58:10,4062536.27273,0.00000001,0.000000000000550501,4708775,2018-11-16 20:58:10,btc,3.36492563466,0.195460381006,,"btc,eth",110697919.549,0.0,0.0157628953496,187
1,[],24,[],2019-03-11 13:51:11,0.0,0.000000000001,3.86477e-17,6903295,2019-03-11 13:51:11,btc,0.0,0.0,0.000000000001,btc,0.0,0.0,0.0,187
0,[],22,[],2019-03-11 13:51:13,0.0,0,0,6903296,2019-03-11 13:51:13,,7.54797454,0.0,0,,79361.7243344055,0.0,0.0,191
0,[],22,[],2019-03-11 13:51:17,0.0,0,0,6903297,2019-03-11 13:51:17,,0.0,0.0,0,,0.0,0.0,0.0,197
0,[],22,[],2019-03-11 13:51:20,0.0,0,0,6903298,2019-03-11 13:51:20,,5.19076992,0.0,0,,21057923.0,0.0,0.0,199
1,[],26,[],2019-03-11 13:51:20,0.0,0.00000000,0,6903299,2019-03-11 13:51:20,btc,0.0,128138.0,0.00000000,btc,0.0,0.0,0.0,199
0,[],23,[],2019-01-20 23:31:41,0.0,0,0,6477079,2019-01-20 23:31:41,,0.0,0.0,0,,0.0,0.0,0.0,199
0,[],17,[],2019-01-30 16:32:01,0.0,0,0,6540827,2019-01-30 16:32:01,btc,6.802544163788159,0.0,0,btc,105897.55575295,0.0,0.0,200
0,[],2,[],2019-01-20 23:30:49,0.0,0,0,6477059,2019-01-20 23:30:49,,0.0,0.0,0,,0.0,0.0,0.0,201
1,[],4,[],2019-01-25 15:51:35,2084389.58565343,0.00000936,0.000000000333526752,6499557,2019-01-25 15:51:35,btc,2.0092503037378524,0.0,0.00000936,btc,160195.80207885,0.19272417,1.242687955921835,211
1,[],7,[],2019-03-11 13:51:23,5765585.46246885,0.00000099,0.000000000038261223,6903300,2019-03-11 13:51:23,btc,15476651.314330168,700266.455591,0.00000099,btc,11714529.71735563,0.0,2.380877952621939,212
1,[],5,[],2019-03-11 13:51:24,0.0,0,0,6903301,2019-03-11 13:51:24,btc,0.0,0.09649054,0,btc,0.0,0.0,0.0,213
1,[],24,[],2019-03-11 13:51:24,0.0,0.000000120000,0.000000000004637724,6903302,2019-03-11 13:51:24,btc,0.0,0.0,0.000000120000,btc,0.0,0.0,0.0,213
1,[],26,[],2019-03-11 13:51:25,0.0,0.00000010,0.00000000000386477,6903303,2019-03-11 13:51:25,btc,0.0,0.0,0.00000010,btc,0.0,0.0,0.0,213
1,[],12,[],2019-01-25 02:44:32,207462.42853209,0.000001080000000000000035831255497387193287295303889550268650054931640625,0.000000000038610756000000006,6493050,2019-01-25 02:44:32,btc,85023.03793723314,0.0,0.000001080000000000000035831255497387193287295303889550268650054931640625,btc,43675.73520027,0.000146250909087,0.0348620860622024,213
1,[],22,[],2019-03-11 13:51:28,74200.0,0.00000002,0.000000000000772954,6903304,2019-03-11 13:51:28,BTC,2.28075238,0.0,0.00000002,BTC,675986.3963726171,0.0,0.001234,216
1,[],27,[],2019-03-11 13:51:30,1298122.0,0.00000003,0.000000000001159431,6903305,2019-03-11 13:51:30,btc,317.9840526547724,0.0,0.00000003,"btc,ltc",240753.990324,0.0,0.03375764000025627,216
1,[],22,[],2019-03-11 13:51:41,162538.0,0.00000152,0.000000000058744504,6903306,2019-03-11 13:51:41,BTC,12673.58057853,0.0,0.00000152,BTC,424118.27690415666,0.06072707,0.16730864,217
1,[],7,[],2019-03-11 13:51:43,0.0,0,0,6903307,2019-03-11 13:51:43,btc,77971.81411323446,0.0,0,btc,135963412.7426053,0.0,0.0,219
0,[],27,[],2019-03-11 13:51:45,0.0,0,0,6903308,2019-03-11 13:51:45,,0.0404796,0.0,0,btc,2057905.0,0.0,0.0,219
0.0000000000000049,[],28,[],2019-03-11 13:51:52,168493275.591,8.575e-18,3.314040275e-22,6903309,2019-03-11 13:51:52,doge,85316.7430096655,66001.4,0.00175000,"btc,doge",3819435.54751,0.0,1.5676167099159628e-11,219
1,[],22,[],2019-03-11 13:51:55,438339.0,0.00000007,0.000000000002705339,6903310,2019-03-11 13:51:55,BTC,18.06824547,0.0,0.00000007,BTC,93234.24541875876,0.00101604,0.02057961,221
1,[],24,[],2019-03-11 13:51:55,0.0,0.000000200000,0.00000000000772954,6903311,2019-03-11 13:51:55,btc,0.0,0.0,0.000000200000,btc,0.0,0.0,0.0,221
1,[],20,[],2019-03-11 13:51:58,39105329.5253,0.000000001,0.0000000000000386477,6903312,2019-03-11 13:51:58,btc,48.4455562981303,504348.2013,0.000000001,btc,16449729.9079,0.0010086964026,0.0391053295253,224
0,[],22,[],2019-03-11 13:52:01,0.0,0,0,6903313,2019-03-11 13:52:01,,0.0,0.0,0,,0.0,0.0,0.0,224
1,[],26,[],2019-03-11 13:52:01,0.0,0.00000035,0.000000000013526695000000001,6903314,2019-03-11 13:52:01,btc,0.0,0.0,0.00000035,btc,0.0,0.0,0.0,231
1,[],26,[],2019-03-11 13:52:01,0.0,0.00000005,0.000000000001932385,6903315,2019-03-11 13:52:01,btc,0.0,100.0,0.00000005,btc,0.0,0.0,0.0,234
0.0000000003428418,[],27,[],2019-03-11 13:52:03,2000.0,3.428418e-18,1.325004703386e-22,6903316,2019-03-11 13:52:03,eth,0.01134836604,0.0,0.00000001,"btc,eth",11462.996,0.0,6.8568359999999995e-15,234
1,[],4,[],2019-03-11 13:52:04,762274.2759857,0.00000073,0.000000000028212821000000002,6903317,2019-03-11 13:52:04,btc,4.400188412768976,0.0,0.00000073,btc,1241761.10944524,0.06485369,0.1857778782591603,236
1,[],24,[],2019-03-11 13:52:05,0.0,0.000000500000,0.00000000001932385,6903318,2019-03-11 13:52:05,btc,0.0,0.0,0.000000500000,btc,0.0,0.0,0.0,236
1,[],20,[],2019-03-11 13:52:07,199476761.2974,0.000000054,0.0000000000020869758,6903319,2019-03-11 13:52:07,btc,13.3985779248499,4064479.3227,0.000000054,btc,36903291.6327,0.2258786890272,0.3393853205383,237
0.0000000001423734,[],22,[],2019-03-11 13:52:25,751594.9,2.4203478e-17,9.354087567006e-22,6903320,2019-03-11 13:52:25,LTC,0.0405823,0.0,0.00000017,LTC,3164.0,0.0,0.12541949,237
1,[],4,[],2019-03-11 13:52:26,8074662.80067689,0.00000034,0.000000000013140218,6903321,2019-03-11 13:52:26,btc,7.4738484618556855,0.0,0.00000034,btc,10580895.20585546,0.45150356,1.9853484990127022,238
1,[],5,[],2019-03-11 13:52:28,0.0,0,0,6903322,2019-03-11 13:52:28,btc,0.0,0.03426138,0,btc,0.0,0.0,0.0,238
0,[],22,[],2019-03-11 13:52:30,0.0,0,0,6903323,2019-03-11 13:52:30,,0.40415746,0.0,0,,526736.5639027493,0.0,0.0,249
0.0000000001423734,[],22,[],2019-03-11 13:52:35,49087200.666666664,5.694936e-18,2.200961780472e-22,6903324,2019-03-11 13:52:35,LTC,0.91170414,0.0,0.00000004,LTC,18043577.253636364,0.0,1.18162413,252
1,[],28,[],2019-03-11 13:52:42,2281501.713,0.00000036,0.000000000013913172000000001,6903325,2019-03-11 13:52:42,btc,164793.8326271198,330420.016,0.00000036,btc,3352362.5553,0.0,0.38641034182,256
1,[],22,[],2019-03-11 13:52:46,1372107.2666666666,0.00000005,0.000000000001932385,6903326,2019-03-11 13:52:46,BTC,31.44561237,0.0,0.00000005,BTC,580198.0235644723,0.00017883,0.02041975,258
1,[],22,[],2019-03-11 13:52:49,47146.0,0.00000001,0.000000000000386477,6903327,2019-03-11 13:52:49,BTC,2.415167,0.0,0.00000001,BTC,157.0,0.0,0.00047146,259
1,[],5,[],2019-03-11 13:52:51,0.0,0,0,6903328,2019-03-11 13:52:51,btc,0.0,0.25204847,0,btc,0.0,0.0,0.0,264
1,[],20,[],2019-03-11 13:52:52,1297256.218,0.00000177,0.000000000068406429,6903329,2019-03-11 13:52:52,btc,7.4596773056366,138505.1328,0.00000177,btc,102546.939,0.2616661401546,0.0266816315782,264
0,[],22,[],2019-03-11 12:27:07,0.0,0,0,6902544,2019-03-11 12:27:07,,8.75660439,0.0,0,,474745.2241309945,0.0,0.0,271
0,[],22,[],2019-03-11 13:52:55,0.0,0,0,6903330,2019-03-11 13:52:55,,111821.59221834,0.0,0,,14047917297.692,0.0,0.0,272
0.0000000000000049,[],28,[],2019-03-11 13:53:01,232080356712.905,4.9489999999999995e-21,1.9126746729999999e-25,6903331,2019-03-11 13:53:01,doge,38481110.18413933,11679220266.072,0.00000101,doge,240846078612.4739,0.0,6.517307474465049e-10,272
1,[],22,[],2019-03-11 13:53:06,162640.74,0.0000007,0.000000000027053390000000002,6903332,2019-03-11 13:53:06,BTC,234.95461346,0.0,0.0000007,"BTC,LTC",42504.431119091925,0.01693934,0.05660022,281
1,[],22,[],2019-03-11 13:53:10,864179.0,0.00000004,0.000000000001545908,6903333,2019-03-11 13:53:10,BTC,1.32330315,0.0,0.00000004,BTC,269909.06416207104,2.849e-05,0.02567133,286
0,[],22,[],2019-03-11 13:53:13,0.0,0,0,6903334,2019-03-11 13:53:13,,1044638.82491513,0.0,0,,702226356.0,0.0,0.0,294
