pairValue,buyBook,exchangeId,sellBook,updated,buyTotal,satoshiPrice,usdPrice,exchangeLogId,created,bestPair,sellTotalBtc,volume,pairPrice,activePairs,sellTotal,volumeBtc,buyTotalBtc,coinId
1,[],3,[],2019-05-06 21:56:32,30886.82023535661,0.0117174500000000007815526004151251981966197490692138671875,0.000000670438508395,7560016,2019-05-06 21:56:32,btc,3.8780588411845613,13.0030283774,0.0117174500000000007815526004151251981966197490692138671875,btc,27.329004805493,0.0,0.35035997425084775,1
1,[],4,[],2019-05-06 21:56:33,207735.78712575,0.01128051,0.000000645438068721,7560017,2019-05-06 21:56:33,btc,7.982698689419188,0.0,0.01128051,btc,437.6194369,2.53161659,0.5570662664124533,1
1,[],5,[],2019-05-06 21:56:35,0.0,0,0,7560018,2019-05-06 21:56:35,btc,0.0,0.01348944,0,btc,0.0,0.0,0.0,1
1,[],10,[],2019-05-06 21:56:37,185026.94364161,0.00999371,0.000000571811104441,7560019,2019-05-06 21:56:37,btc,6524.737203212272,1835.93457791,0.00999371,btc,1440.91398817,0.0,4.037880298199467,1
1,[],12,[],2019-05-06 21:56:40,74.99607986,0.01169000000000000073774319986341652111150324344635009765625,0.0000006688678990000001,7560020,2019-05-06 21:56:40,btc,0.18940775578150001,0.0,0.01169000000000000073774319986341652111150324344635009765625,btc,12.95934513,0.2240789771203,0.3392010407323,1
1,[],20,[],2019-05-06 21:56:41,979.5728,0.01071033,0.000000612814022643,7560021,2019-05-06 21:56:41,btc,0.0781981129915,0.0113,0.01071033,btc,5.1551,0.0001383365685,0.1915439243582,1
1,[],21,[],2019-05-06 21:56:42,1945.45224893,0.01174014999999999954438667515,0.000000671737336565,7560022,2019-05-06 21:56:42,btc,10.54703850966222,6606.5162247,0.01174014999999999954438667515432825894095003604888916015625,"btc,eth",1124.20758398,13.328084211385626,14.055243751100532,1
0,[],22,[],2019-05-06 21:56:45,0.0,0,0,7560023,2019-05-06 21:56:45,,0.3163308,0.0,0,,0.2527518593615956,0.0,0.0,1
1,[],24,[],2019-05-06 21:56:46,0.0,0.000000000000,0,7560024,2019-05-06 21:56:46,btc,0.0,0.0,0.000000000000,btc,0.0,0.0,0.0,1
0.0,[],25,[],2019-05-06 21:56:47,0.0,0,0,7560025,2019-05-06 21:56:47,btc,49.024599997711704,342.34065688,0.0,btc,4084.09347232,3.7386,0.0,1
1,[],26,[],2019-05-06 21:56:48,0.0,0,0,7560026,2019-05-06 21:56:48,,0.0,0.0,0,,0.0,0.0,0.0,1
1,[],28,[],2019-05-06 21:56:50,987.9,0.01131000,0.000000647125401,7560027,2019-05-06 21:56:50,btc,0.160832048,209230.1,0.01131000,btc,8.7307,0.0,0.024551096,1
0,[],2,[],2019-01-20 23:28:45,0.0,0,0,6477011,2019-01-20 23:28:45,,0.0,0.0,0,,0.0,0.0,0.0,1
1,[],5,[],2019-05-06 21:56:51,0.0,0,0,7560028,2019-05-06 21:56:51,btc,0.0,0.00205556,0,btc,0.0,0.0,0.0,2
0,[],22,[],2019-05-06 21:56:54,0.0,0,0,7560029,2019-05-06 21:56:54,,0.0,0.0,0,,0.0,0.0,0.0,2
1,[],5,[],2019-05-06 19:44:48,0.0,0,0,7559190,2019-05-06 19:44:48,btc,0.0,0.05508542,0,btc,0.0,0.0,0.0,3
1,[],12,[],2019-05-06 19:44:49,2488506.99052411,0.000000162,0.0000000000093301308,7559191,2019-05-06 19:44:49,btc,11595.57542511786,0.0,0.000000162,btc,3998614.15260479,0.04543335480599864,0.2900411820956888,3
0,[],28,[],2019-05-06 19:44:51,0.0,0,0,7559192,2019-05-06 19:44:51,,0.0,0.0,0,,0.0,0.0,0.0,3
0,[],2,[],2019-01-20 23:31:32,0.0,0,0,6477077,2019-01-20 23:31:32,,0.0,0.0,0,,0.0,0.0,0.0,4
1,[],4,[],2019-04-26 19:14:12,610911.70993152,0.00000026,0.000000000013566046,7471614,2019-04-26 19:14:12,btc,31.457742656463164,0.0,0.00000026,btc,718733.71307795,0.00142695,0.0638464483338706,4
0,[],12,[],2019-04-25 23:08:22,0.0,0,0,7459310,2019-04-25 23:08:22,btc,1111851.94727753,0.0,0,btc,953412.0,0.0,0.0,5
1,[],11,[],2019-05-06 19:44:56,5106182.307535999,0.00000001,0.000000000000575934,7559193,2019-05-06 19:44:56,btc,9576.586791379495,257080.0,0.00000001,btc,47408677.75253575,0.0,0.05106182307536,6
0,[],2,[],2019-01-20 23:31:51,0.0,0,0,6477087,2019-01-20 23:31:51,,0.0,0.0,0,,0.0,0.0,0.0,6
1,[],3,[],2019-05-06 21:56:55,11076.4533852803,0.00019342000000000000143295098009588173226802609860897064208984375,0.000000011066931482000001,7560030,2019-05-06 21:56:55,btc,24.96121739199037,32.0018895808,0.00019342000000000000143295098009588173226802609860897064208984375,btc,309.781605034214,0.0,0.03172371516479883,7
1,[],4,[],2019-05-06 21:56:55,46106.51599573,0.00019255,0.000000011017152605,7560031,2019-05-06 21:56:55,btc,8.98027884233868,0.0,0.00019255,btc,38036.95165808,2.32523126,4.738429691446398,7
1,[],5,[],2019-05-06 21:56:57,0.0,0,0,7560032,2019-05-06 21:56:57,btc,0.0,0.36461868,0,btc,0.0,0.0,0.0,7
1,[],20,[],2019-04-07 22:06:50,3201475.0482,0.000000001,0.000000000000051590000000000004,7213932,2019-04-07 22:06:50,btc,30.8005781811902,0.0,0.000000001,btc,23077405.3926,0.0,0.0032014750482,8
0,[],2,[],2019-01-20 23:22:42,0.0,0,0,6476876,2019-01-20 23:22:42,,0.0,0.0,0,,0.0,0.0,0.0,9
0,[],23,[],2019-01-20 23:22:48,0.0,0,0,6476878,2019-01-20 23:22:48,,0.0,0.0,0,,0.0,0.0,0.0,9
1,[],4,[],2019-05-06 21:56:59,22769029.66344102,0.00000087,0.000000000049778877,7560033,2019-05-06 21:56:59,btc,4.983481318074298,0.0,0.00000087,btc,3710895.96142843,0.57441678,1.1440207535501778,9
1,[],28,[],2019-05-06 21:57:01,18055.0,0.00000021,0.000000000012015591,7560034,2019-05-06 21:57:01,btc,2708.774353000864,3571147.079,0.00000021,btc,24560.2792,0.0,0.00186155,9
1,[],1,[],2019-02-17 23:31:42,1822507.21,0.00000181000000000000003456111265232042484285557293333113193511962890625,0.000000000066086901,6701244,2019-02-17 23:31:42,btc,3.6990969245,17153386.5,0.00000181000000000000003456111265232042484285557293333113193511962890625,btc,1997391.71,31.11772986,3.2610482446,9
1,[],4,[],2019-02-17 11:22:43,4341674.27126056,0.00000002,0.0000000000007272960000000001,6696112,2019-02-17 11:22:43,btc,0.1997230937751353,0.0,0.00000002,btc,4109766.79808031,0.00215132,0.0479381022052112,10
0,[],2,[],2019-01-20 23:23:08,0.0,0,0,6476890,2019-01-20 23:23:08,,0.0,0.0,0,,0.0,0.0,0.0,12
1,[],4,[],2019-05-06 21:57:02,3153904.05057032,0.00000108,0.00000000006179446800000001,7560035,2019-05-06 21:57:02,btc,8.689194486022567,0.0,0.00000108,btc,6154513.73038355,1.42522278,0.79646470929873,12
1,[],5,[],2019-05-06 21:57:04,0.0,0,0,7560036,2019-05-06 21:57:04,btc,0.0,0.12084374,0,btc,0.0,0.0,0.0,12
0.0,[],25,[],2019-05-06 21:57:06,0.0,0,0,7560037,2019-05-06 21:57:06,,0.0,0.0,0.0,btc,0.0,0.0,0.0,12
1,[],10,[],2019-05-06 19:46:05,449587.12640176,0.0000065,0.0000000003743571,7559203,2019-05-06 19:46:05,btc,666793.5630624986,4651.28949625,0.0000065,btc,740304.09771609,0.0,0.3666934779676447,13
1,[],4,[],2019-05-06 21:57:07,32027363.19496057,0.00000672,0.000000000384498912,7560038,2019-05-06 21:57:07,btc,3.0491397068351,0.0,0.00000672,btc,336117.57275127,0.59528526,1.0720319555891995,13
1,[],21,[],2019-05-06 21:57:10,1321556.35302318,0.000006980000000000000086482470490,0.000000000399375358,7560039,2019-05-06 21:57:10,btc,9.792705102712153,827933.54628115,0.0000069800000000000000864824704904787466830384801141917705535888671875,btc,1246709.77735649,5.71068571,7.42128438576387,13
1,[],4,[],2019-05-06 21:57:12,1119803.51543409,0.00000087,0.000000000049778877,7560040,2019-05-06 21:57:12,btc,5.5481112252725895,0.0,0.00000087,btc,1070964.96378665,0.03833991,0.2285871399976111,14
1,[],12,[],2019-05-06 21:57:13,255001.64759018,0.00000083,0.000000000047490193000000004,7560041,2019-05-06 21:57:13,btc,0.1179293327334497,0.0,0.00000083,btc,14488.85896596,0.000343,0.0285152399999826,14
1,[],26,[],2019-05-06 21:57:14,0.0,0.00000050,0.000000000028608550000000002,7560042,2019-05-06 21:57:14,btc,0.0,0.0,0.00000050,btc,0.0,0.0,0.0,14
0,[],17,[],2019-05-03 00:53:32,0.0,0,0,7558876,2019-05-03 00:53:32,btc,0.0,0.0,0,btc,0.0,0.0,0.0,14
0,[],4,[],2019-05-06 21:57:16,0.0,0,0,7560043,2019-05-06 21:57:16,,0.0,0.0,0,,0.0,0.0,0.0,15
,[],12,[],2018-12-01 15:15:48,204241.84496,0.00000489,0.000000000202473384,5260204,2018-12-01 15:15:48,btc,49.5475654835,0.0,,btc,35763.2193806,0.0163153972027625,0.0203389899998,15
0,[],2,[],2019-01-20 23:23:38,0.0,0,0,6476906,2019-01-20 23:23:38,,0.0,0.0,0,,0.0,0.0,0.0,18
1,[],4,[],2019-05-06 21:57:20,31937.44529971,0.00001287,0.000000000736384077,7560044,2019-05-06 21:57:20,btc,1.097656619907445,0.0,0.00001287,btc,13382.61692192,0.03184728,0.1230381123807094,18
1,[],10,[],2019-05-06 21:57:22,170384.48455949,0.00001373,0.0000000007855907830000001,7560045,2019-05-06 21:57:22,btc,15.885895719234384,3375.01235717,0.00001373,btc,33997.90682878,0.0,0.5308848444865564,18
1,[],12,[],2019-05-06 21:57:23,221282.2907264,0.000013010000000000000798289385983697030724215437658131122589111328125,0.0000000007443944710000001,7560046,2019-05-06 21:57:23,btc,33215.32015148191,0.0,0.000013010000000000000798289385983697030724215437658131122589111328125,btc,1228.2576162,0.0006160247733621,0.0171715970612352,18
0,[],17,[],2019-05-03 00:53:39,0.0,0,0,7558882,2019-05-03 00:53:39,btc,0.0,0.0,0,btc,0.0,0.0,0.0,18
1,[],3,[],2019-05-06 21:57:25,152910.86909308835,0.00001468999999999999995993656132231564015455660410225391387939453125,0.000000000840519199,7560047,2019-05-06 21:57:25,btc,0.27147764006336256,629.97645289,0.00001468999999999999995993656132231564015455660410225391387939453125,btc,6567.289687949193,0.0,0.04537017861878989,19
1,[],4,[],2019-05-06 21:57:26,394752.19357586,0.00001548,0.000000000885720708,7560048,2019-05-06 21:57:26,btc,3.8536961966806857,0.0,0.00001548,btc,127419.19235964,0.3191456,0.7802537712937109,19
1,[],5,[],2019-05-06 21:57:28,0.0,0,0,7560049,2019-05-06 21:57:28,btc,0.0,0.000338,0,btc,0.0,0.0,0.0,19
1,[],12,[],2019-05-06 21:57:29,187023.72212308,0.0000150899999999999995183193324255199740946409292519092559814453125,0.000000000863406039,7560050,2019-05-06 21:57:29,btc,0.2760979952501788,0.0,0.0000150899999999999995183193324255199740946409292519092559814453125,btc,2299.39413244,0.0018904977990781,0.0930798099990507,19
0,[],27,[],2019-05-06 21:57:35,0.0,0,0,7560051,2019-05-06 21:57:35,,0.0,0.0,0,btc,0.0,0.0,0.0,19
0,[],2,[],2019-01-20 23:24:19,0.0,0,0,6476924,2019-01-20 23:24:19,,0.0,0.0,0,,0.0,0.0,0.0,19
1,[],4,[],2019-05-06 21:57:35,1899995.47621121,0.00000011,0.0000000000062938810000000004,7560052,2019-05-06 21:57:35,btc,5.281490915425295,0.0,0.00000011,btc,2279170.28595418,0.0,0.0672365942980818,20
1,[],4,[],2019-05-06 21:57:36,75905499.32418358,0.00000001,0.000000000000572171,7560053,2019-05-06 21:57:36,btc,39343.101673885445,0.0,0.00000001,btc,52054678.81604999,0.50906812,0.7590549932418358,21
1,[],12,[],2019-05-06 21:57:38,3837007.0,0.00000001,0.000000000000572171,7560054,2019-05-06 21:57:38,btc,2895.660823185824,0.0,0.00000001,btc,7181972.54845151,0.0009434401498502,0.03837007,21
0,[],17,[],2019-05-03 00:53:51,0.0,0,0,7558891,2019-05-03 00:53:51,btc,0.0,0.0,0,btc,0.0,0.0,0.0,21
1,[],12,[],2019-05-06 19:46:43,8694286397.581,0.0000000005,0.0000000000000287967,7559220,2019-05-06 19:46:43,btc,311119402495.4664,0.0,0.0000000005,btc,2725552578.3616385,0.10269737175654343,1.9766079023105,23
0.0000000003028134,[],27,[],2019-05-06 19:46:51,874711.0,3.028134e-18,1.7440053271560001e-22,7559221,2019-05-06 19:46:51,eth,10109.309798020491,750000.0,0.00000001,eth,6049301.0684,2.2711005e-12,2.648742119274e-12,23
1,[],4,[],2019-05-06 21:57:39,855715.22358988,0.00000033,0.000000000018881643000000002,7560055,2019-05-06 21:57:39,btc,13.964800802973437,0.0,0.00000033,btc,2183961.20692416,0.01098431,0.0999423369413955,24
1,[],22,[],2019-05-06 21:57:42,1021.76,0.00000100,0.000000000057217100000000003,7560056,2019-05-06 21:57:42,BTC,7.415e-05,0.0,0.00000100,BTC,23.919354838709676,0.0,0.00011186,24
0.0,[],25,[],2019-05-06 21:57:44,0.0,0,0,7560057,2019-05-06 21:57:44,,0.0,0.0,0.0,btc,0.0,0.0,0.0,24
1,[],4,[],2019-05-06 21:57:45,26960917.13746218,0.00000553,0.000000000316410563,7560058,2019-05-06 21:57:45,btc,11.576804479880664,0.0,0.00000553,btc,306328.84585264,0.07059435,0.5701423774934847,26
1,[],10,[],2019-05-06 21:57:47,117697.3408343,0.00000852,0.000000000487489692,7560059,2019-05-06 21:57:47,btc,25.49562013697616,3540.00011711,0.00000852,btc,19794.74951902,0.0,0.068876996216285,26
0,[],2,[],2019-01-20 23:25:56,0.0,0,0,6476976,2019-01-20 23:25:56,,0.0,0.0,0,,0.0,0.0,0.0,26
1,[],11,[],2019-04-30 04:16:17,7094566.83690364,0.00000006,0.000000000003115554,7518027,2019-04-30 04:16:17,btc,67504.138725751,6116.07566417,0.00000006,btc,6591680.7351637,0.0,0.38529422037817224,27
1,[],5,[],2019-04-26 09:47:06,0.0,0,0,7465326,2019-04-26 09:47:06,btc,0.0,0.0,0,btc,0.0,0.0,0.0,27
1,[],3,[],2019-04-28 02:38:55,141621.60361514,0.00000001,0.0000000000005253330000000001,7491060,2019-04-28 02:38:55,btc,2.501704004580372,921815.184511,0.00000001,btc,21091882.2176418,0.0,0.0014162160361513999,27
1,[],4,[],2019-05-06 21:57:49,1396291457.4875255,0.00000001,0.000000000000572171,7560060,2019-05-06 21:57:49,btc,4.854887339892755,0.0,0.00000001,"btc,ltc",274457619.99509025,0.21302387,8.331772997949544,29
1,[],7,[],2019-05-06 21:57:50,114316308.2578791,0.00000002,0.000000000001144342,7560061,2019-05-06 21:57:50,btc,46550610.4636231,521850.658954,0.00000002,btc,31536295.94660649,0.01044051,1.275252141355271,29
1,[],4,[],2019-05-06 21:57:51,1405326.15198849,0.00000014,0.000000000008010394,7560062,2019-05-06 21:57:51,btc,2.438717526271398,0.0,0.00000014,btc,1770588.03618094,0.03592405,0.0434631248008584,30
0,[],17,[],2019-05-03 01:11:25,0.0,0,0,7559066,2019-05-03 01:11:25,btc,0.0,0.0,0,btc,0.0,0.0,0.0,30
1,[],4,[],2019-05-06 21:57:53,205871.33083496,0.00006687,0.000000003826107477,7560063,2019-05-06 21:57:53,btc,6.411586110815804,0.0,0.00006687,btc,59909.00408906,1.10494671,1.6283007557799924,31
1,[],21,[],2019-05-06 21:57:54,36239.93319946,0.00006729999999999999600163586022,0.00000000385071083,7560064,2019-05-06 21:57:54,btc,5.178532744550756,257969.23910751,0.000067299999999999996001635860221057328089955262839794158935546875,btc,73233.72727458,17.9344927,2.2907110563386377,31
0,[],2,[],2019-01-20 23:28:43,0.0,0,0,6477009,2019-01-20 23:28:43,,0.0,0.0,0,,0.0,0.0,0.0,32
0,[],4,[],2019-05-06 21:57:55,0.0,0,0,7560065,2019-05-06 21:57:55,,0.0,0.0,0,,0.0,0.0,0.0,33
1,[],12,[],2019-03-30 07:55:10,40641173.964,0.00000003,0.000000000001228359,7108785,2019-03-30 07:55:10,btc,4233210.82356125,0.0,0.00000003,btc,28378394.68333462,0.0126927883965248,0.90752895892,33
0,[],4,[],2019-05-06 21:57:57,0.0,0,0,7560066,2019-05-06 21:57:57,,3.7350422406351793,0.0,0,,150452895.5827881,0.01411218,0.0,34
1,[],5,[],2019-05-06 21:57:58,0.0,0,0,7560067,2019-05-06 21:57:58,btc,0.0,0.02882013,0,btc,0.0,0.0,0.0,34
0.000000000133684,[],4,[],2019-05-02 18:17:45,3384239970.6360936,1.3368400000000002e-18,7.293946092400001e-23,7556428,2019-05-02 18:17:45,ltc,5.381102735485169e-08,0.0,0.00000001,ltc,6862894551.7408495,0.0,4.524187362345155e-09,36
1,[],5,[],2019-05-02 18:17:46,0.0,0,0,7556429,2019-05-02 18:17:46,btc,0.0,0.0,0,btc,0.0,0.0,0.0,36
0.0000000002926451,[],17,[],2019-05-02 18:17:47,200000.0,2.9264510000000002e-18,1.596703856561e-22,7556430,2019-05-02 18:17:47,eth,0.20942468735267253,0.0,0.00000001,"btc,eth",1018272.20243647,0.0,5.852902e-13,36
0.000000000133684,[],27,[],2019-05-02 18:17:55,7883196.008,1.3368400000000002e-18,7.293946092400001e-23,7556431,2019-05-02 18:17:55,ltc,25567.4086131264,0.0,0.00000001,"ltc,eth",21753551.64,0.0,1.0538571751334722e-11,36
1,[],4,[],2019-05-06 21:57:59,246625.6664126,0.00000025,0.000000000014304275000000001,7560068,2019-05-06 21:57:59,btc,19772.67525578349,0.0,0.00000025,btc,832482.85080526,0.01599998,0.0297055574351343,37
1,[],12,[],2019-05-06 21:58:01,941445.55674757,0.00000024,0.000000000013732103999999999,7560069,2019-05-06 21:58:01,btc,19604.9640532844,0.0,0.00000024,btc,580328.84638778,0.0298580368326678,0.0937733099999933,37
1,[],27,[],2019-05-06 21:58:08,1600.0,0.00000015,0.000000000008582565,7560070,2019-05-06 21:58:08,btc,24.12824334291843,77.0,0.00000015,btc,5839.49448498,2.695e-05,3e-05,37
1,[],17,[],2019-05-03 01:11:36,211752.74075282,0.00000025,0.000000000013700074999999998,7559074,2019-05-03 01:11:36,btc,0.055484923955058496,0.0,0.00000025,"btc,eth",1387.19918473,0.0,0.0005381851887916605,37
1,[],5,[],2019-05-06 21:58:10,0.0,0,0,7560071,2019-05-06 21:58:10,btc,0.0,0.00151002,0,btc,0.0,0.0,0.0,42
1,[],12,[],2019-05-06 21:58:11,352408.82069644,0.0000009,0.00000000005149539,7560072,2019-05-06 21:58:11,btc,51.18323278625677,0.0,0.0000009,btc,31030.77527093,0.008972751069978,0.0554332989999577,42
1,[],27,[],2019-05-06 21:58:22,3256.0,0.00000015,0.000000000008582565,7560073,2019-05-06 21:58:22,btc,1.8179904929696,0.0,0.00000015,"btc,eth",2428.82344975,0.0,0.00024750000062965355,42
1,[],12,[],2019-03-13 09:13:29,1112112.0,0.00000001,0.000000000000386531,6919902,2019-03-13 09:13:29,btc,29058.00478931866,0.0,0.00000001,btc,5967681.93306694,9.99000999e-07,0.01112112,43
1,[],5,[],2019-04-26 22:38:52,0.0,0,0,7474154,2019-04-26 22:38:52,btc,0.0,0.02638891,0,btc,0.0,0.0,0.0,43
0,[],17,[],2019-04-26 22:38:53,0.0,0,0,7474155,2019-04-26 22:38:53,btc,0.0,0.0,0,btc,0.0,0.0,0.0,43
1,[],12,[],2019-03-05 01:54:08,639326.02,0.00000004,0.000000000001486676,6845775,2019-03-05 01:54:08,btc,11116042.728239931,0.0,0.00000004,btc,1103841.4595604,0.0003330765234764,0.014975410599999999,44
1,[],4,[],2019-05-06 21:58:22,131684272.12048186,0.00000001,0.000000000000572171,7560074,2019-05-06 21:58:22,btc,436.78103825018434,0.0,0.00000001,"btc,ltc",22985645.89584506,0.0,0.30011874735025657,49
0.00000000013249550000000002,[],4,[],2019-05-06 21:58:23,129614737.63233235,7.419748e-17,4.245364632908e-21,7560075,2019-05-06 21:58:23,ltc,21616.269695523806,0.0,0.00000056,ltc,101319815.09569591,0.0,1.6341160317006331e-09,52
0,[],22,[],2019-05-06 21:58:26,0.0,0,0,7560076,2019-05-06 21:58:26,,10304.87709543,0.0,0,,310505736.4566013,0.0,0.0,57
0.0000000003046809,[],27,[],2019-05-06 21:58:34,10000.0,3.046809e-18,1.7432957523390002e-22,7560077,2019-05-06 21:58:34,eth,0.0,0.0,0.00000001,"btc,eth",0.0,0.0,3.046809e-14,57
0.00000000013249550000000002,[],4,[],2019-05-06 21:58:35,1145639964.7165446,1.324955e-18,7.581008273050001e-23,7560078,2019-05-06 21:58:35,ltc,19.11126401603791,0.0,0.00000001,ltc,5662894345.99197,0.0,1.5179213994510096e-09,58
1,[],12,[],2019-05-06 21:58:36,1576209663.0,0.0000000001,0.0000000000000057217100000000004,7560079,2019-05-06 21:58:36,btc,11896783.088437576,0.0,0.0000000001,btc,4239148056.5994005,0.005640640908891106,0.1576209663,58
0.00000000011693500000000002,[],22,[],2019-05-06 21:58:41,137438.0,1.16935e-18,6.690681588500001e-23,7560080,2019-05-06 21:58:41,XMR,69.1795942,0.0,0.00000001,XMR,9887963.0,0.0,0.00137438,58
1,[],17,[],2019-05-03 01:12:09,1200000.0,0.0000000001,0.00000000000000548003,7559085,2019-05-03 01:12:09,btc,1e+24,0.0,0.0000000001,"btc,eth",39516342.31952568,0.0,0.00010000000058666061,58
1,[],5,[],2019-04-28 14:46:01,0.0,0,0,7496942,2019-04-28 14:46:01,btc,0.0,0.00028741,0,btc,0.0,0.0,0.0,61
1,[],22,[],2019-04-28 14:46:04,13613.833333333334,0.00000012,0.000000000006326808000000001,7496943,2019-04-28 14:46:04,BTC,1002.29602762,0.0,0.00000012,BTC,15234.52361146909,0.0,0.00153269,61
1,[],26,[],2019-04-28 14:46:04,0.0,0.00000045,0.00000000002372553,7496944,2019-04-28 14:46:04,btc,0.0,0.0,0.00000045,btc,0.0,0.0,0.0,61
0,[],27,[],2019-04-28 14:46:10,0.0,0,0,7496945,2019-04-28 14:46:10,,2.137300072213632,0.0,0,"btc,eth",15759.9480555,0.0,0.0,61
1,[],28,[],2019-04-28 14:46:40,1039.304,0.00000008,0.0000000000042178720000000004,7496946,2019-04-28 14:46:40,btc,2.056501795415105,764.0,0.00000008,btc,10022.46650005,0.0,2.439304e-05,61
1,[],4,[],2019-05-06 21:58:42,1242289.623278,0.00000112,0.000000000064083152,7560081,2019-05-06 21:58:42,btc,1.0517578160870664,0.0,0.00000112,btc,436943.69475679,0.07443533,0.8434968918216351,67
0.0,[],25,[],2019-05-06 21:58:43,0.0,0,0,7560082,2019-05-06 21:58:43,,0.0,0.0,0.0,btc,0.0,0.0,0.0,67
1,[],12,[],2019-05-06 21:58:45,624916.33333333,0.00000015,0.000000000008582565,7560083,2019-05-06 21:58:45,btc,55595380.25435636,0.0,0.00000015,btc,1484777.97205232,0.0064751931368654,0.0249670199999996,71
,[],5,[],2018-11-20 23:02:39,1.5e-07,0.00000005,0.000000000002128045,4862160,2018-11-20 23:02:39,btc,2.84511358,0.0,,btc,0.00036572,0.0,0.07381892,74
1,[],5,[],2019-05-06 21:58:46,0.0,0,0,7560084,2019-05-06 21:58:46,btc,0.0,0.00312236,0,btc,0.0,0.0,0.0,75
0,[],4,[],2019-05-06 21:58:47,0.0,0,0,7560085,2019-05-06 21:58:47,,133703.44050792317,0.0,0,,35150289.66593586,0.00045218,0.0,81
0,[],20,[],2019-01-25 09:30:31,0.0,0,0,6495923,2019-01-25 09:30:31,btc,0.0,0.0,0,btc,0.0,0.0,0.0,81
1,[],4,[],2019-05-06 21:58:49,30147.34939851,0.00006960,0.00000000398231016,7560086,2019-05-06 21:58:49,btc,18.369564771939576,0.0,0.00006960,btc,22150.33436143,1.41200103,0.5405997987582406,82
1,[],21,[],2019-05-06 21:58:50,260472.40412015,0.00006653999999999999650189541622,0.000000003807225834,7560087,2019-05-06 21:58:50,btc,3.3687640264575456,10405.6720865,0.00006653999999999999650189541622324895797646604478359222412109375,btc,44019.79412782,0.68712141,2.1989215227695365,82
0,[],17,[],2019-03-25 22:42:34,0.0,0,0,7038780,2019-03-25 22:42:34,btc,0.0445064681804024,0.0,0,btc,995513.18476001,0.0,0.0,84
0.00000000013644,[],4,[],2019-05-01 19:17:39,299701867.376,1.3644e-18,7.259508504e-23,7542161,2019-05-01 19:17:39,ltc,1.6769037726995486,0.0,0.00000001,ltc,427823536.87452894,0.00010978,4.089132278478144e-10,85
,[],22,[],2018-11-20 23:09:34,3408.1,0.0000001,0.0000000000041895,4862324,2018-11-20 23:09:34,BTC,0.04624735,0.0,,BTC,4990.0,0.0,0.00033081,86
1,[],22,[],2019-04-28 12:40:53,100736.0,0.00000003,0.000000000001581999,7496039,2019-04-28 12:40:53,BTC,3.65981852,0.0,0.00000003,BTC,220119.54736842104,0.0,0.00122208,87
1,[],27,[],2019-04-28 12:41:07,94210.0,0.00000001,0.0000000000005273330000000001,7496040,2019-04-28 12:41:07,btc,5.5716688171676,0.0,0.00000001,btc,48984.90885,0.0,0.0009421,87
,[],2,[],2018-11-20 23:10:47,0.0,0,0,4862359,2018-11-20 23:10:47,,0.0,0.0,,,0.0,0.0,0.0,88
1,[],11,[],2019-05-06 19:48:06,85618.56849581,0.00014202999999999999371051717655944912621635012328624725341796875,0.000000008179990602,7559253,2019-05-06 19:48:06,btc,167.56498952019783,3837.51551175,0.00014202999999999999371051717655944912621635012328624725341796875,btc,159098.11541654,0.0,5.128400472266922,89
1,[],12,[],2019-05-06 21:49:34,594872.8733674,0.00000063,0.000000000036006579,7559954,2019-05-06 21:49:34,btc,73.19701577931053,0.0,0.00000063,btc,149265.97782722,2.352e-05,0.1024060696999503,91
1,[],22,[],2019-05-06 21:49:38,76014.0,0.0000008,0.000000000045722640000000004,7559955,2019-05-06 21:49:38,BTC,0.1,0.0,0.0000008,"BTC,LTC",1.0,0.0,0.0017135,91
0,[],2,[],2019-01-20 23:31:45,0.0,0,0,6477083,2019-01-20 23:31:45,,0.0,0.0,0,,0.0,0.0,0.0,91
0,[],17,[],2019-05-03 01:12:26,0.0,0,0,7559096,2019-05-03 01:12:26,btc,0.0,0.0,0,btc,0.0,0.0,0.0,91
1,[],22,[],2019-04-09 20:17:52,374949.73333333334,0.00000015,0.000000000007771935,7235704,2019-04-09 20:17:52,BTC,6.87372503,0.0,0.00000015,"BTC,LTC",159980.01196797504,1.1e-05,0.80510266,95
0.00000000013249550000000002,[],4,[],2019-05-06 21:58:51,553593225.2942495,7.684739000000001e-17,4.3969847983690005e-21,7560088,2019-05-06 21:58:51,ltc,11.321575421610609,0.0,0.00000058,ltc,132879348.23894332,0.14364056,1.5664827281299656e-09,96
0,[],12,[],2019-05-06 21:58:52,0.0,0,0,7560089,2019-05-06 21:58:52,btc,25054.263516130075,0.0,0,btc,6821605.82664734,4.02697302697e-05,0.0,96
0,[],17,[],2019-05-03 01:12:32,0.0,0,0,7559100,2019-05-03 01:12:32,btc,0.0,0.0,0,btc,0.0,0.0,0.0,96
1,[],4,[],2019-04-14 03:32:46,1039404.33283278,0.00000038,0.000000000019245518,7293458,2019-04-14 03:32:46,btc,4.170086055365747,0.0,0.00000038,btc,3097704.34561074,0.06260606,0.1859928211030784,99
0,[],2,[],2019-01-20 23:23:55,0.0,0,0,6476914,2019-01-20 23:23:55,,0.0,0.0,0,,0.0,0.0,0.0,100
1,[],4,[],2019-05-06 21:58:55,327038.65075155,0.00003564,0.000000002039217444,7560090,2019-05-06 21:58:55,btc,6.809648348249484,0.0,0.00003564,btc,115299.04333897,0.26659916,0.4546633161685785,100
1,[],22,[],2019-05-06 19:48:23,130000.0,0.00000001,0.000000000000575934,7559259,2019-05-06 19:48:23,BTC,24.83526409,0.0,0.00000001,BTC,11187.719,0.0,0.0013,101
1,[],4,[],2019-05-06 21:58:56,573100.46949812,0.00001085,0.000000000620805535,7560091,2019-05-06 21:58:56,btc,339.08367725879,0.0,0.00001085,btc,282831.30410742,3.68984791,0.7596553920650231,103
1,[],12,[],2019-05-06 21:58:58,114652114.51292,0.000000005,0.0000000000002860855,7560092,2019-05-06 21:58:58,btc,468525102.23457706,0.0,0.000000005,btc,106883136.0237262,0.00398045364635376,0.23535714471276,105
1,[],27,[],2019-05-06 21:59:03,11976.0,0.00000001,0.000000000000572171,7560093,2019-05-06 21:59:03,btc,0.0689357688051137,0.0,0.00000001,btc,864584.59450753,0.0,0.00011976,105
1,[],22,[],2019-04-21 00:17:26,21333.0,0.00000001,0.000000000000532493,7385819,2019-04-21 00:17:26,BTC,51.38182867,0.0,0.00000001,BTC,470435.0,0.0,0.00021333,107
1,[],26,[],2019-04-21 00:17:26,0.0,0.00000000,0,7385820,2019-04-21 00:17:26,btc,0.0,0.0,0.00000000,btc,0.0,0.0,0.0,107
1,[],5,[],2019-05-06 21:59:05,0.0,0,0,7560094,2019-05-06 21:59:05,btc,0.0,0.00848273,0,btc,0.0,0.0,0.0,112
0,[],22,[],2019-05-06 21:59:07,0.0,0,0,7560095,2019-05-06 21:59:07,,2.79003697,0.0,0,,1380942.0833333333,0.0,0.0,112
1,[],27,[],2019-05-06 21:59:15,1.0,0.00000001,0.000000000000572171,7560096,2019-05-06 21:59:15,btc,1.25032588,0.0,0.00000001,"btc,eth",1819.0,0.0,1e-08,112
1,[],4,[],2019-05-06 21:59:16,346785.19773025,0.00000169,0.000000000096696899,7560097,2019-05-06 21:59:16,btc,5.231063275637816,0.0,0.00000169,btc,523175.77931552,0.18750902,0.2277377339182738,113
1,[],5,[],2019-05-06 21:59:18,0.0,0,0,7560098,2019-05-06 21:59:18,btc,0.0,1.57e-06,0,btc,0.0,0.0,0.0,113
1,[],17,[],2019-04-26 02:17:47,162738.278,0.00000004,0.0000000000021069000000000002,7461287,2019-04-26 02:17:47,btc,1.3331140273775473,0.0,0.00000004,btc,51796.221,0.0,0.00230953112,116
0,[],27,[],2019-04-26 02:19:51,0.0,0,0,7461288,2019-04-26 02:19:51,,0.0,0.0,0,,0.0,0.0,0.0,116
1,[],4,[],2019-05-06 21:59:18,130560.46713482,0.00001022,0.000000000584758762,7560099,2019-05-06 21:59:18,btc,132.393204258052,0.0,0.00001022,btc,264367.15902591,0.09745699,1.0371792239721285,120
1,[],7,[],2019-05-06 21:59:19,9471.61490465,0.00001202000000000000011252283826923559217902948148548603057861328125,0.000000000687749542,7560100,2019-05-06 21:59:19,btc,231185.89224370252,0.0,0.00001202000000000000011252283826923559217902948148548603057861328125,btc,4121.45818244,0.0,0.0181694954699493,120
1,[],20,[],2019-04-07 18:42:29,1914137.0852,0.000000035,0.0000000000017871910000000002,7211992,2019-04-07 18:42:29,btc,32.2497668025648,25528.85,0.000000035,btc,1001975.4986,0.00089350975,0.0152723574729,125
1,[],22,[],2019-05-06 21:59:25,110000.0,0.00000001,0.000000000000572171,7560101,2019-05-06 21:59:25,BTC,0.032061,0.0,0.00000001,BTC,299316.7611111111,0.0,0.0011,126
1,[],4,[],2019-05-06 21:59:26,1858038.67229714,0.00000970,0.00000000055500587,7560102,2019-05-06 21:59:26,btc,3.7741289222205934,0.0,0.00000970,btc,167490.58705631,0.10388345,0.4836707604788681,131
0,[],2,[],2019-01-20 23:25:46,0.0,0,0,6476969,2019-01-20 23:25:46,,0.0,0.0,0,,0.0,0.0,0.0,131
1,[],17,[],2019-05-03 01:13:10,10000.0,0.00000001,0.000000000000548003,7559115,2019-05-03 01:13:10,btc,0.0953976503951408,0.0,0.00000001,btc,5037.62507334,0.0,0.0001,131
1,[],4,[],2019-05-06 21:59:27,4710.51534489,0.00012729,0.000000007283164659,7560103,2019-05-06 21:59:27,btc,6.011521850614661,0.0,0.00012729,btc,191.61415747,0.0,0.0080568379615814,135
1,[],3,[],2019-05-06 19:49:05,530498.0,0.00000001,0.000000000000575934,7559271,2019-05-06 19:49:05,btc,0.0934057631805504,129896.5,0.00000001,btc,1024104.34967245,0.0,0.00530498,136
1,[],4,[],2019-05-06 21:59:28,3443647.56124131,0.00000244,0.000000000139609724,7560104,2019-05-06 21:59:28,btc,318.7355146519785,0.0,0.00000244,btc,462132.39397231,0.15035574,0.8435930069558282,137
1,[],12,[],2019-05-06 21:59:29,331572.13634531,0.00000213999999999999983963348826332406815708964131772518157958984375,0.000000000122444594,7560105,2019-05-06 21:59:29,btc,48520.51435514829,0.0,0.00000213999999999999983963348826332406815708964131772518157958984375,btc,42913.34883503,0.0003969,0.038965489999934697,137
1,[],4,[],2019-05-06 21:59:30,31334.97297542,0.00003490,0.0000000019968767900000002,7560106,2019-05-06 21:59:30,btc,5.1739967177135675,0.0,0.00003490,btc,67854.15970363,0.17103375,0.1416221949660394,142
1,[],5,[],2019-05-06 21:59:32,0.0,0,0,7560107,2019-05-06 21:59:32,btc,0.0,0.2143094,0,btc,0.0,0.0,0.0,142
1,[],20,[],2019-05-06 21:59:35,167606.2915,0.00003401,0.000000001945953571,7560108,2019-05-06 21:59:35,btc,1.7086003245498,0.0,0.00003401,btc,8215.5399,0.0,0.060110579319,142
1,[],22,[],2019-05-06 21:59:38,1370.0,0.00000200,0.00000000011443420000000001,7560109,2019-05-06 21:59:38,BTC,3.2756588,0.0,0.00000200,BTC,1135.5948275773155,0.0,0.0003632,142
0.0,[],25,[],2019-05-06 21:59:40,0.0,0,0,7560110,2019-05-06 21:59:40,,0.0,0.0,0.0,btc,0.0,0.0,0.0,142
1,[],28,[],2019-05-06 21:59:42,79165.49,0.00003450,0.00000000197398995,7560111,2019-05-06 21:59:42,btc,0.0588024634,235351.0,0.00003450,btc,484.27303,0.0,0.075663825,142
1,[],17,[],2019-05-03 01:13:16,32967.38636364,0.00000088,0.000000000048224264,7559122,2019-05-03 01:13:16,btc,20.06976206696776,0.0,0.00000088,btc,2746.079105,0.0,0.0105613000000032,142
0,[],22,[],2019-05-06 21:59:44,0.0,0,0,7560112,2019-05-06 21:59:44,,66.66505393,0.0,0,,938775805.8,0.0,0.0,143
0,[],22,[],2019-02-25 15:42:22,0.0,0,0,6783783,2019-02-25 15:42:22,,4.2131946,0.0,0,,2322156.0,0.0,0.0,146
,[],22,[],2018-11-20 23:01:11,0.0,0,0,4862114,2018-11-20 23:01:11,,2.56807021,0.0,,,61828.4988236,0.0,0.0,147
1,[],12,[],2019-04-21 06:38:04,193091.5971266,0.00000071,0.000000000037635183,7388679,2019-04-21 06:38:04,btc,2.301232411611175,0.0,0.00000071,btc,9957.48302385,0.00023528,0.0313308199999888,148
1,[],4,[],2019-03-19 21:31:25,255810.0415942,0.00000029,0.000000000011615747,6982695,2019-03-19 21:31:25,btc,218.94922712414143,0.0,0.00000029,btc,793529.37642722,0.00117,0.0608347789473395,152
0,[],22,[],2019-03-19 21:31:27,0.0,0,0,6982696,2019-03-19 21:31:27,,0.0,0.0,0,,0.0,0.0,0.0,152
1,[],5,[],2019-04-26 09:36:59,0.0,0,0,7465040,2019-04-26 09:36:59,btc,0.0,0.0,0,btc,0.0,0.0,0.0,153
,[],16,[],2019-01-11 15:38:59,0.0,0,0,6366141,2019-01-11 15:38:59,btc,0.0,0.0,,btc,0.0,0.0,0.0,155
0,[],23,[],2019-01-20 23:24:29,0.0,0,0,6476932,2019-01-20 23:24:29,,0.0,0.0,0,,0.0,0.0,0.0,156
0,[],22,[],2019-05-06 21:59:47,0.0,0,0,7560113,2019-05-06 21:59:47,,6.78991271,0.0,0,,4661448.342592592,0.0,0.0,156
1,[],22,[],2019-05-06 21:59:50,7066.0,0.00000800,0.00000000045773680000000003,7560114,2019-05-06 21:59:50,BTC,1.79802465,0.0,0.00000800,BTC,802.6461988741639,0.0,0.00062996,157
0,[],22,[],2019-05-06 19:49:20,0.0,0,0,7559277,2019-05-06 19:49:20,,50234.60468402,0.0,0,,54786159.03179465,0.0,0.0,158
,[],17,[],2018-11-20 22:56:10,0.0,0,0,4861976,2018-11-20 22:56:10,btc,1.1265625,0.0,,btc,1000.0,0.0,0.0,159
,[],20,[],2018-11-20 22:56:12,0.0,0,0,4861977,2018-11-20 22:56:12,btc,11912.7940471,0.0,,btc,34413894.3617,0.0,0.0,159
1,[],12,[],2019-05-06 21:59:51,264439.69092118,0.000003909999999999999833653029079894025699104531668126583099365234375,0.00000000022371886099999999,7560115,2019-05-06 21:59:51,btc,13.56384660527708,0.0,0.000003909999999999999833653029079894025699104531668126583099365234375,btc,11614.01094598,0.001433131421446,0.0488141046783601,168
1,[],17,[],2019-05-03 01:13:36,42852.0,0.00000002,0.000000000001096006,7559132,2019-05-03 01:13:36,btc,0.04279856251542,0.0,0.00000002,btc,274.46171372,0.0,0.00052852,168
1,[],22,[],2019-05-02 21:55:12,208822.0,0.00000001,0.000000000000549906,7557974,2019-05-02 21:55:12,BTC,38.36194584,0.0,0.00000001,BTC,1097787.194707144,2.87e-05,0.00208822,169
1,[],22,[],2019-05-06 21:59:55,194340.06666666668,0.00000015,0.000000000008582565,7560116,2019-05-06 21:59:55,BTC,30.18839254,0.0,0.00000015,BTC,437225.8092924061,0.01008947,0.00200023,171
1,[],22,[],2019-05-06 19:49:30,103830.08333333333,0.00000012,0.0000000000069112080000000005,7559280,2019-05-06 19:49:30,BTC,22.16774037,0.0,0.00000012,"BTC,LTC",662446.9853207375,0.00366528,0.00211161,173
1,[],5,[],2019-05-06 19:49:32,0.0,0,0,7559281,2019-05-06 19:49:32,btc,0.0,0.00023336,0,btc,0.0,0.0,0.0,175
1,[],22,[],2019-05-06 21:59:58,94350.0,0.00000001,0.000000000000572171,7560117,2019-05-06 21:59:58,BTC,394.02772459,0.0,0.00000001,BTC,139955.2850009791,0.0,0.0009435,176
1,[],7,[],2019-05-06 22:00:00,0.0,0,0,7560118,2019-05-06 22:00:00,btc,520270.8857881791,1500000.0,0,btc,19653386.483368568,0.015,0.0,178
0,[],22,[],2019-05-06 22:00:04,0.0,0,0,7560119,2019-05-06 22:00:04,,1.00242428,0.0,0,,57512.0,0.0,0.0,178
0,[],2,[],2019-01-20 23:28:34,0.0,0,0,6477001,2019-01-20 23:28:34,,0.0,0.0,0,,0.0,0.0,0.0,178
0,[],23,[],2019-01-20 23:25:08,0.0,0,0,6476952,2019-01-20 23:25:08,,0.0,0.0,0,,0.0,0.0,0.0,179
1,[],5,[],2019-05-06 22:00:05,0.0,0,0,7560120,2019-05-06 22:00:05,btc,0.0,0.34089653,0,btc,0.0,0.0,0.0,179
1,[],22,[],2019-05-06 22:00:08,3052475.0,0.00000002,0.000000000001144342,7560121,2019-05-06 22:00:08,BTC,5.32256169,0.0,0.00000002,BTC,13282087.078613343,0.01499765,0.03289912,179
1,[],22,[],2019-05-06 22:00:13,642293.2181071446,0.00000085,0.000000000048634535,7560122,2019-05-06 22:00:13,BTC,39.05917906,0.0,0.00000085,"BTC,LTC",153221.58778499605,0.00463094,0.5544508,180
1,[],26,[],2019-05-06 22:00:13,0.0,0.00000120,0.00000000006866052,7560123,2019-05-06 22:00:13,btc,0.0,100.0,0.00000120,btc,0.0,0.0,0.0,180
1,[],17,[],2019-05-03 01:13:56,20504.725000000002,0.0000001,0.00000000000548003,7559141,2019-05-03 01:13:56,btc,5.2010695838400265,0.0,0.0000001,btc,5033.45945,0.0,0.0011504725,180
,[],7,[],2018-11-20 22:58:01,562227.975654,0.00000085,0.000000000036176765,4862015,2018-11-20 22:58:01,btc,21836.6059674,2491.87645172,,btc,749999.041456,0.00211021,0.127565380455,183
,[],5,[],2019-01-10 08:11:41,0.0,0,0,6347036,2019-01-10 08:11:41,btc,82.15055501,0.00261,,btc,1.19002445,0.0,0.0,187
1,[],24,[],2019-04-30 17:34:05,0.0,0.000000000014,7.396256000000001e-16,7526291,2019-04-30 17:34:05,btc,0.0,0.0,0.000000000014,btc,0.0,0.0,0.0,187
,[],17,[],2018-11-16 20:58:10,4062536.27273,0.00000001,0.000000000000550501,4708775,2018-11-16 20:58:10,btc,3.36492563466,0.195460381006,,"btc,eth",110697919.549,0.0,0.0157628953496,187
0,[],22,[],2019-04-25 02:54:07,0.0,0,0,7447896,2019-04-25 02:54:07,,7.54794454,0.0,0,,76361.7243344055,0.0,0.0,191
0,[],22,[],2019-05-06 22:00:18,0.0,0,0,7560124,2019-05-06 22:00:18,,0.0,0.0,0,,0.0,0.0,0.0,197
0,[],23,[],2019-01-20 23:31:41,0.0,0,0,6477079,2019-01-20 23:31:41,,0.0,0.0,0,,0.0,0.0,0.0,199
0.00000000013192000000000002,[],22,[],2019-05-06 21:53:34,54734331.0,2.6384e-18,1.5079326672000002e-22,7559991,2019-05-06 21:53:34,LTC,18.75572353,0.0,0.00000002,LTC,35253416.0,0.0,0.64068281,199
1,[],26,[],2019-05-06 21:53:34,0.0,0.00000000,0,7559992,2019-05-06 21:53:34,btc,0.0,0.0,0.00000000,btc,0.0,0.0,0.0,199
0,[],2,[],2019-01-20 23:30:49,0.0,0,0,6477059,2019-01-20 23:30:49,,0.0,0.0,0,,0.0,0.0,0.0,201
1,[],4,[],2019-01-25 15:51:35,2084389.58565343,0.00000936,0.000000000333526752,6499557,2019-01-25 15:51:35,btc,2.0092503037378524,0.0,0.00000936,btc,160195.80207885,0.19272417,1.242687955921835,211
1,[],7,[],2019-05-06 22:00:22,13871891.32057485,0.00000086,0.000000000049206706,7560125,2019-05-06 22:00:22,btc,15559137.713513767,310887.805044,0.00000086,btc,12250594.75709636,0.0,1.973514775568062,212
1,[],12,[],2019-01-25 02:44:32,207462.42853209,0.000001080000000000000035831255497387193287295303889550268650054931640625,0.000000000038610756000000006,6493050,2019-01-25 02:44:32,btc,85023.03793723314,0.0,0.000001080000000000000035831255497387193287295303889550268650054931640625,btc,43675.73520027,0.000146250909087,0.0348620860622024,213
1,[],5,[],2019-05-06 19:52:08,0.0,0,0,7559293,2019-05-06 19:52:08,btc,0.0,0.73592961,0,btc,0.0,0.0,0.0,213
1,[],24,[],2019-05-06 19:52:08,0.0,0.000000050000,0.00000000000287967,7559294,2019-05-06 19:52:08,btc,0.0,0.0,0.000000050000,btc,0.0,0.0,0.0,213
1,[],26,[],2019-05-06 19:52:08,0.0,0.00000040,0.00000000002303736,7559295,2019-05-06 19:52:08,btc,0.0,0.0,0.00000040,btc,0.0,0.0,0.0,213
0,[],22,[],2019-05-06 22:00:24,0.0,0,0,7560126,2019-05-06 22:00:24,,11.26999216,0.0,0,,2172454.2040649247,0.0,0.0,216
1,[],27,[],2019-05-06 22:00:39,36596.0,0.00000002,0.000000000001144342,7560127,2019-05-06 22:00:39,btc,57.80149219803932,50750.0,0.00000002,"btc,ltc",210050.497308,0.001015,0.00037751,216
1,[],22,[],2019-05-06 22:00:43,326676.161971831,0.00000142,0.00000000008124828200000001,7560128,2019-05-06 22:00:43,BTC,12055.01389188,0.0,0.00000142,BTC,438868.31097919197,0.02993821,0.10333768,217
1,[],7,[],2019-05-06 22:00:45,0.0,0,0,7560129,2019-05-06 22:00:45,btc,111302.56967336107,0.0,0,btc,137382971.78428552,0.0,0.0,219
0,[],27,[],2019-05-06 22:00:53,0.0,0,0,7560130,2019-05-06 22:00:53,,0.01810337,0.0,0,btc,1580037.0,0.0,0.0,219
0.0000000000000046,[],28,[],2019-05-06 22:00:55,489177109.014,2.99e-18,1.71079129e-22,7560131,2019-05-06 22:00:55,doge,3650163.35373502,570399.9347,0.00065000,"btc,doge",44739610.5033,0.0,2.958543679482061e-11,219
1,[],22,[],2019-05-06 22:00:58,405857.0,0.00000005,0.000000000002860855,7560132,2019-05-06 22:00:58,BTC,56.83025662,0.0,0.00000005,BTC,168795.81494054076,1.889e-05,0.01336485,221
1,[],24,[],2019-05-06 22:00:58,0.0,0.000000010000,0.000000000000572171,7560133,2019-05-06 22:00:58,btc,0.0,0.0,0.000000010000,btc,0.0,0.0,0.0,221
1,[],20,[],2019-05-06 22:01:00,12215979.1583,0.00000001,0.000000000000572171,7560134,2019-05-06 22:01:00,btc,100092.92235796685,242411.381,0.00000001,btc,22929825.5625,0.0031891439494,0.0533295320409,224
0,[],22,[],2019-05-06 22:01:02,0.0,0,0,7560135,2019-05-06 22:01:02,,0.0,0.0,0,,0.0,0.0,0.0,224
1,[],26,[],2019-05-06 22:01:03,0.0,0.00000026,0.000000000014876446,7560136,2019-05-06 22:01:03,btc,0.0,0.0,0.00000026,btc,0.0,0.0,0.0,231
1,[],26,[],2019-05-06 21:54:47,0.0,0.00000005,0.0000000000028576650000000002,7560004,2019-05-06 21:54:47,btc,0.0,200.0,0.00000005,btc,0.0,0.0,0.0,234
0.0000000003048001,[],27,[],2019-05-06 21:54:55,10000.0,3.0480009999999998e-18,1.742033155533e-22,7560005,2019-05-06 21:54:55,eth,0.01134836604,0.0,0.00000001,"btc,eth",11462.996,0.0,3.048001e-14,234
1,[],4,[],2019-04-29 21:02:20,217188.93193785,0.00000080,0.00000000004151584,7514327,2019-04-29 21:02:20,btc,5.239800103892936,0.0,0.00000080,btc,797346.30008933,0.0,0.0590549781555679,236
1,[],24,[],2019-04-29 21:02:20,0.0,0.000000100000,0.00000000000518948,7514328,2019-04-29 21:02:20,btc,0.0,0.0,0.000000100000,btc,0.0,0.0,0.0,236
1,[],5,[],2019-05-06 20:53:15,0.0,0,0,7559637,2019-05-06 20:53:15,btc,0.0,0.20253514,0,btc,0.0,0.0,0.0,237
1,[],20,[],2019-05-06 20:53:18,38173217.6136,0.000000083,0.0000000000047460728,7559638,2019-05-06 20:53:18,btc,21342.514614200165,8832375.7238,0.000000083,btc,27701499.3386,0.7554403456107,1.3621107610479,237
1,[],22,[],2019-05-06 20:53:20,343938.0,0.00000009,0.000000000005146344,7559639,2019-05-06 20:53:20,BTC,1.20267422,0.0,0.00000009,BTC,17930.94871794872,0.0,0.01017442,237
1,[],4,[],2019-05-06 22:01:03,6300122.76797534,0.00000018,0.000000000010299078,7560137,2019-05-06 22:01:03,btc,3.4885187671603086,0.0,0.00000018,btc,9744988.6682621,0.21834222,0.5642394649683594,238
1,[],5,[],2019-05-06 22:01:04,0.0,0,0,7560138,2019-05-06 22:01:04,btc,0.0,0.0025492,0,btc,0.0,0.0,0.0,238
0,[],22,[],2019-03-12 16:49:32,0.0,0,0,6914458,2019-03-12 16:49:32,,0.40415746,0.0,0,,526736.5639027493,0.0,0.0,249
0,[],22,[],2019-05-06 22:01:07,0.0,0,0,7560139,2019-05-06 22:01:07,,4.16048771,0.0,0,,35493074.69978836,0.0,0.0,252
1,[],28,[],2019-05-06 22:01:09,42075961.509,0.00000048,0.000000000027464208,7560140,2019-05-06 22:01:09,btc,3.658951229611,572086.117,0.00000048,btc,2989293.8029,0.0,0.72598752732,256
1,[],22,[],2019-05-06 22:01:12,1089068.6666666667,0.00000004,0.000000000002288684,7560141,2019-05-06 22:01:12,BTC,21.87956616,0.0,0.00000004,BTC,490884.63333384093,0.0,0.01160548,258
1,[],22,[],2019-03-13 00:07:30,47146.0,0.00000001,0.000000000000387233,6917028,2019-03-13 00:07:30,BTC,2.415167,0.0,0.00000001,BTC,157.0,0.0,0.00047146,259
1,[],5,[],2019-05-06 22:01:14,0.0,0,0,7560142,2019-05-06 22:01:14,btc,0.0,0.35100515,0,btc,0.0,0.0,0.0,264
1,[],20,[],2019-05-06 22:01:16,1264330.7863,0.000001031,0.0000000000589908301,7560143,2019-05-06 22:01:16,btc,4.8161994474728,74706.6489,0.000001031,btc,87312.3942,0.0975288721141,0.020914344259,264
0,[],22,[],2019-04-12 17:57:27,0.0,0,0,7278186,2019-04-12 17:57:27,,66.37522201,0.0,0,,677842.4169881374,0.0,0.0,271
0,[],22,[],2019-05-06 22:01:19,0.0,0,0,7560144,2019-05-06 22:01:19,,33050467.4724609,0.0,0,,14361462970.7,0.0,0.0,272
0.0000000000000046,[],28,[],2019-05-06 22:01:21,396132201057.5,1.334e-21,7.63276114e-26,7560145,2019-05-06 22:01:21,doge,26827754.41557829,4237629022.118,0.00000029,doge,353894764051.509,0.0,2.30689596612982e-10,272
1,[],22,[],2019-05-06 19:55:00,168039.7,0.00000013,0.000000000007487142000000001,7559321,2019-05-06 19:55:00,BTC,427.42495672,0.0,0.00000013,BTC,249705.37764460206,0.0,0.00918978,281
1,[],22,[],2019-05-06 22:01:25,105531.1,0.00000002,0.000000000001144342,7560146,2019-05-06 22:01:25,BTC,536.90470511,0.0,0.00000002,"BTC,LTC",596565.2922801868,0.00109733,0.00756194,286
0,[],22,[],2019-05-06 22:01:28,0.0,0,0,7560147,2019-05-06 22:01:28,,7337883.29829334,0.0,0,,1299453029.2797825,0.0,0.0,294
