pairValue,buyBook,exchangeId,sellBook,updated,buyTotal,satoshiPrice,usdPrice,exchangeLogId,created,bestPair,sellTotalBtc,volume,pairPrice,activePairs,sellTotal,volumeBtc,buyTotalBtc,coinId
1,[],3,[],2019-02-16 22:44:02,30566.44913877694,0.012800840000000000828972446242914884351193904876708984375,0.0000004645220022560001,6690601,2019-02-16 22:44:02,btc,106.99482241869389,0.0,0.012800840000000000828972446242914884351193904876708984375,btc,16.151541343131,0.0,0.37867298523267223,1
1,[],4,[],2019-02-16 22:44:03,308.96271885,0.01300028,0.000000471759360752,6690602,2019-02-16 22:44:03,btc,0.8662400470333507,0.0,0.01300028,btc,62.52389447,0.94220569,1.416435066645643,1
1,[],5,[],2019-02-16 22:44:05,0.28681828,0.01310001,0.00000047537840288400005,6690603,2019-02-16 22:44:05,btc,14578.75602044,0.00151147,0.01310001,btc,35555556.26251353,0.0,2.28342873,1
1,[],10,[],2019-02-16 22:44:09,415473.41503507,0.00971,0.000000352360364,6690604,2019-02-16 22:44:09,btc,6528.401972562787,1859.68176074,0.00971,btc,1320.72321513,0.0,4.882159620041245,1
1,[],12,[],2019-02-16 22:44:11,10424.34773045,0.0128599999999999999034105968576113809831440448760986328125,0.000000466668824,6690605,2019-02-16 22:44:11,btc,0.3267361922948,0.0,0.0128599999999999999034105968576113809831440448760986328125,btc,18.0491389,0.8219368587963,0.2028084984874,1
1,[],20,[],2019-02-16 22:44:13,1151.2564,0.010500212,0.0000003810358931408,6690606,2019-02-16 22:44:13,btc,0.0573537536243,0.0,0.010500212,btc,2.5253,0.0,0.0911161306007,1
1,[],21,[],2019-02-16 22:44:15,1708.31014569,0.01285003000000000013269829680,0.00000046630702865200003,6690607,2019-02-16 22:44:15,btc,23.892850626862295,2068.45481794,0.01285003000000000013269829679529721033759415149688720703125,"btc,eth",2217.25709404,24.183307749210776,19.54747268813011,1
1,[],22,[],2019-02-16 22:44:19,0.0163776,0.01300000,0.00000047174920000000004,6690608,2019-02-16 22:44:19,BTC,0.31407927,0.0,0.01300000,BTC,0.10751954901960785,0.00012771,0.00020972,1
1,[],24,[],2019-02-16 22:44:19,0.0,0.000000000000,0,6690609,2019-02-16 22:44:19,btc,0.0,0.0,0.000000000000,btc,0.0,0.0,0.0,1
0.0,[],25,[],2019-02-16 22:44:20,0.0,0,0,6690610,2019-02-16 22:44:20,btc,29.33889999701635,1764.57975129,0.0,btc,2225.7145799,23.3132,0.0,1
1,[],26,[],2019-02-16 22:45:17,0.0,0,0,6690611,2019-02-16 22:45:17,,0.0,0.0,0,,0.0,0.0,0.0,1
1,[],28,[],2019-02-16 22:45:22,992.968,0.01231000,0.000000446710204,6690612,2019-02-16 22:45:22,btc,0.162839806,18031.15,0.01231000,btc,8.9,0.0,0.086870176,1
0,[],2,[],2019-01-20 23:28:45,0.0,0,0,6477011,2019-01-20 23:28:45,,0.0,0.0,0,,0.0,0.0,0.0,1
1,[],5,[],2019-02-16 22:45:23,1.472e-05,0.00000066,0.000000000023950344,6690613,2019-02-16 22:45:23,btc,0.12689027,7.499e-05,0.00000066,btc,6.166e-05,0.0,0.252549,2
0,[],22,[],2019-02-16 22:45:26,0.0,0,0,6690614,2019-02-16 22:45:26,,0.0,0.0,0,,0.0,0.0,0.0,2
1,[],5,[],2019-02-16 22:45:28,1.29e-06,0.00000017,0.000000000006169028,6690615,2019-02-16 22:45:28,btc,4.35234101,0.01616131,0.00000017,btc,2.278e-05,0.0,3.5422987,3
1,[],12,[],2019-02-16 22:45:30,13103789.64857522,0.00000017,0.000000000006169028,6690616,2019-02-16 22:45:30,btc,923761.8036602433,0.0,0.00000017,btc,8733865.65503495,0.13040161961200453,0.6044164877332775,3
0,[],28,[],2019-02-16 22:45:36,0.0,0,0,6690617,2019-02-16 22:45:36,,0.0,0.0,0,,0.0,0.0,0.0,3
0,[],2,[],2019-01-20 23:31:32,0.0,0,0,6477077,2019-01-20 23:31:32,,0.0,0.0,0,,0.0,0.0,0.0,4
1,[],4,[],2019-02-16 22:45:37,401614.60929168,0.00000032,0.000000000011612288,6690618,2019-02-16 22:45:37,btc,0.3843263432853214,0.0,0.00000032,btc,337830.34099658,0.0019529,0.0550515297799035,4
1,[],12,[],2019-02-14 17:26:54,1405077.5219999999,0.00000004,0.000000000001441592,6666503,2019-02-14 17:26:54,btc,11113878.38315974,0.0,0.00000004,btc,1084186.13790569,0.0004039437362635,0.02355927044,5
0,[],2,[],2019-01-20 23:31:51,0.0,0,0,6477087,2019-01-20 23:31:51,,0.0,0.0,0,,0.0,0.0,0.0,6
1,[],11,[],2019-02-16 22:45:39,1401309.5,0.00000002,0.0000000000007257680000000001,6690619,2019-02-16 22:45:39,btc,9433.292373620638,280000.0,0.00000002,btc,40128064.15478057,0.0,0.019535885,6
1,[],3,[],2019-02-16 22:45:41,1092.491282278592,0.00014604999999999999926725280374739668332040309906005859375,0.00000000529992082,6690620,2019-02-16 22:45:41,btc,27.605796873748474,0.0,0.00014604999999999999926725280374739668332040309906005859375,btc,249.144760639695,0.0,0.03419289121579027,7
1,[],4,[],2019-02-16 22:45:41,19128.74930993,0.00025191,0.000000009141410844,6690621,2019-02-16 22:45:41,btc,3.307174232566099,0.0,0.00025191,btc,12365.96095463,9.70909414,4.019441587840047,7
1,[],5,[],2019-02-16 22:45:43,0.00780341,0.00024500,0.000000008890658,6690622,2019-02-16 22:45:43,btc,1.94326542,2.09932791,0.00024500,btc,0.01542212,0.0,1.79247723,7
1,[],20,[],2019-02-16 22:15:34,39399800.8418,0.000000001,0.0000000000000362764,6690571,2019-02-16 22:15:34,btc,116.8105547367511,4113491.0,0.000000001,btc,57099322.9204,0.004113491,0.0393998008418,8
1,[],1,[],2019-02-16 22:45:44,3707434.59,0.000001830000000000000054831898570195658493275914224795997142791748046875,0.000000000066407772,6690623,2019-02-16 22:45:44,btc,7.1858179082,11274673.44,0.000001830000000000000054831898570195658493275914224795997142791748046875,btc,3845481.31,20.77689539,6.7034536576,9
1,[],4,[],2019-02-16 22:45:45,378198.00951475,0.00000181,0.000000000065682004,6690624,2019-02-16 22:45:45,btc,1.044421197823858,0.0,0.00000181,btc,552926.45818333,2.56983774,0.6569084612148759,9
1,[],28,[],2019-02-16 22:45:52,43336.934,0.00000167,0.000000000060601628,6690625,2019-02-16 22:45:52,btc,2708.76126858,3552236.0,0.00000167,btc,11769.36,0.0,0.04320967978,9
0,[],2,[],2019-01-20 23:22:42,0.0,0,0,6476876,2019-01-20 23:22:42,,0.0,0.0,0,,0.0,0.0,0.0,9
0,[],23,[],2019-01-20 23:22:48,0.0,0,0,6476878,2019-01-20 23:22:48,,0.0,0.0,0,,0.0,0.0,0.0,9
1,[],4,[],2019-02-16 22:45:54,4377266.65426054,0.00000002,0.000000000000725768,6690626,2019-02-16 22:45:54,btc,0.2009273189451339,0.0,0.00000002,btc,4142375.72908029,0.0002174,0.0492609853452108,10
1,[],4,[],2019-02-16 22:45:55,1686917.58174771,0.00000160,0.00000000005806144,6690627,2019-02-16 22:45:55,btc,5.706420978681906,0.0,0.00000160,btc,3265234.96474726,13.91549736,2.5839152521947475,12
1,[],5,[],2019-02-16 22:45:56,3.512e-05,0.00000159,0.000000000057698556000000005,6690628,2019-02-16 22:45:56,btc,0.64873406,1.00755773,0.00000159,btc,0.00011634,0.0,0.74539565,12
0.0,[],25,[],2019-02-16 22:45:57,0.0,0,0,6690629,2019-02-16 22:45:57,,0.0,0.0,0.0,btc,0.0,0.0,0.0,12
0,[],2,[],2019-01-20 23:23:08,0.0,0,0,6476890,2019-01-20 23:23:08,,0.0,0.0,0,,0.0,0.0,0.0,12
1,[],4,[],2019-02-16 22:45:58,1410915.21125795,0.00000631,0.000000000228979804,6690630,2019-02-16 22:45:58,btc,1.3776885663643117,0.0,0.00000631,btc,195858.73839046,0.45643523,1.9288851973221803,13
1,[],21,[],2019-02-16 22:46:04,1228000.42321469,0.000006250000000000000299510850149,0.00000000022680250000000003,6690631,2019-02-16 22:46:04,btc,5.493312032075918,450521.44365667,0.0000062500000000000002995108501491205998945588362403213977813720703125,btc,743462.01338055,2.93889651,7.259644546532526,13
1,[],10,[],2019-02-16 21:44:17,453279.96417952,0.00000642,0.000000000233022888,6690180,2019-02-16 21:44:17,btc,666805.4428562858,3427.17598279,0.00000642,btc,723893.87301241,0.0,0.4155874935832956,13
1,[],4,[],2019-02-16 22:46:05,989002.8721906,0.00000138,0.000000000050077992,6690632,2019-02-16 22:46:05,btc,0.1072760590404664,0.0,0.00000138,btc,58265.91093232,0.00179609,0.4161537592049249,14
1,[],12,[],2019-02-16 22:46:06,85543.2231405,0.000001250000000000000102253817392539136932327892282046377658843994140625,0.000000000045360500000000003,6690633,2019-02-16 22:46:06,btc,2.7758975950099636,0.0,0.000001250000000000000102253817392539136932327892282046377658843994140625,btc,29994.22510305,0.0003021182997546,0.009337320000005,14
1,[],26,[],2019-02-16 22:46:07,0.0,0,0,6690634,2019-02-16 22:46:07,,0.0,0.0,0,,0.0,0.0,0.0,14
0,[],17,[],2019-02-16 21:59:13,0.0,0,0,6690385,2019-02-16 21:59:13,btc,0.0,0.0,0,btc,0.0,0.0,0.0,14
0,[],4,[],2019-02-16 22:46:07,0.0,0,0,6690635,2019-02-16 22:46:07,,0.0,0.0,0,,0.0,0.0,0.0,15
,[],12,[],2018-12-01 15:15:48,204241.84496,0.00000489,0.000000000202473384,5260204,2018-12-01 15:15:48,btc,49.5475654835,0.0,,btc,35763.2193806,0.0163153972027625,0.0203389899998,15
1,[],4,[],2019-02-16 22:46:09,28210.02305835,0.00001823,0.000000000661537532,6690636,2019-02-16 22:46:09,btc,2.2117285024162463,0.0,0.00001823,btc,7346.2864993,0.00809616,0.1238381970789282,18
1,[],10,[],2019-02-16 22:46:11,788365.01845937,0.000019,0.0000000006894796000000001,6690637,2019-02-16 22:46:11,btc,15.534602545722729,549.82637784,0.000019,btc,10465.73006568,0.0,0.2967095665907763,18
1,[],12,[],2019-02-16 22:46:12,204305.23880694,0.00001775000000000000115554267543505062576514319516718387603759765625,0.0000000006441191000000001,6690638,2019-02-16 22:46:12,btc,22.612318474143557,0.0,0.00001775000000000000115554267543505062576514319516718387603759765625,btc,1881.99797713,0.002332839358534,0.033907596323902396,18
0,[],17,[],2019-02-16 21:59:31,0.0,0,0,6690391,2019-02-16 21:59:31,btc,0.0,0.0,0,btc,0.0,0.0,0.0,18
0,[],2,[],2019-01-20 23:23:38,0.0,0,0,6476906,2019-01-20 23:23:38,,0.0,0.0,0,,0.0,0.0,0.0,18
1,[],3,[],2019-02-16 22:46:15,120772.07989923679,0.00002209000000000000026034729927459920872934162616729736328125,0.0000000008016107560000001,6690639,2019-02-16 22:46:15,btc,0.47897780861887945,9608.81825373,0.00002209000000000000026034729927459920872934162616729736328125,btc,5417.520638937134,0.0,0.07969251412375308,19
1,[],4,[],2019-02-16 22:46:15,269522.13455866,0.00002351,0.0000000008531402840000001,6690640,2019-02-16 22:46:15,btc,0.2259810077922059,0.0,0.00002351,btc,8463.57449677,0.74505599,2.1276838342147917,19
1,[],5,[],2019-02-16 22:46:17,0.00015502,0.00002104,0.000000000763507936,6690641,2019-02-16 22:46:17,btc,0.21200377,0.00026444,0.00002104,btc,0.00296645,0.0,0.06692384,19
1,[],12,[],2019-02-16 22:46:18,134810.86155855,0.0000229699999999999986111630378982084721428691409528255462646484375,0.000000000833544548,6690642,2019-02-16 22:46:18,btc,0.0293647967813548,0.0,0.0000229699999999999986111630378982084721428691409528255462646484375,btc,290.66393647,0.0,0.0326788499998935,19
0,[],27,[],2019-02-16 22:46:21,0.0,0,0,6690643,2019-02-16 22:46:21,,0.0,0.0,0,btc,0.0,0.0,0.0,19
0,[],2,[],2019-01-20 23:24:19,0.0,0,0,6476924,2019-01-20 23:24:19,,0.0,0.0,0,,0.0,0.0,0.0,19
1,[],4,[],2019-02-16 22:46:22,8088873.07731539,0.00000014,0.000000000005080376,6690644,2019-02-16 22:46:22,btc,0.7457130922492494,0.0,0.00000014,btc,1594207.2060696,0.00154,0.2609889090751498,20
1,[],4,[],2019-02-16 22:46:23,112158642.2629021,0.00000002,0.000000000000725768,6690645,2019-02-16 22:46:23,btc,0.4197707993908996,0.0,0.00000002,btc,12406883.03946572,0.00090997,1.2810132891386825,21
1,[],12,[],2019-02-16 22:46:24,17377041.0,0.00000002,0.0000000000007257680000000001,6690646,2019-02-16 22:46:24,btc,669.7079376617195,0.0,0.00000002,btc,8590953.269732941,0.0,0.2197811,21
0,[],17,[],2019-02-16 22:46:26,0.0,0,0,6690647,2019-02-16 22:46:26,btc,0.0,0.0,0,btc,0.0,0.0,0.0,21
1,[],12,[],2019-02-16 22:46:27,2591847709.043896,0.0000000002,0.00000000000000725768,6690648,2019-02-16 22:46:27,btc,880864730664.0884,0.0,0.0000000002,btc,4239020051.6527987,0.048072989122277726,0.2659531003555898,23
0,[],27,[],2019-02-16 22:46:29,0.0,0,0,6690649,2019-02-16 22:46:29,,1.3429826565934113,0.0,0,eth,1964879.85514486,0.0,0.0,23
1,[],4,[],2019-02-16 22:46:31,375986.93308962,0.00000067,0.000000000024313228,6690650,2019-02-16 22:46:31,btc,0.1641358918703924,0.0,0.00000067,btc,169465.62316124,0.00771564,0.1910378735102057,24
1,[],22,[],2019-02-16 22:46:34,11.76,0.00000100,0.000000000036288400000000005,6690651,2019-02-16 22:46:34,BTC,7.415e-05,0.0,0.00000100,BTC,23.919354838709676,0.0,1.176e-05,24
0.0,[],25,[],2019-02-16 22:46:36,0.0,0,0,6690652,2019-02-16 22:46:36,,0.0,0.0,0.0,btc,0.0,0.0,0.0,24
1,[],4,[],2019-02-16 22:46:37,26864649.454002,0.00000575,0.0000000002086583,6690653,2019-02-16 22:46:37,btc,0.4084883994374342,0.0,0.00000575,btc,44719.75756136,0.05173545,0.4670653021196241,26
1,[],10,[],2019-02-16 22:46:39,683124.32364576,0.0000054,0.00000000019595736000000002,6690654,2019-02-16 22:46:39,btc,25.92728077701855,0.0,0.0000054,btc,14351.41452713,0.0,0.214323946852821,26
0,[],2,[],2019-01-20 23:25:56,0.0,0,0,6476976,2019-01-20 23:25:56,,0.0,0.0,0,,0.0,0.0,0.0,26
1,[],3,[],2019-02-16 22:46:40,5800007.95913569,0.00000001,0.00000000000036288400000000005,6690655,2019-02-16 22:46:40,btc,2.696003696209302,190528.0,0.00000001,btc,17077574.61059958,0.0,0.0580000795913569,27
1,[],5,[],2019-02-16 22:46:41,1e-08,0.00000001,0.000000000000362884,6690656,2019-02-16 22:46:41,btc,1.5981049,0.0,0.00000001,btc,4.345e-05,0.0,0.09876515,27
1,[],11,[],2019-02-16 22:46:44,10063976.7912115,0.00000005,0.00000000000181442,6690657,2019-02-16 22:46:44,btc,370.63395482225405,8080.0,0.00000005,btc,8170894.5693934,0.0,0.4660996184459823,27
1,[],4,[],2019-02-16 22:46:45,539715687.4584724,0.00000002,0.000000000000725768,6690658,2019-02-16 22:46:45,btc,0.2384566874542476,0.0,0.00000002,"btc,ltc",15099844.90901785,0.35587891,8.308836138121166,29
1,[],7,[],2019-02-16 22:46:47,28336090.63491832,0.00000002,0.0000000000007257680000000001,6690659,2019-02-16 22:46:47,btc,44465227.170838356,1144.65034965,0.00000002,btc,55819499.563420214,2.639e-05,0.41187488825014074,29
1,[],4,[],2019-02-16 22:46:48,1375308.35411617,0.00000025,0.000000000009072100000000001,6690660,2019-02-16 22:46:48,btc,0.1535904593791286,0.0,0.00000025,btc,378189.10335149,0.00604417,0.0874906823368622,30
0,[],17,[],2019-02-16 19:42:26,0.0,0,0,6689221,2019-02-16 19:42:26,btc,0.0,0.0,0,btc,0.0,0.0,0.0,30
1,[],4,[],2019-02-16 22:47:01,1143259.86146892,0.00006326,0.000000002295604184,6690661,2019-02-16 22:47:01,btc,0.7601637748940991,0.0,0.00006326,btc,10583.60658597,3.01464135,1.9021167807374324,31
1,[],21,[],2019-02-16 22:47:01,66169.04640239,0.00006263999999999999657249866170,0.000000002273105376,6690662,2019-02-16 22:47:01,btc,3.1124492695805666,235414.13732235,0.000062639999999999996572498661695505006719031371176242828369140625,btc,44636.828919319996,14.77550562,3.8249342942317153,31
0,[],2,[],2019-01-20 23:28:43,0.0,0,0,6477009,2019-01-20 23:28:43,,0.0,0.0,0,,0.0,0.0,0.0,32
1,[],4,[],2019-02-16 22:47:02,143289558.4744353,0.00000005,0.00000000000181442,6690663,2019-02-16 22:47:02,btc,2.5514696953811202,0.0,0.00000005,"btc,ltc",52334835.58202103,0.80322981,2.573167489876172,33
1,[],12,[],2019-02-16 22:47:04,14904993.0,0.00000005,0.00000000000181442,6690664,2019-02-16 22:47:04,btc,51756934.62115121,0.0,0.00000005,btc,88939556.81118861,0.0108755537962046,0.48147315,33
1,[],4,[],2019-02-16 22:47:05,134445059.74163935,0.00000001,0.000000000000362884,6690665,2019-02-16 22:47:05,btc,1.0192594355728033,0.0,0.00000001,btc,42300854.48282942,0.00499854,1.3444505974163936,34
1,[],5,[],2019-02-16 22:47:06,1e-08,0.00000001,0.000000000000362884,6690666,2019-02-16 22:47:06,btc,5.0796138,0.0002163,0.00000001,btc,1.343e-05,0.0,0.84660099,34
0.00000000012089,[],4,[],2019-02-16 22:47:07,1122746816.5661898,2.4178000000000003e-18,8.773809352000001e-23,6690667,2019-02-16 22:47:07,ltc,9.825922312957541e-09,0.0,0.00000002,ltc,1939192272.463282,0.0,2.0531068888654136e-09,36
1,[],5,[],2019-02-16 22:47:09,0.0,0,0,6690668,2019-02-16 22:47:09,btc,197.53855731,0.0,0,btc,1.325e-05,0.0,0.0,36
0,[],17,[],2019-02-16 22:47:20,0.0,0,0,6690669,2019-02-16 22:47:20,btc,0.14155809404650171,0.0,0,btc,10794800.77743647,0.0,0.0,36
0.00000000034000339999999996,[],27,[],2019-02-16 22:47:24,7.0,3.4000339999999996e-18,1.233817938056e-22,6690670,2019-02-16 22:47:24,eth,100.2431170304,390.0,0.00000001,"ltc,eth",1255695.88,5.304053039999999e-13,2.3800237999999998e-17,36
1,[],4,[],2019-02-16 22:47:25,429328.54649174,0.00000084,0.000000000030482256000000004,6690671,2019-02-16 22:47:25,btc,0.4214621947623372,0.0,0.00000084,btc,316521.27789109,0.10347616,0.2468819112214842,37
1,[],12,[],2019-02-16 22:47:26,470707.75351308,0.00000084,0.000000000030482256000000004,6690672,2019-02-16 22:47:26,btc,1364.171297120687,0.0,0.00000084,btc,831678.89470224,0.1666928637237896,0.0905258240680568,37
1,[],17,[],2019-02-16 22:47:27,1752.74075282,0.00000025,0.0000000000090721,6690673,2019-02-16 22:47:27,btc,0.055484923777095005,0.0,0.00000025,btc,1319.19918473,0.0,0.00043818518820499993,37
1,[],27,[],2019-02-16 22:47:32,15952.0,0.00000052,0.000000000018869968000000003,6690674,2019-02-16 22:47:32,btc,25.70013877686233,0.0,0.00000052,btc,6321.02738508,0.0,0.00545422,37
1,[],5,[],2019-02-16 22:47:33,1.474e-05,0.00000096,0.000000000034836864000000005,6690675,2019-02-16 22:47:33,btc,0.09716803,0.01988106,0.00000096,btc,9.564e-05,0.0,0.03984222,42
1,[],12,[],2019-02-16 22:47:35,127371.95332438,0.0000009,0.00000000003265956,6690676,2019-02-16 22:47:35,btc,92.87858712647463,0.0,0.0000009,btc,86442.8063132,0.0110594369830106,0.0428280700000006,42
0,[],27,[],2019-02-16 22:47:39,0.0,0,0,6690677,2019-02-16 22:47:39,,0.00315028,0.0,0,"btc,eth",11.007,0.0,0.0,42
1,[],5,[],2019-02-16 22:47:41,6e-08,0.00000003,0.0000000000010886520000000002,6690678,2019-02-16 22:47:41,btc,5.88486239,0.01928019,0.00000003,btc,1.425e-05,0.0,0.61951428,43
1,[],12,[],2019-02-16 22:47:42,4101545.0,0.00000001,0.00000000000036288400000000005,6690679,2019-02-16 22:47:42,btc,20007457.49269621,0.0,0.00000001,btc,38975741.48291704,1.998001998e-07,0.04101545,43
0,[],17,[],2019-02-16 20:56:58,0.0,0,0,6690027,2019-02-16 20:56:58,btc,0.0,0.0,0,btc,0.0,0.0,0.0,43
1,[],12,[],2019-02-16 22:47:54,721763.0,0.00000005,0.00000000000181442,6690680,2019-02-16 22:47:54,btc,11115166.704775382,0.0,0.00000005,btc,1033322.31470526,4.23e-05,0.0190927,44
1,[],4,[],2019-02-16 22:47:55,325107138.6980355,0.00000002,0.000000000000725768,6690681,2019-02-16 22:47:55,btc,0.18862180692952116,0.0,0.00000002,"btc,ltc",4547058.18578735,0.00142599,0.42918415309539554,49
0.00000000012089,[],4,[],2019-02-16 22:47:56,132370538.38500668,1.2089000000000002e-18,4.3869046760000004e-23,6690682,2019-02-16 22:47:56,ltc,4.645173508328327,0.0,0.00000001,ltc,3620033764.560867,0.0,1.600227438536346e-10,52
0,[],22,[],2019-02-16 22:48:13,0.0,0,0,6690683,2019-02-16 22:48:13,,4368.07440295,0.0,0,,262751443.67882353,0.0,0.0,57
0,[],27,[],2019-02-16 22:48:19,0.0,0,0,6690684,2019-02-16 22:48:19,,0.0,0.0,0,"btc,eth",0.0,0.0,0.0,57
0.00000000012089,[],4,[],2019-02-16 22:48:20,918836642.6086639,4.835600000000001e-18,1.7547618704000002e-22,6690685,2019-02-16 22:48:20,ltc,3.2722090033159477,0.0,0.00000004,ltc,1024337801.5182172,0.0,2.3477956883853837e-09,58
1,[],12,[],2019-02-16 22:48:21,1742846087.843957,0.0000000005,0.000000000000018144200000000003,6690686,2019-02-16 22:48:21,btc,724045490916.3285,0.0,0.0000000005,btc,3719839206.6793365,0.007138192516983016,0.5865124702011392,58
0.0000000001281297,[],22,[],2019-02-16 22:48:25,137438.0,1.281297e-18,4.64962180548e-23,6690687,2019-02-16 22:48:25,XMR,69.8835922,0.0,0.00000001,XMR,9887963.0,0.0,0.00137438,58
0,[],17,[],2019-02-16 20:57:17,0.0,0,0,6690035,2019-02-16 20:57:17,btc,1e+24,0.0,0,btc,41401875.8285055,0.0,0.0,58
1,[],5,[],2019-02-16 22:48:27,3.48e-06,0.00000043,0.000000000015604012000000002,6690688,2019-02-16 22:48:27,btc,0.07762789,0.05598192,0.00000043,btc,4.581e-05,0.0,0.06915591,61
1,[],22,[],2019-02-16 22:48:38,5149.5,0.00000011,0.0000000000039917240000000006,6690689,2019-02-16 22:48:38,BTC,1002.29597012,0.0,0.00000011,BTC,14947.700278135757,1.2e-05,0.00051596,61
1,[],26,[],2019-02-16 22:48:38,0.0,0,0,6690690,2019-02-16 22:48:38,,0.0,0.0,0,,0.0,0.0,0.0,61
1,[],27,[],2019-02-16 22:48:42,265297.021,0.00000032,0.000000000011612288,6690691,2019-02-16 22:48:42,btc,2.914270623900124,1104.57125583,0.00000032,"btc,eth",18173.48235296,0.0003880000338005472,8.821005156841707e-05,61
1,[],28,[],2019-02-16 22:48:47,13882.304,0.0000005,0.000000000018144200000000003,6690692,2019-02-16 22:48:47,btc,2.062488404235105,6734.0,0.0000005,btc,15611.87550005,0.0,0.00566491304,61
1,[],4,[],2019-02-16 22:48:48,597983.87247488,0.00000313,0.00000000011358269200000001,6690693,2019-02-16 22:48:48,btc,1.3807288379937914,0.0,0.00000313,btc,327509.85285517,0.3805503,1.090774998795296,67
0.0,[],25,[],2019-02-16 22:48:50,0.0,0,0,6690694,2019-02-16 22:48:50,,0.0,0.0,0.0,btc,0.0,0.0,0.0,67
1,[],12,[],2019-02-16 22:48:51,3435200.85952287,0.00000015,0.00000000000544326,6690695,2019-02-16 22:48:51,btc,11115996.05116669,0.0,0.00000015,btc,1870571.93392669,0.0064358501134182,0.13021129585287539,71
,[],5,[],2018-11-20 23:02:39,1.5e-07,0.00000005,0.000000000002128045,4862160,2018-11-20 23:02:39,btc,2.84511358,0.0,,btc,0.00036572,0.0,0.07381892,74
1,[],5,[],2019-02-16 22:48:52,3.049e-05,0.00000156,0.000000000056609904,6690696,2019-02-16 22:48:52,btc,1.5424315,0.0,0.00000156,btc,0.00016981,0.0,0.30484564,75
1,[],4,[],2019-02-16 22:48:54,29738604.75692337,0.00000001,0.000000000000362884,6690697,2019-02-16 22:48:54,btc,0.8487978482018892,0.0,0.00000001,btc,15391342.79181637,0.0146539,0.2973860475692337,81
0,[],20,[],2019-01-25 09:30:31,0.0,0,0,6495923,2019-01-25 09:30:31,btc,0.0,0.0,0,btc,0.0,0.0,0.0,81
1,[],4,[],2019-02-16 22:48:55,30644.06818019,0.00007201,0.0000000026131276840000002,6690698,2019-02-16 22:48:55,btc,0.9242335324646593,0.0,0.00007201,btc,8459.64381999,0.07439266,0.1354846253528844,82
1,[],21,[],2019-02-16 22:48:56,137415.63711758,0.00007771999999999999449249582506,0.000000002820334448,6690699,2019-02-16 22:48:56,btc,2.862311188539454,1730.05286079,0.000077719999999999994492495825060274228235357441008090972900390625,btc,32022.80232386,0.13665804,2.34876117843089,82
0,[],17,[],2019-02-16 22:04:08,0.0,0,0,6690448,2019-02-16 22:04:08,btc,0.0447233088476774,0.0,0,btc,999127.19588126,0.0,0.0,84
0.00000000012089,[],4,[],2019-02-16 22:48:59,170732317.00990874,8.4623e-18,3.0708332732000003e-22,6690700,2019-02-16 22:48:59,ltc,0.1956906326853181,0.0,0.00000007,ltc,101622903.83804251,0.0,8.385131709956281e-10,85
,[],22,[],2018-11-20 23:09:34,3408.1,0.0000001,0.0000000000041895,4862324,2018-11-20 23:09:34,BTC,0.04624735,0.0,,BTC,4990.0,0.0,0.00033081,86
0,[],22,[],2019-02-16 22:49:03,0.0,0,0,6690701,2019-02-16 22:49:03,,2.0760781,0.0,0,,140622.94736842104,0.0,0.0,87
0,[],27,[],2019-02-16 22:49:07,0.0,0,0,6690702,2019-02-16 22:49:07,,0.0,0.0,0,btc,0.0,0.0,0.0,87
,[],2,[],2018-11-20 23:10:47,0.0,0,0,4862359,2018-11-20 23:10:47,,0.0,0.0,,,0.0,0.0,0.0,88
1,[],11,[],2019-02-16 22:49:09,95776.73161504,0.00014306999999999999730569688605186229324317537248134613037109375,0.000000005191781388,6690703,2019-02-16 22:49:09,btc,609.8377832481968,993.02343,0.00014306999999999999730569688605186229324317537248134613037109375,btc,93680.35769162,0.0,6.4044149155658285,89
0,[],2,[],2019-01-20 23:31:45,0.0,0,0,6477083,2019-01-20 23:31:45,,0.0,0.0,0,,0.0,0.0,0.0,91
1,[],12,[],2019-02-16 22:49:10,436991.70341267,0.00000206000000000000018206681821897330308956952649168670177459716796875,0.00000000007475410400000002,6690704,2019-02-16 22:49:10,btc,4.1686842394306645,0.0,0.00000206000000000000018206681821897330308956952649168670177459716796875,btc,46724.93694967,0.0016792621888128,0.0602732962729689,91
0,[],17,[],2019-02-16 22:04:25,0.0,0,0,6690454,2019-02-16 22:04:25,btc,0.0,0.0,0,btc,0.0,0.0,0.0,91
0.00000000012089,[],22,[],2019-02-16 22:49:38,4508000.0,4.835600000000001e-18,1.7547618704000002e-22,6690705,2019-02-16 22:49:38,LTC,8.12129807,0.0,0.00000004,LTC,66745238.1,8.22052e-14,0.14507,95
0.00000000012089,[],4,[],2019-02-16 22:49:39,135391548.92021453,9.308530000000001e-17,3.3779166005200004e-21,6690706,2019-02-16 22:49:39,ltc,0.9760549172994221,0.0,0.00000077,ltc,47819880.60636606,0.00692518,1.1249632722966193e-09,96
1,[],12,[],2019-02-16 22:49:40,294764.0,0.00000001,0.00000000000036288400000000005,6690707,2019-02-16 22:49:40,btc,255052.49766885003,0.0,0.00000001,btc,8744507.55375598,0.00015288,0.00294764,96
0,[],17,[],2019-02-16 22:49:52,0.0,0,0,6690708,2019-02-16 22:49:52,btc,0.0,0.0,0,btc,0.0,0.0,0.0,96
1,[],4,[],2019-02-16 22:49:54,1596363.23444256,0.00000034,0.000000000012338056,6690709,2019-02-16 22:49:54,btc,0.2131818376651314,0.0,0.00000034,btc,467869.13852282,0.01415667,0.1993901968123272,99
0,[],2,[],2019-01-20 23:23:55,0.0,0,0,6476914,2019-01-20 23:23:55,,0.0,0.0,0,,0.0,0.0,0.0,100
1,[],4,[],2019-02-16 22:49:55,215636.57745527,0.00004001,0.000000001451898884,6690710,2019-02-16 22:49:55,btc,1.246028578690206,0.0,0.00004001,btc,27864.91531262,0.51067238,1.9598832491758609,100
1,[],22,[],2019-02-16 22:49:59,50000.0,0.00000001,0.000000000000362884,6690711,2019-02-16 22:49:59,BTC,23.49896609,0.0,0.00000001,BTC,10277.22,0.0,0.0005,101
1,[],4,[],2019-02-16 22:50:00,375810.07710772,0.00000083,0.000000000030119372,6690712,2019-02-16 22:50:00,btc,0.4184384750639547,0.0,0.00000083,btc,170378.92578587,0.06462303,0.1751361991097716,103
1,[],12,[],2019-02-16 22:50:04,42941343.4663887,0.000000016,0.0000000000005806144000000001,6690713,2019-02-16 22:50:04,btc,137279201.98385057,0.0,0.000000016,btc,122887421.40712705,0.04471280793448347,0.16258173146221921,105
1,[],27,[],2019-02-16 22:50:07,3997411.89,0.00000001,0.000000000000362884,6690714,2019-02-16 22:50:07,btc,0.2583299431492299,16421.0,0.00000001,btc,303168.20460553,0.00016421,0.0399741189,105
0,[],22,[],2019-02-16 22:50:09,0.0,0,0,6690715,2019-02-16 22:50:09,,51.10825004,0.0,0,,468935.0,0.0,0.0,107
1,[],26,[],2019-02-16 22:50:10,0.0,0,0,6690716,2019-02-16 22:50:10,,0.0,0.0,0,,0.0,0.0,0.0,107
1,[],5,[],2019-02-16 22:50:12,1e-08,0.00000001,0.000000000000362884,6690717,2019-02-16 22:50:12,btc,2.90172889,9.22e-06,0.00000001,btc,1.571e-05,0.0,0.08578082,112
1,[],22,[],2019-02-16 22:50:16,167093.0,0.00000001,0.000000000000362884,6690718,2019-02-16 22:50:16,BTC,2.81183288,0.0,0.00000001,BTC,808524.0833333334,0.0,0.00167093,112
0,[],27,[],2019-02-16 22:50:22,0.0,0,0,6690719,2019-02-16 22:50:22,,1.35132491849924,0.0,0,"btc,eth",1328.641654,0.0,0.0,112
1,[],4,[],2019-02-16 22:50:25,444372.61113553,0.00000325,0.0000000001179373,6690720,2019-02-16 22:50:25,btc,0.3004295173231719,0.0,0.00000325,btc,66412.61693495,0.12726613,0.1750206819331824,113
1,[],5,[],2019-02-16 22:50:26,1.227e-05,0.00000307,0.000000000111405388,6690721,2019-02-16 22:50:26,btc,2.15119258,0.00462898,0.00000307,btc,0.00283452,0.0,0.19842726,113
1,[],17,[],2019-02-16 22:50:28,152738.278,0.00000004,0.0000000000014515360000000002,6690722,2019-02-16 22:50:28,btc,1.3368030274681397,0.0,0.00000004,btc,51896.221,0.0,0.0022095311199999998,116
0,[],27,[],2019-02-16 22:50:32,0.0,0,0,6690723,2019-02-16 22:50:32,,0.0,0.0,0,btc,0.0,0.0,0.0,116
1,[],4,[],2019-02-16 22:50:33,30885.94840752,0.00003187,0.0000000011565113080000001,6690724,2019-02-16 22:50:33,btc,0.8051816266007401,0.0,0.00003187,btc,22650.08351861,3.96117815,0.8559852353035363,120
1,[],7,[],2019-02-16 22:50:35,18333.54530478,0.0000306600000000000012172034213886462339360150508582592010498046875,0.0000000011126023440000001,6690725,2019-02-16 22:50:35,btc,115647.12640032101,8043.48904502,0.0000306600000000000012172034213886462339360150508582592010498046875,btc,27711.60240043,0.26589901,0.0780986905774972,120
1,[],20,[],2019-02-16 22:50:38,1085883.8897,0.000000016,0.0000000000005806144,6690726,2019-02-16 22:50:38,btc,31.5529793801051,2860.7,0.000000016,btc,1168796.9594,4.29105e-05,0.0052152547174,125
1,[],22,[],2019-02-16 22:50:42,3053.0,0.00000001,0.000000000000362884,6690727,2019-02-16 22:50:42,BTC,0.01444887,0.0,0.00000001,BTC,296263.5111111111,2e-08,3.053e-05,126
1,[],4,[],2019-02-16 22:50:43,129213.31398161,0.00001999,0.0000000007254051160000001,6690728,2019-02-16 22:50:43,btc,1.0049922194611147,0.0,0.00001999,btc,37944.09315291,0.76083343,1.091896623657585,131
0,[],17,[],2019-02-16 22:50:54,0.0,0,0,6690729,2019-02-16 22:50:54,btc,0.0009561751951600001,0.0,0,btc,35.42829368,0.0,0.0,131
0,[],2,[],2019-01-20 23:25:46,0.0,0,0,6476969,2019-01-20 23:25:46,,0.0,0.0,0,,0.0,0.0,0.0,131
1,[],4,[],2019-02-16 22:50:57,4551.90170281,0.00016007,0.000000005808684188,6690730,2019-02-16 22:50:57,btc,1.6421815711089056,0.0,0.00016007,btc,308.40189166,0.0,0.0081053435436178,135
1,[],3,[],2019-02-16 22:50:58,1762573.20571841,0.00000005,0.00000000000181442,6690731,2019-02-16 22:50:58,btc,0.129547960854597,4019.0,0.00000005,btc,495848.66366187,0.0,0.064474815113701,136
1,[],4,[],2019-02-16 22:50:58,75531.34004407,0.00000175,0.0000000000635047,6690732,2019-02-16 22:50:58,btc,0.1299662631699773,0.0,0.00000175,btc,61056.84176592,0.07899566,0.0930153450426164,137
1,[],12,[],2019-02-16 22:51:00,307474.36997565,0.000001740000000000000069492480346544649449924690998159348964691162109375,0.000000000063141816,6690733,2019-02-16 22:51:00,btc,11981.691565015772,0.0,0.000001740000000000000069492480346544649449924690998159348964691162109375,btc,158306.67211917,0.0219272137628318,0.045653559832017,137
1,[],4,[],2019-02-16 22:51:01,114687.26768847,0.00005037,0.0000000018278467080000002,6690734,2019-02-16 22:51:01,btc,1.1771563452306435,0.0,0.00005037,btc,13303.70527232,0.67398269,0.3612360637780811,142
1,[],5,[],2019-02-16 22:51:03,0.00189294,0.00005244,0.000000001902963696,6690735,2019-02-16 22:51:03,btc,1.7472669,0.39477338,0.00005244,btc,0.00357365,0.0,1.19191457,142
1,[],20,[],2019-02-16 22:51:06,133948.0986,0.000049952,0.0000000018126781568000002,6690736,2019-02-16 22:51:06,btc,0.3294705941152,0.0,0.000049952,btc,2891.2776,0.0,0.2562916813963,142
1,[],22,[],2019-02-16 22:51:10,1621.354305200341,0.00003220,0.00000000116848648,6690737,2019-02-16 22:51:10,BTC,3.0070065,0.0,0.00003220,BTC,896.9784641392417,0.0,0.0019668,142
0.0,[],25,[],2019-02-16 22:51:11,0.0,0,0,6690738,2019-02-16 22:51:11,,0.0,0.0,0.0,btc,0.0,0.0,0.0,142
1,[],28,[],2019-02-16 22:51:13,77743.0,0.00004500,0.000000001632978,6690739,2019-02-16 22:51:13,btc,0.057077112,1840.0,0.00004500,btc,355.5089,0.0,0.0519372,142
1,[],17,[],2019-02-16 22:05:32,22967.386363640002,0.00000088,0.000000000031939336,6690484,2019-02-16 22:05:32,btc,20.069913352644818,0.0,0.00000088,btc,2746.079105,0.0,0.0104613000000032,142
0,[],22,[],2019-02-16 22:51:16,0.0,0,0,6690740,2019-02-16 22:51:16,,67.4417569,0.0,0,,836095972.3,0.0,0.0,143
1,[],21,[],2019-02-16 22:51:17,32547825.92982161,0.00000026,0.000000000009434984,6690741,2019-02-16 22:51:17,btc,41.429636570056424,13134399.46354788,0.00000026,btc,84952156.8688155,3.5237099,4.657924433926472,145
0,[],22,[],2019-02-16 22:51:20,0.0,0,0,6690742,2019-02-16 22:51:20,,4.24982284,0.0,0,,1814156.0,0.0,0.0,146
,[],22,[],2018-11-20 23:01:11,0.0,0,0,4862114,2018-11-20 23:01:11,,2.56807021,0.0,,,61828.4988236,0.0,0.0,147
1,[],12,[],2019-02-16 22:51:21,8678903.46441993,0.000003019999999999999884515121395534009707262157462537288665771484375,0.000000000109590968,6690743,2019-02-16 22:51:21,btc,16.584086141997883,0.0,0.000003019999999999999884515121395534009707262157462537288665771484375,btc,122593.67148634,0.0004994,0.1082270399999987,148
1,[],4,[],2019-02-16 22:51:23,244115.80172439,0.00000029,0.000000000010523636,6690744,2019-02-16 22:51:23,btc,0.7786500854895733,0.0,0.00000029,btc,592738.21898097,0.00151403,0.0577157790985886,152
0,[],22,[],2019-02-16 22:51:26,0.0,0,0,6690745,2019-02-16 22:51:26,,0.0,0.0,0,,0.0,0.0,0.0,152
1,[],5,[],2019-02-16 22:51:28,0.0,0,0,6690746,2019-02-16 22:51:28,btc,10.61570492,0.0,0,btc,0.00092785,0.0,0.0,153
,[],16,[],2019-01-11 15:38:59,0.0,0,0,6366141,2019-01-11 15:38:59,btc,0.0,0.0,,btc,0.0,0.0,0.0,155
0,[],23,[],2019-01-20 23:24:29,0.0,0,0,6476932,2019-01-20 23:24:29,,0.0,0.0,0,,0.0,0.0,0.0,156
0,[],22,[],2019-02-16 22:51:31,0.0,0,0,6690747,2019-02-16 22:51:31,,6.74608761,0.0,0,,4644402.242592593,0.0,0.0,156
1,[],22,[],2019-02-16 22:51:35,7073.8,0.00005300,0.0000000019232852,6690748,2019-02-16 22:51:35,BTC,43.78801181,0.0,0.00005300,BTC,1067.5805334758436,0.0,0.00104336,157
0,[],22,[],2019-02-16 22:51:38,0.0,0,0,6690749,2019-02-16 22:51:38,,50175.68008609,0.0,0,,54479136.04179466,0.0,0.0,158
,[],17,[],2018-11-20 22:56:10,0.0,0,0,4861976,2018-11-20 22:56:10,btc,1.1265625,0.0,,btc,1000.0,0.0,0.0,159
,[],20,[],2018-11-20 22:56:12,0.0,0,0,4861977,2018-11-20 22:56:12,btc,11912.7940471,0.0,,btc,34413894.3617,0.0,0.0,159
1,[],12,[],2019-02-16 22:51:39,185928.16672236,0.000007600000000000000079602123503885735544827184639871120452880859375,0.00000000027579184,6690750,2019-02-16 22:51:39,btc,6.657111416279299,0.0,0.000007600000000000000079602123503885735544827184639871120452880859375,btc,14449.00629987,0.0050450360856145,0.0846311703948749,168
1,[],17,[],2019-02-16 22:51:41,29784.95,0.000001,0.0000000000362884,6690751,2019-02-16 22:51:41,btc,0.03026736251542,0.0,0.000001,btc,144.46171372,0.0,0.00716147,168
0,[],22,[],2019-02-16 22:51:44,0.0,0,0,6690752,2019-02-16 22:51:44,,1.14776715,0.0,0,,721548.0900917595,0.0,0.0,169
1,[],22,[],2019-02-16 22:51:48,157636.0,0.00000029,0.000000000010523636,6690753,2019-02-16 22:51:48,BTC,13.25509987,0.0,0.00000029,BTC,138497.82451896544,0.000722,0.02095201,171
1,[],22,[],2019-02-16 22:51:52,158688.41176470587,0.00000017,0.000000000006169028,6690754,2019-02-16 22:51:52,BTC,2.66122306,0.0,0.00000017,BTC,263848.4343316678,0.0,0.00911019,173
1,[],5,[],2019-02-16 22:51:53,2.445e-05,0.00000216,0.00000000007838294400000001,6690755,2019-02-16 22:51:53,btc,0.26839985,0.00537393,0.00000216,btc,0.00025628,0.0,0.25576952,175
1,[],22,[],2019-02-16 22:51:57,39159.0,0.0000004,0.00000000001451536,6690756,2019-02-16 22:51:57,BTC,0.54036732,0.0,0.0000004,BTC,150458.47031396697,0.0034068,0.0039136,176
1,[],7,[],2019-02-16 22:51:59,0.0,0,0,6690757,2019-02-16 22:51:59,btc,410964.85967899347,0.0,0,btc,115495110.28145695,0.0,0.0,178
0,[],22,[],2019-02-16 22:52:03,0.0,0,0,6690758,2019-02-16 22:52:03,,1.00242428,0.0,0,,57512.0,0.0,0.0,178
0,[],2,[],2019-01-20 23:28:34,0.0,0,0,6477001,2019-01-20 23:28:34,,0.0,0.0,0,,0.0,0.0,0.0,178
0,[],23,[],2019-01-20 23:25:08,0.0,0,0,6476952,2019-01-20 23:25:08,,0.0,0.0,0,,0.0,0.0,0.0,179
1,[],5,[],2019-02-16 22:52:04,3e-08,0.00000002,0.000000000000725768,6690759,2019-02-16 22:52:04,btc,18.35053119,0.01427376,0.00000002,btc,1.664e-05,0.0,0.65941129,179
1,[],22,[],2019-02-16 22:52:09,7779285.0,0.00000002,0.000000000000725768,6690760,2019-02-16 22:52:09,BTC,5.50774908,0.0,0.00000002,"BTC,LTC",17849814.676989965,0.0,0.38284554,179
1,[],17,[],2019-02-16 21:00:37,10504.725,0.0000001,0.0000000000036352800000000002,6690106,2019-02-16 21:00:37,btc,5.201913593534633,0.0,0.0000001,btc,5466.1328087,0.0,0.0010504725,180
1,[],22,[],2019-02-16 22:52:24,149360.4,0.00000150,0.0000000000544326,6690761,2019-02-16 22:52:24,BTC,0.13191204,0.0,0.00000150,"BTC,LTC",25263.97417150966,0.00905354,0.00583794,180
1,[],26,[],2019-02-16 22:52:24,0.0,0,0,6690762,2019-02-16 22:52:24,,0.0,0.0,0,,0.0,0.0,0.0,180
,[],7,[],2018-11-20 22:58:01,562227.975654,0.00000085,0.000000000036176765,4862015,2018-11-20 22:58:01,btc,21836.6059674,2491.87645172,,btc,749999.041456,0.00211021,0.127565380455,183
,[],5,[],2019-01-10 08:11:41,0.0,0,0,6347036,2019-01-10 08:11:41,btc,82.15055501,0.00261,,btc,1.19002445,0.0,0.0,187
,[],17,[],2018-11-16 20:58:10,4062536.27273,0.00000001,0.000000000000550501,4708775,2018-11-16 20:58:10,btc,3.36492563466,0.195460381006,,"btc,eth",110697919.549,0.0,0.0157628953496,187
1,[],24,[],2019-02-16 22:52:25,0.0,0.000000000001,3.6288400000000005e-17,6690763,2019-02-16 22:52:25,btc,0.0,0.0,0.000000000001,btc,0.0,0.0,0.0,187
0,[],22,[],2019-02-16 22:52:39,0.0,0,0,6690764,2019-02-16 22:52:39,,1.19377283,0.0,0,,16434.10286773884,0.0,0.0,191
0,[],22,[],2019-02-16 22:52:57,0.0,0,0,6690765,2019-02-16 22:52:57,,0.0,0.0,0,,0.0,0.0,0.0,197
0,[],23,[],2019-01-20 23:31:41,0.0,0,0,6477079,2019-01-20 23:31:41,,0.0,0.0,0,,0.0,0.0,0.0,199
0,[],22,[],2019-02-16 22:53:00,0.0,0,0,6690766,2019-02-16 22:53:00,,5.17195517,0.0,0,,21804684.0,0.0,0.0,199
1,[],26,[],2019-02-16 22:53:00,0.0,0,0,6690767,2019-02-16 22:53:00,,0.0,0.0,0,,0.0,0.0,0.0,199
0,[],17,[],2019-01-30 16:32:01,0.0,0,0,6540827,2019-01-30 16:32:01,btc,6.802544163788159,0.0,0,btc,105897.55575295,0.0,0.0,200
0,[],2,[],2019-01-20 23:30:49,0.0,0,0,6477059,2019-01-20 23:30:49,,0.0,0.0,0,,0.0,0.0,0.0,201
1,[],4,[],2019-01-25 15:51:35,2084389.58565343,0.00000936,0.000000000333526752,6499557,2019-01-25 15:51:35,btc,2.0092503037378524,0.0,0.00000936,btc,160195.80207885,0.19272417,1.242687955921835,211
1,[],7,[],2019-02-16 22:53:06,4995437.24692572,0.000001390000000000000032391082004090687718189656152389943599700927734375,0.000000000050440876000000004,6690768,2019-02-16 22:53:06,btc,15450860.202894786,1440483.29995,0.000001390000000000000032391082004090687718189656152389943599700927734375,btc,11191992.59918554,1.99264103,3.312996817230777,212
1,[],12,[],2019-01-25 02:44:32,207462.42853209,0.000001080000000000000035831255497387193287295303889550268650054931640625,0.000000000038610756000000006,6493050,2019-01-25 02:44:32,btc,85023.03793723314,0.0,0.000001080000000000000035831255497387193287295303889550268650054931640625,btc,43675.73520027,0.000146250909087,0.0348620860622024,213
1,[],5,[],2019-02-16 22:53:07,3.02e-06,0.00000028,0.000000000010160752,6690769,2019-02-16 22:53:07,btc,0.99485917,0.12791822,0.00000028,btc,2.844e-05,0.0,0.15879111,213
1,[],24,[],2019-02-16 22:53:07,0.0,0.000000050000,0.00000000000181442,6690770,2019-02-16 22:53:07,btc,0.0,0.0,0.000000050000,btc,0.0,0.0,0.0,213
1,[],26,[],2019-02-16 22:53:07,0.0,0,0,6690771,2019-02-16 22:53:07,,0.0,0.0,0,,0.0,0.0,0.0,213
0,[],22,[],2019-02-16 22:53:10,0.0,0,0,6690772,2019-02-16 22:53:10,,2.19217002,0.0,0,,178699.63137942314,0.0,0.0,216
0,[],27,[],2019-02-16 22:53:32,0.0,0,0,6690773,2019-02-16 22:53:32,,0.0,0.0,0,,0.0,0.0,0.0,216
1,[],22,[],2019-02-16 22:53:36,205594.22461440542,0.00000191,0.000000000069310844,6690774,2019-02-16 22:53:36,BTC,12677.11239472,0.0,0.00000191,BTC,449655.7131380924,0.00528501,0.23492275,217
1,[],7,[],2019-02-16 22:53:37,0.0,0,0,6690775,2019-02-16 22:53:37,btc,77970.05127413911,0.0,0,btc,137060561.1214003,0.0,0.0,219
0,[],27,[],2019-02-16 22:54:41,0.0,0,0,6690776,2019-02-16 22:54:41,,5.341833788316972,0.0,0,btc,1599140.99226595,0.0,0.0,219
0.0000000000000053,[],28,[],2019-02-16 22:54:47,168558258.235,2.385e-18,8.654783400000001e-23,6690777,2019-02-16 22:54:47,doge,84062.9976427895,75274.365,0.00045000,"btc,doge",4762557.44411,0.0,1.1576969397929324e-11,219
1,[],22,[],2019-02-16 22:54:51,154575.6,0.00000011,0.0000000000039917240000000006,6690778,2019-02-16 22:54:51,BTC,3.00394863,0.0,0.00000011,BTC,94092.57041875875,0.005368,0.01548436,221
1,[],24,[],2019-02-16 22:54:51,0.0,0.000000210000,0.000000000007620564000000001,6690779,2019-02-16 22:54:51,btc,0.0,0.0,0.000000210000,btc,0.0,0.0,0.0,221
1,[],20,[],2019-02-16 22:54:54,51129578.4223,0.000000004,0.0000000000001451536,6690780,2019-02-16 22:54:54,btc,47.8391567244989,392648.8657,0.000000004,btc,10326532.9773,0.0011779465971,0.0524933674835,224
0,[],22,[],2019-02-16 22:54:57,0.0,0,0,6690781,2019-02-16 22:54:57,,0.0,0.0,0,,0.0,0.0,0.0,224
1,[],26,[],2019-02-16 22:54:57,0.0,0,0,6690782,2019-02-16 22:54:57,,0.0,0.0,0,,0.0,0.0,0.0,231
1,[],26,[],2019-02-16 22:54:57,0.0,0,0,6690783,2019-02-16 22:54:57,,0.0,0.0,0,,0.0,0.0,0.0,234
0,[],27,[],2019-02-16 22:55:13,0.0,0,0,6690784,2019-02-16 22:55:13,,0.0113483662182,0.0,0,"btc,eth",11462.99618,0.0,0.0,234
0,[],22,[],2019-02-16 22:55:16,0.0,0,0,6690785,2019-02-16 22:55:16,,3.11131351,0.0,0,,111875912.06349206,0.0,0.0,235
1,[],4,[],2019-02-16 22:55:17,1135378.31961095,0.00000106,0.000000000038465704000000006,6690786,2019-02-16 22:55:17,btc,0.4543477212236193,0.0,0.00000106,btc,308107.30400873,0.14514171,0.4158410101066531,236
1,[],24,[],2019-02-16 22:55:17,0.0,0.000000020010,0.0000000000007261308840000001,6690787,2019-02-16 22:55:17,btc,0.0,0.0,0.000000020010,btc,0.0,0.0,0.0,236
1,[],20,[],2019-02-16 22:55:19,70892371.7259,0.000000073,0.0000000000026490532,6690788,2019-02-16 22:55:19,btc,15.565972711125,11835287.3981,0.000000073,btc,31005559.7158,0.8845923704221,0.6731074962407,237
1,[],22,[],2019-02-16 22:55:23,116403.0,0.00000004,0.000000000001451536,6690789,2019-02-16 22:55:23,BTC,0.0405823,0.0,0.00000004,"BTC,LTC",3164.0,0.0,0.00482009,237
1,[],4,[],2019-02-16 22:55:24,5655321.61976538,0.00000033,0.000000000011975172,6690790,2019-02-16 22:55:24,btc,0.4601589569407606,0.0,0.00000033,btc,1250901.13727918,0.32618227,1.743342783325567,238
1,[],5,[],2019-02-16 22:55:27,4.25e-06,0.00000033,0.000000000011975172,6690791,2019-02-16 22:55:27,btc,0.78946123,0.0446712,0.00000033,btc,3.008e-05,0.0,0.2664939,238
0,[],22,[],2019-02-16 22:55:30,0.0,0,0,6690792,2019-02-16 22:55:30,,1951.15978688,0.0,0,,366433.0639027493,0.0,0.0,249
0.00000000012089,[],22,[],2019-02-16 22:55:33,7025765.666666667,3.6267e-18,1.3160714028e-22,6690793,2019-02-16 22:55:33,LTC,0.56670218,0.0,0.00000003,LTC,15147487.09,0.0,0.20977599,252
1,[],28,[],2019-02-16 22:55:35,4391956.698,0.0000001,0.00000000000362884,6690794,2019-02-16 22:55:35,btc,164693.69285315715,52356.94,0.0000001,btc,1048009.7751,0.0,0.2663411375,256
1,[],22,[],2019-02-16 22:55:39,1508863.5,0.00000004,0.000000000001451536,6690795,2019-02-16 22:55:39,BTC,30.16657011,0.0,0.00000004,BTC,519559.92423192423,3.679e-05,0.04412965,258
1,[],22,[],2019-02-16 22:55:43,49651.0,0.00000002,0.000000000000725768,6690796,2019-02-16 22:55:43,BTC,2.629917,0.0,0.00000002,BTC,1762.0,0.0,0.00050551,259
1,[],22,[],2019-02-16 22:55:59,10379.785,0.00001210,0.00000000043908964000000003,6690797,2019-02-16 22:55:59,BTC,1293.01527016,0.0,0.00001210,"BTC,LTC",5515.333648279954,0.00714657,0.01273907,262
1,[],5,[],2019-02-16 22:56:01,1.267e-05,0.00000137,0.000000000049715108000000004,6690798,2019-02-16 22:56:01,btc,0.61755306,0.05266113,0.00000137,btc,0.00023073,0.0,0.16259306,264
1,[],20,[],2019-02-16 22:56:03,1234334.888,0.000001115,0.000000000040461566,6690799,2019-02-16 22:56:03,btc,7.302454811465,51024.1678,0.000001115,btc,98331.9998,0.1370597408535,0.0373951143964,264
1,[],22,[],2019-02-16 22:56:07,73606.5,0.00000002,0.000000000000725768,6690800,2019-02-16 22:56:07,BTC,8.41108046,0.0,0.00000002,BTC,382316.05885485065,0.0,0.0009745,271
0,[],22,[],2019-02-16 22:56:11,0.0,0,0,6690801,2019-02-16 22:56:11,,385.44178703,0.0,0,,15173097515.9,0.0,0.0,272
0.0000000000000053,[],28,[],2019-02-16 22:56:13,187788284836.247,3.7630000000000004e-21,1.365532492e-25,6690802,2019-02-16 22:56:13,doge,440736502.1117472,12458553163.01,0.00000071,doge,207656308628.0968,0.0,4.687985653105574e-10,272
1,[],22,[],2019-02-16 22:56:19,25660.8,0.00001400,0.0000000005080376,6690803,2019-02-16 22:56:19,BTC,74.22943012,0.0,0.00001400,"BTC,LTC",3952.1577164259793,0.0413182,0.09406854,281
