pairValue,buyBook,exchangeId,sellBook,updated,buyTotal,satoshiPrice,usdPrice,exchangeLogId,created,bestPair,sellTotalBtc,volume,pairPrice,activePairs,sellTotal,volumeBtc,buyTotalBtc,coinId
0,[],2,[],2019-01-20 23:28:45,0.0,0,0,6477011,2019-01-20 23:28:45,,0.0,0.0,0,,0.0,0.0,0.0,1
1,[],3,[],2019-02-25 00:17:36,30536.27450765276,0.0125407499999999998141486656777487951330840587615966796875,0.00000047140428435,6777561,2019-02-25 00:17:36,btc,61.11849210194806,0.17363166,0.0125407499999999998141486656777487951330840587615966796875,btc,25.808896757907,0.0,0.2598690926770299,1
1,[],4,[],2019-02-25 00:17:37,302981.92323214,0.01281544,0.000000481729826512,6777562,2019-02-25 00:17:37,btc,9.264796892859708,0.0,0.01281544,btc,264.13378452,1.37012182,1.5029987756647887,1
1,[],5,[],2019-02-25 00:17:38,0.0,0,0,6777563,2019-02-25 00:17:38,btc,0.0,0.36184826,0,btc,0.0,0.0,0.0,1
1,[],10,[],2019-02-25 00:17:41,414653.84258392,0.01163482,0.000000437350556836,6777564,2019-02-25 00:17:41,btc,6522.577143611849,1249.377411,0.01163482,btc,1033.97842341,0.0,5.480819625149546,1
1,[],12,[],2019-02-25 00:17:43,10425.62276122,0.01257999999999999916899806606807032949291169643402099609375,0.000000472879684,6777565,2019-02-25 00:17:43,btc,0.2489309935392,0.0,0.01257999999999999916899806606807032949291169643402099609375,btc,11.30782362,0.3127522223817,0.2215662888088,1
1,[],20,[],2019-02-25 00:17:45,1150.428,0.010500214,0.0000003947009442172,6777566,2019-02-25 00:17:45,btc,0.0616431583457,0.1432,0.010500214,btc,2.788,0.0015036306448,0.0915544251227,1
1,[],21,[],2019-02-25 00:17:46,2060.39118349,0.01262200999999999947998041705,0.00000047445883149799997,6777567,2019-02-25 00:17:46,btc,22.375173130363592,4378.153319460001,0.0126220099999999994799804170497736777178943157196044921875,"btc,eth",2423.44983079,47.86790490419614,21.713066665018093,1
1,[],22,[],2019-02-25 00:17:50,0.0163776,0.01300000,0.0000004886674,6777568,2019-02-25 00:17:50,BTC,0.31423927,0.0,0.01300000,BTC,0.11751954901960784,0.0,0.00020972,1
1,[],24,[],2019-02-25 00:17:51,0.0,0.000000000000,0,6777569,2019-02-25 00:17:51,btc,0.0,0.0,0.000000000000,btc,0.0,0.0,0.0,1
0.0,[],25,[],2019-02-25 00:17:52,0.0,0,0,6777570,2019-02-25 00:17:52,btc,10.699399998391643,741.58217441,0.0,btc,822.1119117,9.6324,0.0,1
1,[],26,[],2019-02-25 00:17:53,0.0,0,0,6777571,2019-02-25 00:17:53,,0.0,0.0,0,,0.0,0.0,0.0,1
1,[],28,[],2019-02-25 00:18:04,993.21,0.01323000,0.000000497313054,6777572,2019-02-25 00:18:04,btc,0.162839806,18310.7,0.01323000,btc,8.9,0.0,0.090071836,1
1,[],5,[],2019-02-25 00:18:05,0.0,0,0,6777573,2019-02-25 00:18:05,btc,0.0,0.02074393,0,btc,0.0,0.0,0.0,2
0.0000000001261501,[],22,[],2019-02-25 00:18:09,1148.0,1.3876511e-16,5.216152731878e-21,6777574,2019-02-25 00:18:09,XMR,21.01373823,0.0,0.00000110,XMR,14319.12581,0.0,0.00087635,2
1,[],5,[],2019-02-25 00:18:10,0.0,0,0,6777575,2019-02-25 00:18:10,btc,0.0,0.03620728,0,btc,0.0,0.0,0.0,3
1,[],12,[],2019-02-25 00:18:11,13129664.54877956,0.000000175,0.000000000006578215,6777576,2019-02-25 00:18:11,btc,924396.5715542135,0.0,0.000000175,btc,8410919.56241595,0.10025777422465972,0.6407233458217638,3
0,[],28,[],2019-02-25 00:18:16,0.0,0,0,6777577,2019-02-25 00:18:16,,0.0,0.0,0,,0.0,0.0,0.0,3
0,[],2,[],2019-01-20 23:31:32,0.0,0,0,6477077,2019-01-20 23:31:32,,0.0,0.0,0,,0.0,0.0,0.0,4
1,[],4,[],2019-02-22 15:52:28,400439.70738348,0.00000032,0.000000000012596480000000001,6759744,2019-02-22 15:52:28,btc,31.576426407239886,0.0,0.00000032,btc,685876.08766458,0.0,0.0547125982053145,4
1,[],12,[],2019-02-22 14:50:14,1367032.5219999999,0.00000003,0.000000000001190475,6759350,2019-02-22 14:50:14,btc,11013869.583570713,0.0,0.00000003,btc,1211697.32371984,0.00024567976024,0.02065290044,5
0,[],2,[],2019-01-20 23:31:51,0.0,0,0,6477087,2019-01-20 23:31:51,,0.0,0.0,0,,0.0,0.0,0.0,6
1,[],11,[],2019-02-25 00:18:18,3351329.5,0.00000002,0.000000000000751796,6777578,2019-02-25 00:18:18,btc,9432.836945181234,61187.0,0.00000002,btc,41471686.95347657,0.0,0.034501425,6
1,[],3,[],2019-02-25 00:18:20,1091.857220066689,0.00015102999999999999563259078794175138682476244866847991943359375,0.000000005677187494,6777579,2019-02-25 00:18:20,btc,27.605796873748474,0.0,0.00015102999999999999563259078794175138682476244866847991943359375,btc,249.144760639695,0.0,0.03419745781762677,7
1,[],4,[],2019-02-25 00:18:21,93111.73417107,0.00024113,0.000000009064028474,6777580,2019-02-25 00:18:21,btc,13.43537826791637,0.0,0.00024113,btc,43019.2131755,8.10624113,4.686150115136001,7
1,[],5,[],2019-02-25 00:18:22,0.0,0,0,6777581,2019-02-25 00:18:22,btc,0.0,1.24589232,0,btc,0.0,0.0,0.0,7
1,[],20,[],2019-02-20 02:16:17,39399275.8418,0.000000001,0.0000000000000390183,6728586,2019-02-20 02:16:17,btc,116.9737569154545,525.0,0.000000001,btc,56932965.8895,5.25e-07,0.0393992758418,8
0,[],2,[],2019-01-20 23:22:42,0.0,0,0,6476876,2019-01-20 23:22:42,,0.0,0.0,0,,0.0,0.0,0.0,9
0,[],23,[],2019-01-20 23:22:48,0.0,0,0,6476878,2019-01-20 23:22:48,,0.0,0.0,0,,0.0,0.0,0.0,9
1,[],1,[],2019-02-17 23:31:42,1822507.21,0.00000181000000000000003456111265232042484285557293333113193511962890625,0.000000000066086901,6701244,2019-02-17 23:31:42,btc,3.6990969245,17153386.5,0.00000181000000000000003456111265232042484285557293333113193511962890625,btc,1997391.71,31.11772986,3.2610482446,9
1,[],4,[],2019-02-25 00:18:24,2085531.14704939,0.00000199,0.00000000007480370200000001,6777582,2019-02-25 00:18:24,btc,5.038755633434996,0.0,0.00000199,btc,1909927.16104453,4.05400636,1.0098976522866272,9
1,[],28,[],2019-02-25 00:18:26,51390.0,0.00000189,0.000000000071044722,6777583,2019-02-25 00:18:26,btc,2708.763432985365,3518491.017,0.00000189,btc,12610.5507,0.0,0.05776245,9
1,[],4,[],2019-02-17 11:22:43,4341674.27126056,0.00000002,0.0000000000007272960000000001,6696112,2019-02-17 11:22:43,btc,0.1997230937751353,0.0,0.00000002,btc,4109766.79808031,0.00215132,0.0479381022052112,10
0,[],2,[],2019-01-20 23:23:08,0.0,0,0,6476890,2019-01-20 23:23:08,,0.0,0.0,0,,0.0,0.0,0.0,12
1,[],4,[],2019-02-25 00:18:26,2372950.03028072,0.00000127,0.000000000047739046,6777584,2019-02-25 00:18:26,btc,12.38647818392325,0.0,0.00000127,btc,6401705.15239525,1.41011033,1.497216882505341,12
1,[],5,[],2019-02-25 00:18:27,0.0,0,0,6777585,2019-02-25 00:18:27,btc,0.0,0.17040086,0,btc,0.0,0.0,0.0,12
0.0,[],25,[],2019-02-25 00:18:28,0.0,0,0,6777586,2019-02-25 00:18:28,,0.0,0.0,0.0,btc,0.0,0.0,0.0,12
1,[],4,[],2019-02-25 00:18:29,1368965.28416345,0.00000554,0.000000000208247492,6777587,2019-02-25 00:18:29,btc,3.1691831056089472,0.0,0.00000554,btc,439156.13103145,0.3255305,0.7088273379303498,13
1,[],10,[],2019-02-25 00:18:32,473594.1820015,0.00000533,0.000000000200353634,6777588,2019-02-25 00:18:32,btc,666802.6116214163,10224.6431486,0.00000533,btc,746368.84714416,0.0,0.2819603316993185,13
1,[],21,[],2019-02-25 00:18:33,459638.51717481,0.000005640000000000000210647471688,0.000000000212006472,6777589,2019-02-25 00:18:33,btc,7.899030242893933,356139.01058924,0.0000056400000000000002106474716878636854744399897754192352294921875,btc,1291476.35589975,1.99891295,2.36525679728846,13
0,[],17,[],2019-02-25 00:16:49,0.0,0,0,6777544,2019-02-25 00:16:49,btc,0.0,0.0,0,btc,0.0,0.0,0.0,14
1,[],4,[],2019-02-25 00:18:34,644559.28612415,0.00000120,0.00000000004510776,6777590,2019-02-25 00:18:34,btc,12.749298612777515,0.0,0.00000120,btc,885687.7640219,0.04244334,0.1002867123811042,14
1,[],12,[],2019-02-25 00:18:35,120720.91304348,0.000001120000000000000076372827333137660588135986472479999065399169921875,0.000000000042100576000000005,6777591,2019-02-25 00:18:35,btc,5.292060145055694,0.0,0.000001120000000000000076372827333137660588135986472479999065399169921875,btc,32406.19773647,0.0,0.0259529700000004,14
1,[],26,[],2019-02-25 00:18:46,0.0,0.00000050,0.000000000018794900000000002,6777592,2019-02-25 00:18:46,btc,0.0,0.0,0.00000050,btc,0.0,0.0,0.0,14
,[],12,[],2018-12-01 15:15:48,204241.84496,0.00000489,0.000000000202473384,5260204,2018-12-01 15:15:48,btc,49.5475654835,0.0,,btc,35763.2193806,0.0163153972027625,0.0203389899998,15
0,[],4,[],2019-02-25 00:18:47,0.0,0,0,6777593,2019-02-25 00:18:47,,0.0,0.0,0,,0.0,0.0,0.0,15
0,[],17,[],2019-02-24 23:17:43,0.0,0,0,6777193,2019-02-24 23:17:43,btc,0.0,0.0,0,btc,0.0,0.0,0.0,18
0,[],2,[],2019-01-20 23:23:38,0.0,0,0,6476906,2019-01-20 23:23:38,,0.0,0.0,0,,0.0,0.0,0.0,18
1,[],4,[],2019-02-25 00:18:49,26035.07023138,0.00001852,0.000000000696163096,6777594,2019-02-25 00:18:49,btc,1.2177526302283208,0.0,0.00001852,btc,7330.36229931,0.08871836,0.0845585477403837,18
1,[],10,[],2019-02-25 00:18:51,782551.51558862,0.00001739,0.0000000006536866220000001,6777595,2019-02-25 00:18:51,btc,19.969450705129972,11278.7488458,0.00001739,btc,19869.7599999,0.0,0.1275263424462001,18
1,[],12,[],2019-02-25 00:18:52,199236.63304237,0.0000185199999999999988654734994764083921836572699248790740966796875,0.000000000696163096,6777596,2019-02-25 00:18:52,btc,23.668578877938717,0.0,0.0000185199999999999988654734994764083921836572699248790740966796875,btc,1895.28886441,0.0100962973699918,0.0351665393310516,18
1,[],12,[],2019-02-25 00:19:06,134083.40963109,0.00001893000000000000002217843964036347870205645449459552764892578125,0.000000000711574914,6777600,2019-02-25 00:19:06,btc,1.3579070529927755,0.0,0.00001893000000000000002217843964036347870205645449459552764892578125,btc,382.27457877,0.000594864115841,0.10470191999997569,19
0,[],27,[],2019-02-25 00:19:08,0.0,0,0,6777601,2019-02-25 00:19:08,,0.0,0.0,0,btc,0.0,0.0,0.0,19
0,[],2,[],2019-01-20 23:24:19,0.0,0,0,6476924,2019-01-20 23:24:19,,0.0,0.0,0,,0.0,0.0,0.0,19
1,[],3,[],2019-02-25 00:19:04,120776.3141567528,0.00002203999999999999904500003200524815838434733450412750244140625,0.000000000828479192,6777597,2019-02-25 00:19:04,btc,0.5975024268914596,0.0,0.00002203999999999999904500003200524815838434733450412750244140625,btc,11484.78606069032,0.0,0.07966178993169826,19
1,[],4,[],2019-02-25 00:19:04,388658.72713147,0.00002150,0.0000000008081807,6777598,2019-02-25 00:19:04,btc,2.362088947491259,0.0,0.00002150,btc,67080.41515742,0.83772971,2.5307625427351343,19
1,[],5,[],2019-02-25 00:19:05,0.0,0,0,6777599,2019-02-25 00:19:05,btc,0.0,3.462e-05,0,btc,0.0,0.0,0.0,19
1,[],4,[],2019-02-25 00:19:09,8070160.95424551,0.00000013,0.0000000000048866740000000005,6777602,2019-02-25 00:19:09,btc,7.376054659582633,0.0,0.00000013,btc,2843149.4360639,0.0,0.2584025451781454,20
1,[],4,[],2019-02-25 00:19:10,104178365.79037024,0.00000002,0.000000000000751796,6777603,2019-02-25 00:19:10,btc,1800.1490957341668,0.0,0.00000002,btc,55255944.17817261,0.01828091,1.1713077596880452,21
1,[],12,[],2019-02-25 00:19:11,18647376.0,0.00000002,0.000000000000751796,6777604,2019-02-25 00:19:11,btc,670.3899289734848,0.0,0.00000002,btc,8544410.32857329,0.0,0.24518776,21
0,[],17,[],2019-02-24 23:25:30,0.0,0,0,6777392,2019-02-24 23:25:30,btc,0.0,0.0,0,btc,0.0,0.0,0.0,21
1,[],12,[],2019-02-25 00:19:23,3393213979.6808996,0.0000000002,0.00000000000000751796,6777605,2019-02-25 00:19:23,btc,875865842684.4132,0.0,0.0000000002,btc,4936956589.18226,0.02517146336283807,0.38492630818299045,23
0.00000000035430160000000005,[],27,[],2019-02-25 00:19:25,2000.0,3.543016e-18,1.3318126283680001e-22,6777606,2019-02-25 00:19:25,eth,1.3429826565934113,0.0,0.00000001,eth,1964879.85514486,0.0,7.086032000000001e-15,23
1,[],4,[],2019-02-25 00:19:26,425415.28118581,0.00000060,0.00000000002255388,6777607,2019-02-25 00:19:26,btc,8.420484916657042,0.0,0.00000060,btc,1481861.6140764,0.00504367,0.1419771661449893,24
1,[],22,[],2019-02-25 00:19:29,11.76,0.00000100,0.000000000037589800000000004,6777608,2019-02-25 00:19:29,BTC,7.415e-05,0.0,0.00000100,BTC,23.919354838709676,0.0,1.176e-05,24
0.0,[],25,[],2019-02-25 00:19:31,0.0,0,0,6777609,2019-02-25 00:19:31,,0.0,0.0,0.0,btc,0.0,0.0,0.0,24
1,[],4,[],2019-02-25 00:19:31,28286745.28531119,0.00000742,0.000000000278916316,6777610,2019-02-25 00:19:31,btc,142.55252345768807,0.0,0.00000742,btc,244563.82156019,0.25305313,0.5134440521824915,26
1,[],10,[],2019-02-25 00:19:34,693979.91322193,0.00000641,0.000000000240950618,6777611,2019-02-25 00:19:34,btc,26.126495003895315,6734.72118351,0.00000641,btc,14165.72567028,0.0,0.2406452918251638,26
0,[],2,[],2019-01-20 23:25:56,0.0,0,0,6476976,2019-01-20 23:25:56,,0.0,0.0,0,,0.0,0.0,0.0,26
1,[],3,[],2019-02-25 00:19:35,9816527.13446064,0.00000002,0.000000000000751796,6777612,2019-02-25 00:19:35,btc,2.305318657135657,0.0,0.00000002,btc,17461836.6211543,0.0,0.1343320256678559,27
1,[],5,[],2019-02-25 00:19:36,0.0,0,0,6777613,2019-02-25 00:19:36,btc,0.0,0.00330735,0,btc,0.0,0.0,0.0,27
1,[],11,[],2019-02-25 00:19:38,9661469.607065821,0.00000005,0.00000000000187949,6777614,2019-02-25 00:19:38,btc,67506.53157702075,146281.413934,0.00000005,btc,8171781.9763934,0.0,0.4509737746429231,27
1,[],4,[],2019-02-25 00:19:39,1477852139.829762,0.00000002,0.000000000000751796,6777615,2019-02-25 00:19:39,btc,5.613825618550862,0.0,0.00000002,"btc,ltc",395062401.54838425,0.24479961,11.363723552822385,29
1,[],7,[],2019-02-25 00:19:40,51951165.46798424,0.00000002,0.000000000000751796,6777616,2019-02-25 00:19:40,btc,44463896.84199574,35000.0,0.00000002,btc,60103107.48242686,0.00105,0.7086812118639676,29
1,[],4,[],2019-02-25 00:19:41,1437874.48080061,0.00000029,0.000000000010901042,6777617,2019-02-25 00:19:41,btc,2.3331638409704327,0.0,0.00000029,btc,1566511.63840806,0.00621042,0.1000866738031407,30
0,[],17,[],2019-02-25 00:19:43,0.0,0,0,6777618,2019-02-25 00:19:43,btc,0.0,0.0,0,btc,0.0,0.0,0.0,30
1,[],4,[],2019-02-25 00:19:44,1115694.58862967,0.00005660,0.00000000212758268,6777619,2019-02-25 00:19:44,btc,5.63272895426802,0.0,0.00005660,btc,68216.8465424,0.91309175,1.0805894867187613,31
1,[],21,[],2019-02-24 23:25:56,52321.98926787,0.00005680999999999999987504786803,0.000000002145725062,6777407,2019-02-24 23:25:56,btc,2.188595126222179,85051.8903545,0.0000568099999999999998750478680253905849895090796053409576416015625,btc,35065.82431373,4.8233545,2.890333230813528,31
0,[],2,[],2019-01-20 23:28:43,0.0,0,0,6477009,2019-01-20 23:28:43,,0.0,0.0,0,,0.0,0.0,0.0,32
1,[],4,[],2019-02-25 00:21:45,338443922.83114296,0.00000004,0.000000000001503592,6777620,2019-02-25 00:21:45,btc,8.999946219365286,0.0,0.00000004,"btc,ltc",157877996.53413004,1.1428877,7.454062172818499,33
1,[],12,[],2019-02-25 00:21:46,17029088.379,0.00000005,0.00000000000187949,6777621,2019-02-25 00:21:46,btc,35620524.35112918,0.0,0.00000005,btc,89073730.60939029,0.0016248302697312,0.56759206895,33
1,[],4,[],2019-02-25 00:21:47,126316643.54362756,0.00000001,0.000000000000375898,6777622,2019-02-25 00:21:47,btc,4.14755739526913,0.0,0.00000001,btc,98334106.59318319,0.03709455,1.2631664354362755,34
1,[],5,[],2019-02-25 00:21:49,0.0,0,0,6777623,2019-02-25 00:21:49,btc,0.0,0.33113744,0,btc,0.0,0.0,0.0,34
0.0000000001171409,[],4,[],2019-02-25 00:21:49,2591719957.7279167,3.514227e-18,1.320990900846e-22,6777624,2019-02-25 00:21:49,ltc,2.5500896860199804e-08,0.0,0.00000003,ltc,2878997889.3737063,0.0,4.401819873586643e-09,36
1,[],5,[],2019-02-25 00:21:50,0.0,0,0,6777625,2019-02-25 00:21:50,btc,0.0,0.0,0,btc,0.0,0.0,0.0,36
0.00000000035430160000000005,[],27,[],2019-02-25 00:22:04,1000000.0,3.543016e-18,1.3318126283680001e-22,6777626,2019-02-25 00:22:04,eth,114.12865132688529,0.0,0.00000001,"ltc,eth",4157587.7875004,0.0,1.176152214e-12,36
0,[],17,[],2019-02-24 22:29:35,0.0,0,0,6777073,2019-02-24 22:29:35,btc,0.0746458232965017,0.0,0,btc,4103573.70243647,0.0,0.0,36
1,[],4,[],2019-02-25 00:22:05,265742.7616319,0.00000061,0.000000000022929778,6777627,2019-02-25 00:22:05,btc,19772.502133707,0.0,0.00000061,btc,575893.24733053,0.01137053,0.1198392265782192,37
1,[],12,[],2019-02-25 00:22:06,458201.40299953,0.00000054,0.000000000020298492000000002,6777628,2019-02-25 00:22:06,btc,1346.9776200627057,0.0,0.00000054,btc,894143.0069315,0.0797798367399363,0.0821868200000065,37
1,[],17,[],2019-02-25 00:22:08,1752.74075282,0.00000025,0.00000000000939745,6777629,2019-02-25 00:22:08,btc,0.05548492399204978,0.0,0.00000025,btc,1387.19918473,0.0,0.00043818518820499993,37
1,[],27,[],2019-02-25 00:22:10,14685.567,0.00000045,0.00000000001691541,6777630,2019-02-25 00:22:10,btc,25.81996186649233,0.0,0.00000045,btc,6791.34738508,0.0,0.00480032515,37
1,[],5,[],2019-02-25 00:22:10,0.0,0,0,6777631,2019-02-25 00:22:10,btc,0.0,0.09441436,0,btc,0.0,0.0,0.0,42
1,[],12,[],2019-02-25 00:22:11,137161.24882221,0.00000096,0.000000000036086208,6777632,2019-02-25 00:22:11,btc,94.69894711625263,0.0,0.00000096,btc,109740.36039958001,0.0034726640893521,0.0426920579649582,42
0.00000000035430160000000005,[],27,[],2019-02-25 00:22:13,2000.0,3.543016e-18,1.3318126283680001e-22,6777633,2019-02-25 00:22:13,eth,0.00315028,0.0,0.00000001,"btc,eth",11.007,0.0,7.086032000000001e-15,42
1,[],5,[],2019-02-25 00:22:14,0.0,0,0,6777634,2019-02-25 00:22:14,btc,0.0,0.01406036,0,btc,0.0,0.0,0.0,43
1,[],12,[],2019-02-25 00:22:15,1783159.0,0.00000001,0.000000000000375898,6777635,2019-02-25 00:22:15,btc,3573.0450399525275,0.0,0.00000001,btc,17796736.972427562,0.016465055954046,0.01783159,43
0,[],17,[],2019-02-25 00:22:27,0.0,0,0,6777636,2019-02-25 00:22:27,btc,0.0,0.0,0,btc,0.0,0.0,0.0,43
1,[],12,[],2019-02-25 00:22:28,674214.0,0.00000005,0.00000000000187949,6777637,2019-02-25 00:22:28,btc,11115177.729550358,0.0,0.00000005,btc,1104555.40161834,0.00026273976024,0.01702976,44
1,[],4,[],2019-02-25 00:22:29,304502381.245806,0.00000002,0.000000000000751796,6777638,2019-02-25 00:22:29,btc,474.57053500112596,0.0,0.00000002,"btc,ltc",12283786.99500239,0.0004669,0.21706864777035725,49
0,[],4,[],2019-02-25 00:22:30,0.0,0,0,6777639,2019-02-25 00:22:30,,25.475336656716586,0.0,0,,10622225061.488565,0.0,0.0,52
0.0000000001261501,[],22,[],2019-02-25 00:22:34,80845862.0,1.2615009999999999e-18,4.74195702898e-23,6777640,2019-02-25 00:22:34,XMR,4366.96886723,0.0,0.00000001,XMR,255240311.67882353,1.261501e-13,0.80845862,57
0.00000000035430160000000005,[],27,[],2019-02-25 00:22:38,2000.0,3.543016e-18,1.3318126283680001e-22,6777641,2019-02-25 00:22:38,eth,0.0,0.0,0.00000001,"btc,eth",0.0,0.0,7.086032000000001e-15,57
0.0000000001171409,[],4,[],2019-02-25 00:22:39,1157856142.468965,3.514227e-18,1.320990900846e-22,6777642,2019-02-25 00:22:39,ltc,18.811298904110476,0.0,0.00000003,ltc,4062027720.4851704,0.0,2.930258241755026e-09,58
1,[],12,[],2019-02-25 00:22:41,1629574957.843957,0.0000000004,0.00000000000001503592,6777643,2019-02-25 00:22:41,btc,224005479621.07843,0.0,0.0000000004,btc,3823595946.9721475,0.05412539102065746,0.5272102672011392,58
0.0000000001261501,[],22,[],2019-02-25 00:22:45,137438.0,1.2615009999999999e-18,4.74195702898e-23,6777644,2019-02-25 00:22:45,XMR,69.8835922,0.0,0.00000001,XMR,9887963.0,0.0,0.00137438,58
0,[],17,[],2019-02-24 23:18:48,0.0,0,0,6777241,2019-02-24 23:18:48,btc,1e+24,0.0,0,btc,49306342.21952568,0.0,0.0,58
1,[],5,[],2019-02-25 00:22:46,0.0,0,0,6777645,2019-02-25 00:22:46,btc,0.0,0.01214096,0,btc,0.0,0.0,0.0,61
1,[],22,[],2019-02-25 00:22:49,5149.5,0.00000011,0.000000000004134878,6777646,2019-02-25 00:22:49,BTC,1002.29597012,0.0,0.00000011,BTC,14947.700278135757,0.0,0.00051596,61
1,[],26,[],2019-02-25 00:22:50,0.0,0.00000800,0.00000000030071840000000003,6777647,2019-02-25 00:22:50,btc,0.0,0.0,0.00000800,btc,0.0,0.0,0.0,61
1,[],27,[],2019-02-25 00:22:52,2493.55,0.00000045,0.00000000001691541,6777648,2019-02-25 00:22:52,btc,7.847939410699128,0.0,0.00000045,"btc,eth",20831.38399471,0.0,0.0002155975034721557,61
1,[],28,[],2019-02-25 00:23:01,13882.304,0.0000005,0.000000000018794900000000002,6777649,2019-02-25 00:23:01,btc,2.056328285685105,713.0,0.0000005,btc,9746.52450005,0.0,0.00566491304,61
1,[],4,[],2019-02-25 00:23:02,1508076.77214942,0.00000284,0.000000000106755032,6777650,2019-02-25 00:23:02,btc,11.308468470152244,0.0,0.00000284,btc,796059.21041848,0.19122523,1.5663575489510972,67
0.0,[],25,[],2019-02-25 00:23:04,0.0,0,0,6777651,2019-02-25 00:23:04,,0.0,0.0,0.0,btc,0.0,0.0,0.0,67
1,[],12,[],2019-02-25 00:23:07,2987671.47390196,0.00000019,0.000000000007142062,6777652,2019-02-25 00:23:07,btc,11115998.228115836,0.0,0.00000019,btc,2113543.76999594,0.000755718811189,0.1024953064411115,71
,[],5,[],2018-11-20 23:02:39,1.5e-07,0.00000005,0.000000000002128045,4862160,2018-11-20 23:02:39,btc,2.84511358,0.0,,btc,0.00036572,0.0,0.07381892,74
1,[],5,[],2019-02-25 00:23:07,0.0,0,0,6777653,2019-02-25 00:23:07,btc,0.0,0.0,0,btc,0.0,0.0,0.0,75
1,[],4,[],2019-02-25 00:23:09,17233280.92031862,0.00000001,0.000000000000375898,6777654,2019-02-25 00:23:09,btc,11388.638595673243,0.0,0.00000001,btc,34444270.17624532,0.0,0.1723328092031862,81
0,[],20,[],2019-01-25 09:30:31,0.0,0,0,6495923,2019-01-25 09:30:31,btc,0.0,0.0,0,btc,0.0,0.0,0.0,81
1,[],4,[],2019-02-25 00:23:10,28513.57196258,0.00007557,0.000000002840661186,6777655,2019-02-25 00:23:10,btc,17.7585997057631,0.0,0.00007557,btc,12575.98008237,0.01478347,0.1309945930928974,82
1,[],21,[],2019-02-25 00:23:11,69853.00986679,0.00007846000000000000434811908701,0.0000000029492957080000004,6777656,2019-02-25 00:23:11,btc,2.2932801536755423,1113.05475051,0.00007846000000000000434811908700538651828537695109844207763671875,btc,23993.87994549,0.08782563,2.4534517013704575,82
0,[],17,[],2019-02-25 00:23:13,0.0,0,0,6777657,2019-02-25 00:23:13,btc,0.0447233088476774,0.0,0,btc,999127.19588126,0.0,0.0,84
0.0000000001171409,[],4,[],2019-02-25 00:23:13,154029489.0437301,4.685636e-18,1.761321201128e-22,6777658,2019-02-25 00:23:13,ltc,1.7828320850684036,0.0,0.00000004,ltc,404316996.1582117,0.00021,4.0207777888990377e-10,85
,[],22,[],2018-11-20 23:09:34,3408.1,0.0000001,0.0000000000041895,4862324,2018-11-20 23:09:34,BTC,0.04624735,0.0,,BTC,4990.0,0.0,0.00033081,86
0,[],22,[],2019-02-22 12:52:35,0.0,0,0,6758847,2019-02-22 12:52:35,,2.0760781,0.0,0,,140622.94736842104,0.0,0.0,87
0,[],27,[],2019-02-22 12:52:37,0.0,0,0,6758848,2019-02-22 12:52:37,,0.0,0.0,0,btc,0.0,0.0,0.0,87
,[],2,[],2018-11-20 23:10:47,0.0,0,0,4862359,2018-11-20 23:10:47,,0.0,0.0,,,0.0,0.0,0.0,88
1,[],11,[],2019-02-25 00:23:15,92317.76120217,0.0001478100000000000095214114370634206352406181395053863525390625,0.000000005556148338,6777659,2019-02-25 00:23:15,btc,608.6630036560771,5664.11625573,0.0001478100000000000095214114370634206352406181395053863525390625,btc,93698.55066051,0.0,6.172064971279587,89
0,[],2,[],2019-01-20 23:31:45,0.0,0,0,6477083,2019-01-20 23:31:45,,0.0,0.0,0,,0.0,0.0,0.0,91
1,[],12,[],2019-02-25 00:23:16,490296.80323102,0.000001430000000000000072932653839841155019030338735319674015045166015625,0.000000000053753414,6777660,2019-02-25 00:23:16,btc,4.330755145849379,0.0,0.000001430000000000000072932653839841155019030338735319674015045166015625,btc,56779.70114169,0.0011464811477045,0.0988334930938297,91
0,[],22,[],2019-02-25 00:23:29,0.0,0,0,6777661,2019-02-25 00:23:29,,3.1e-06,0.0,0,,2.0,0.0,0.0,91
0,[],17,[],2019-02-24 23:27:10,0.0,0,0,6777448,2019-02-24 23:27:10,btc,0.0,0.0,0,btc,0.0,0.0,0.0,91
0.0000000001171409,[],22,[],2019-02-25 00:23:33,2791021.0,4.685636e-18,1.761321201128e-22,6777662,2019-02-25 00:23:33,LTC,8.53161599,0.0,0.00000004,LTC,71994962.1,0.0,0.09164084,95
0.0000000001171409,[],4,[],2019-02-25 00:23:34,646823046.5242674,7.3798767e-17,2.7740808917766003e-21,6777663,2019-02-25 00:23:34,ltc,11.909281632995842,0.0,0.00000063,ltc,136474849.84107965,0.0,2.336801737670577e-09,96
0,[],12,[],2019-02-25 00:23:35,0.0,0,0,6777664,2019-02-25 00:23:35,btc,255075.89479199788,0.0,0,btc,8639170.94636337,5.1e-07,0.0,96
0,[],17,[],2019-02-25 00:23:46,0.0,0,0,6777665,2019-02-25 00:23:46,btc,0.0,0.0,0,btc,0.0,0.0,0.0,96
1,[],4,[],2019-02-25 00:23:47,1436449.81568426,0.00000029,0.000000000010901042,6777666,2019-02-25 00:23:47,btc,3.186690767437897,0.0,0.00000029,btc,2563303.33944624,0.00770096,0.1132869359196173,99
1,[],4,[],2019-02-25 00:23:48,139385.97028525,0.00004111,0.000000001545316678,6777667,2019-02-25 00:23:48,btc,14.409080395372966,0.0,0.00004111,btc,203566.97519857,3.97626425,2.6833620821633994,100
0,[],2,[],2019-01-20 23:23:55,0.0,0,0,6476914,2019-01-20 23:23:55,,0.0,0.0,0,,0.0,0.0,0.0,100
1,[],22,[],2019-02-25 00:23:52,50000.0,0.00000001,0.000000000000375898,6777668,2019-02-25 00:23:52,BTC,23.49896609,0.0,0.00000001,BTC,10277.22,0.0,0.0005,101
1,[],4,[],2019-02-25 00:23:52,488182.39579469,0.00000093,0.000000000034958514,6777669,2019-02-25 00:23:52,btc,256.30073916996315,0.0,0.00000093,btc,485289.19307701,0.00463389,0.2543133961643421,103
1,[],12,[],2019-02-25 00:23:55,59854339.76471429,0.000000011,0.0000000000004134878,6777670,2019-02-25 00:23:55,btc,137279276.54389754,0.0,0.000000011,btc,127451057.9410395,0.03898312322744674,0.1956224564118572,105
1,[],27,[],2019-02-25 00:23:57,125810.89,0.00000001,0.000000000000375898,6777671,2019-02-25 00:23:57,btc,26.557578245556094,0.0,0.00000001,btc,574707.68391977,0.0,0.0012581089,105
1,[],22,[],2019-02-25 00:24:00,9328.0,0.00000001,0.000000000000375898,6777672,2019-02-25 00:24:00,BTC,51.10837004,0.0,0.00000001,BTC,470435.0,0.0,9.328e-05,107
1,[],26,[],2019-02-25 00:24:00,0.0,0.00000000,0,6777673,2019-02-25 00:24:00,btc,0.0,0.0,0.00000000,btc,0.0,0.0,0.0,107
1,[],5,[],2019-02-25 00:24:03,0.0,0,0,6777674,2019-02-25 00:24:03,btc,0.0,0.00069263,0,btc,0.0,0.0,0.0,112
1,[],22,[],2019-02-25 00:24:07,1966.0,0.00000001,0.000000000000375898,6777675,2019-02-25 00:24:07,BTC,2.81183288,0.0,0.00000001,BTC,808524.0833333334,0.0,1.966e-05,112
0.00000000035430160000000005,[],27,[],2019-02-25 00:24:09,2000.0,3.543016e-18,1.3318126283680001e-22,6777676,2019-02-25 00:24:09,eth,1.35132491849924,0.0,0.00000001,"btc,eth",1328.641654,0.0,7.086032000000001e-15,112
1,[],4,[],2019-02-25 00:24:10,374403.35549585,0.00000302,0.000000000113521196,6777677,2019-02-25 00:24:10,btc,5.931505676580751,0.0,0.00000302,btc,350036.37165769,0.12408073,0.1656830416669795,113
1,[],5,[],2019-02-25 00:24:11,0.0,0,0,6777678,2019-02-25 00:24:11,btc,0.0,0.00468312,0,btc,0.0,0.0,0.0,113
1,[],17,[],2019-02-25 00:24:12,152738.278,0.00000004,0.000000000001503592,6777679,2019-02-25 00:24:12,btc,1.3368030274970781,0.0,0.00000004,btc,51896.221,0.0,0.0022095311199999998,116
0,[],27,[],2019-02-25 00:24:14,0.0,0,0,6777680,2019-02-25 00:24:14,,0.0,0.0,0,btc,0.0,0.0,0.0,116
1,[],4,[],2019-02-25 00:24:15,62215.12283682,0.00002110,0.00000000079314478,6777681,2019-02-25 00:24:15,btc,30.023293320620642,0.0,0.00002110,btc,94610.04850437,1.00201476,0.4660811939590328,120
1,[],7,[],2019-02-25 00:24:18,211535.78317917,0.00001690999999999999903362024600284030384500510990619659423828125,0.000000000635643518,6777682,2019-02-25 00:24:18,btc,115647.25496939312,7508.53577602,0.00001690999999999999903362024600284030384500510990619659423828125,btc,37848.72822029,0.22310671,0.0690800716303064,120
1,[],20,[],2019-02-25 00:24:21,1175075.5618,0.000000012,0.0000000000004510776,6777683,2019-02-25 00:24:21,btc,31.9233495719687,260.0,0.000000012,btc,1120131.1111,3.378e-06,0.0033514079724,125
1,[],22,[],2019-02-25 00:24:24,3053.0,0.00000001,0.000000000000375898,6777684,2019-02-25 00:24:24,BTC,0.01444887,0.0,0.00000001,BTC,296263.5111111111,0.0,3.053e-05,126
1,[],4,[],2019-02-25 00:24:25,109262.38496791,0.00001472,0.000000000553321856,6777685,2019-02-25 00:24:25,btc,24.187444483727678,0.0,0.00001472,btc,131144.20404366,0.29178987,0.6205207393487427,131
0,[],17,[],2019-02-24 22:21:53,0.0,0,0,6776935,2019-02-24 22:21:53,btc,0.0009561751951600001,0.0,0,btc,35.42829368,0.0,0.0,131
0,[],2,[],2019-01-20 23:25:46,0.0,0,0,6476969,2019-01-20 23:25:46,,0.0,0.0,0,,0.0,0.0,0.0,131
1,[],4,[],2019-02-25 00:24:37,4554.10219591,0.00016001,0.000000006014743898,6777686,2019-02-25 00:24:37,btc,1.6432537334785755,0.0,0.00016001,btc,320.0767349,0.00387793,0.008369849279877,135
1,[],3,[],2019-02-25 00:24:38,1478069.16171841,0.00000005,0.00000000000187949,6777687,2019-02-25 00:24:38,btc,0.6492359372712416,32501.484,0.00000005,btc,2307424.63362691,0.0,0.054027673747034204,136
1,[],4,[],2019-02-25 00:24:39,270326.88709571,0.00000172,0.000000000064654456,6777688,2019-02-25 00:24:39,btc,38.87639176962649,0.0,0.00000172,btc,632366.21792453,0.08016391,0.0813746818075144,137
1,[],12,[],2019-02-25 00:24:40,334930.90425802,0.00000172999999999999995347796898081949024117420776747167110443115234375,0.000000000065030354,6777689,2019-02-25 00:24:40,btc,11807.598468065702,0.0,0.00000172999999999999995347796898081949024117420776747167110443115234375,btc,123759.06109106,0.0041085799941327,0.0892506721027309,137
1,[],4,[],2019-02-25 00:24:42,226278.67559063,0.00004000,0.000000001503592,6777690,2019-02-25 00:24:42,btc,29.539566396253353,0.0,0.00004000,btc,51621.08936882,0.48443833,1.1016082527694744,142
1,[],5,[],2019-02-25 00:24:43,0.0,0,0,6777691,2019-02-25 00:24:43,btc,0.0,0.82611119,0,btc,0.0,0.0,0.0,142
1,[],20,[],2019-02-25 00:24:46,133310.9826,0.000045043,0.0000000016931573614,6777692,2019-02-25 00:24:46,btc,0.4934565146914,0.0,0.000045043,btc,3751.6313,0.0,0.2356579130972,142
1,[],22,[],2019-02-25 00:24:50,1685.8988921568628,0.00004000,0.000000001503592,6777693,2019-02-25 00:24:50,BTC,3.00385504,0.0,0.00004000,BTC,891.218,0.0,0.00174536,142
0.0,[],25,[],2019-02-25 00:24:52,0.0,0,0,6777694,2019-02-25 00:24:52,,0.0,0.0,0.0,btc,0.0,0.0,0.0,142
1,[],28,[],2019-02-25 00:24:53,76883.0,0.00004500,0.000000001691541,6777695,2019-02-25 00:24:53,btc,0.059933722,729.0,0.00004500,btc,406.4319,0.0,0.0388422,142
1,[],17,[],2019-02-24 23:28:23,22967.386363640002,0.00000088,0.000000000033237776,6777477,2019-02-24 23:28:23,btc,20.069913352963056,0.0,0.00000088,btc,2746.079105,0.0,0.0104613000000032,142
0,[],22,[],2019-02-25 00:24:56,0.0,0,0,6777696,2019-02-25 00:24:56,,61.28499952,0.0,0,,749420234.3,0.0,0.0,143
1,[],21,[],2019-02-25 00:24:57,25339650.1628473,0.00000024,0.000000000009021552,6777697,2019-02-25 00:24:57,btc,45.20046435420507,14011892.35189309,0.00000024,btc,94662337.89696217,3.5169539,3.677346612501077,145
0,[],22,[],2019-02-24 22:22:27,0.0,0,0,6776947,2019-02-24 22:22:27,,4.24912384,0.0,0,,1812056.0,0.0,0.0,146
,[],22,[],2018-11-20 23:01:11,0.0,0,0,4862114,2018-11-20 23:01:11,,2.56807021,0.0,,,61828.4988236,0.0,0.0,147
1,[],12,[],2019-02-25 00:24:58,112882.23154906,0.00000251000000000000010876390933722834830632564262486994266510009765625,0.00000000009435039800000001,6777698,2019-02-25 00:24:58,btc,16.28550546391372,0.0,0.00000251000000000000010876390933722834830632564262486994266510009765625,btc,116991.71583628,0.0015981841255754,0.0270043411502029,148
1,[],4,[],2019-02-25 00:24:59,251686.59201008,0.00000038,0.000000000014284124,6777699,2019-02-25 00:24:59,btc,219.93681160199571,0.0,0.00000038,btc,786278.69984402,0.00236975,0.0605523037893928,152
0,[],22,[],2019-02-25 00:25:03,0.0,0,0,6777700,2019-02-25 00:25:03,,0.0,0.0,0,,0.0,0.0,0.0,152
1,[],5,[],2019-02-25 00:25:04,0.0,0,0,6777701,2019-02-25 00:25:04,btc,0.0,0.0,0,btc,0.0,0.0,0.0,153
,[],16,[],2019-01-11 15:38:59,0.0,0,0,6366141,2019-01-11 15:38:59,btc,0.0,0.0,,btc,0.0,0.0,0.0,155
0,[],22,[],2019-02-25 00:25:07,0.0,0,0,6777702,2019-02-25 00:25:07,,6.74608761,0.0,0,,4644402.242592593,0.0,0.0,156
0,[],23,[],2019-01-20 23:24:29,0.0,0,0,6476932,2019-01-20 23:24:29,,0.0,0.0,0,,0.0,0.0,0.0,156
1,[],22,[],2019-02-25 00:25:11,7073.8,0.00005300,0.0000000019922594,6777703,2019-02-25 00:25:11,BTC,1.80343699,0.0,0.00005300,BTC,899.6422341958436,0.0,0.00104336,157
0,[],22,[],2019-02-25 00:25:13,0.0,0,0,6777704,2019-02-25 00:25:13,,50175.68008609,0.0,0,,54479136.04179466,0.0,0.0,158
,[],17,[],2018-11-20 22:56:10,0.0,0,0,4861976,2018-11-20 22:56:10,btc,1.1265625,0.0,,btc,1000.0,0.0,0.0,159
,[],20,[],2018-11-20 22:56:12,0.0,0,0,4861977,2018-11-20 22:56:12,btc,11912.7940471,0.0,,btc,34413894.3617,0.0,0.0,159
1,[],12,[],2019-02-25 00:25:15,182735.40379328,0.0000071600000000000000571613069377807647697409265674650669097900390625,0.000000000269142968,6777705,2019-02-25 00:25:15,btc,6.642773290716615,0.0,0.0000071600000000000000571613069377807647697409265674650669097900390625,btc,13692.5780877,0.0030787837716148,0.09677704029433319,168
1,[],17,[],2019-02-25 00:25:16,29784.95,0.000001,0.0000000000375898,6777706,2019-02-25 00:25:16,btc,0.03026736251542,0.0,0.000001,btc,144.46171372,0.0,0.00716147,168
0,[],22,[],2019-02-25 00:25:19,0.0,0,0,6777707,2019-02-25 00:25:19,,1.14714792,0.0,0,,798972.8900917594,0.0,0.0,169
1,[],22,[],2019-02-25 00:25:23,164995.5,0.00000018,0.000000000006766164,6777708,2019-02-25 00:25:23,BTC,13.2558588,0.0,0.00000018,BTC,151057.9068373276,0.00017055,0.01979919,171
1,[],22,[],2019-02-25 00:25:26,43612.0,0.00000008,0.000000000003007184,6777709,2019-02-25 00:25:26,BTC,2.19461286,0.0,0.00000008,BTC,238116.7614071281,0.00444666,0.00096186,173
1,[],5,[],2019-02-25 00:25:27,0.0,0,0,6777710,2019-02-25 00:25:27,btc,0.0,0.30129258,0,btc,0.0,0.0,0.0,175
1,[],22,[],2019-02-25 00:25:31,45761.166666666664,0.0000003,0.00000000001127694,6777711,2019-02-25 00:25:31,BTC,0.52955903,0.0,0.0000003,BTC,143368.41384013777,6.85e-06,0.00519475,176
1,[],7,[],2019-02-25 00:25:32,0.0,0,0,6777712,2019-02-25 00:25:32,btc,410932.5281358376,10000.0,0,btc,117881559.31901672,0.0001,0.0,178
0,[],22,[],2019-02-25 00:25:35,0.0,0,0,6777713,2019-02-25 00:25:35,,1.00242428,0.0,0,,57512.0,0.0,0.0,178
0,[],2,[],2019-01-20 23:28:34,0.0,0,0,6477001,2019-01-20 23:28:34,,0.0,0.0,0,,0.0,0.0,0.0,178
1,[],5,[],2019-02-25 00:25:36,0.0,0,0,6777714,2019-02-25 00:25:36,btc,0.0,0.04385508,0,btc,0.0,0.0,0.0,179
1,[],22,[],2019-02-25 00:25:42,6961684.0,0.00000002,0.000000000000751796,6777715,2019-02-25 00:25:42,BTC,5.63679314,0.0,0.00000002,"BTC,LTC",17217849.968656633,0.0,0.3741744,179
0,[],23,[],2019-01-20 23:25:08,0.0,0,0,6476952,2019-01-20 23:25:08,,0.0,0.0,0,,0.0,0.0,0.0,179
1,[],17,[],2019-02-25 00:25:44,10504.725,0.0000001,0.00000000000375898,6777716,2019-02-25 00:25:44,btc,5.201069583844813,0.0,0.0000001,btc,5033.45945,0.0,0.0010504725,180
0.0000000001171409,[],22,[],2019-02-25 00:25:47,128605.4,1.171409e-17,4.40330300282e-22,6777717,2019-02-25 00:25:47,LTC,0.20220835,0.0,0.0000001,LTC,61459.074257280714,0.0,0.00130544,180
1,[],26,[],2019-02-25 00:25:48,0.0,0.00000100,0.000000000037589800000000004,6777718,2019-02-25 00:25:48,btc,0.0,532.38040002,0.00000100,btc,0.0,0.0,0.0,180
,[],7,[],2018-11-20 22:58:01,562227.975654,0.00000085,0.000000000036176765,4862015,2018-11-20 22:58:01,btc,21836.6059674,2491.87645172,,btc,749999.041456,0.00211021,0.127565380455,183
,[],5,[],2019-01-10 08:11:41,0.0,0,0,6347036,2019-01-10 08:11:41,btc,82.15055501,0.00261,,btc,1.19002445,0.0,0.0,187
1,[],24,[],2019-02-25 00:25:49,0.0,0.000000000001,3.7589800000000003e-17,6777719,2019-02-25 00:25:49,btc,0.0,0.0,0.000000000001,btc,0.0,0.0,0.0,187
,[],17,[],2018-11-16 20:58:10,4062536.27273,0.00000001,0.000000000000550501,4708775,2018-11-16 20:58:10,btc,3.36492563466,0.195460381006,,"btc,eth",110697919.549,0.0,0.0157628953496,187
0,[],22,[],2019-02-25 00:25:51,0.0,0,0,6777720,2019-02-25 00:25:51,,1.19374396,0.0,0,,16308.869534405507,0.0,0.0,191
0,[],22,[],2019-02-25 00:25:56,0.0,0,0,6777721,2019-02-25 00:25:56,,0.0,0.0,0,,0.0,0.0,0.0,197
0,[],23,[],2019-01-20 23:31:41,0.0,0,0,6477079,2019-01-20 23:31:41,,0.0,0.0,0,,0.0,0.0,0.0,199
0,[],22,[],2019-02-25 00:25:59,0.0,0,0,6777722,2019-02-25 00:25:59,,5.19477622,0.0,0,,21058553.0,0.0,0.0,199
1,[],26,[],2019-02-25 00:26:00,0.0,0.00000000,0,6777723,2019-02-25 00:26:00,btc,0.0,0.0,0.00000000,btc,0.0,0.0,0.0,199
0,[],17,[],2019-01-30 16:32:01,0.0,0,0,6540827,2019-01-30 16:32:01,btc,6.802544163788159,0.0,0,btc,105897.55575295,0.0,0.0,200
0,[],2,[],2019-01-20 23:30:49,0.0,0,0,6477059,2019-01-20 23:30:49,,0.0,0.0,0,,0.0,0.0,0.0,201
1,[],4,[],2019-01-25 15:51:35,2084389.58565343,0.00000936,0.000000000333526752,6499557,2019-01-25 15:51:35,btc,2.0092503037378524,0.0,0.00000936,btc,160195.80207885,0.19272417,1.242687955921835,211
1,[],7,[],2019-02-25 00:26:03,4266468.86448792,0.0000013200000000000000673224496983149123252587742172181606292724609375,0.00000000004961853600000001,6777724,2019-02-25 00:26:03,btc,15476654.31204729,170908.928377,0.0000013200000000000000673224496983149123252587742172181606292724609375,btc,12382731.59324119,0.0,3.25134928999049,212
1,[],12,[],2019-01-25 02:44:32,207462.42853209,0.000001080000000000000035831255497387193287295303889550268650054931640625,0.000000000038610756000000006,6493050,2019-01-25 02:44:32,btc,85023.03793723314,0.0,0.000001080000000000000035831255497387193287295303889550268650054931640625,btc,43675.73520027,0.000146250909087,0.0348620860622024,213
1,[],5,[],2019-02-25 00:26:04,0.0,0,0,6777725,2019-02-25 00:26:04,btc,0.0,0.1514694,0,btc,0.0,0.0,0.0,213
1,[],24,[],2019-02-25 00:26:04,0.0,0.000000100000,0.00000000000375898,6777726,2019-02-25 00:26:04,btc,0.0,0.0,0.000000100000,btc,0.0,0.0,0.0,213
1,[],26,[],2019-02-25 00:26:04,0.0,0.00000009,0.000000000003383082,6777727,2019-02-25 00:26:04,btc,0.0,0.0,0.00000009,btc,0.0,0.0,0.0,213
1,[],22,[],2019-02-25 00:26:08,104971.0,0.00000001,0.000000000000375898,6777728,2019-02-25 00:26:08,BTC,2.20557071,0.0,0.00000001,BTC,249234.19637261707,0.0,0.00104971,216
1,[],27,[],2019-02-25 00:26:11,18126701.005988,0.00000008,0.000000000003007184,6777729,2019-02-25 00:26:11,btc,355.9328921271,2490.004,0.00000008,"btc,ltc",215968.841,0.0002739,0.034021470439003255,216
1,[],22,[],2019-02-25 00:26:14,254186.4667325441,0.00000215,0.00000000008081807,6777730,2019-02-25 00:26:14,BTC,12673.59227106,0.0,0.00000215,BTC,372110.19063635875,0.01858535,0.36210264,217
1,[],7,[],2019-02-25 00:26:15,0.0,0,0,6777731,2019-02-25 00:26:15,btc,77969.77488735563,0.0,0,btc,137043486.5550253,0.0,0.0,219
0,[],27,[],2019-02-25 00:26:18,0.0,0,0,6777732,2019-02-25 00:26:18,,0.0740438339680921,0.0,0,btc,1536429.20709513,0.0,0.0,219
0.0000000000000051,[],28,[],2019-02-25 00:26:20,168412474.765,5.100051e-18,1.917098970798e-22,6777733,2019-02-25 00:26:20,doge,83883.3352434475,14879.0,0.00100001,"btc,doge",4823713.77951,0.0,1.1073073314591126e-11,219
1,[],22,[],2019-02-25 00:26:23,86200.6,0.00000011,0.000000000004134878,6777734,2019-02-25 00:26:23,BTC,3.00651426,0.0,0.00000011,BTC,114665.27041875875,0.01568487,0.00863006,221
1,[],24,[],2019-02-25 00:26:23,0.0,0.000000200000,0.00000000000751796,6777735,2019-02-25 00:26:23,btc,0.0,0.0,0.000000200000,btc,0.0,0.0,0.0,221
1,[],20,[],2019-02-25 00:26:26,43482886.7222,0.000000002,0.0000000000000751796,6777736,2019-02-25 00:26:26,btc,47.9859378204242,2517911.5541,0.000000002,btc,10802318.4831,0.0061321537441,0.0440228867221,224
0,[],22,[],2019-02-25 00:26:33,0.0,0,0,6777737,2019-02-25 00:26:33,,0.0,0.0,0,,0.0,0.0,0.0,224
1,[],26,[],2019-02-25 00:26:33,0.0,0.00000035,0.00000000001315643,6777738,2019-02-25 00:26:33,btc,0.0,0.0,0.00000035,btc,0.0,0.0,0.0,231
1,[],26,[],2019-02-25 00:26:33,0.0,0.00000006,0.0000000000022553880000000002,6777739,2019-02-25 00:26:33,btc,0.0,0.0,0.00000006,btc,0.0,0.0,0.0,234
0.00000000035430160000000005,[],27,[],2019-02-25 00:26:37,2000.0,3.543016e-18,1.3318126283680001e-22,6777740,2019-02-25 00:26:37,eth,0.0113483662182,0.0,0.00000001,"btc,eth",11462.99618,0.0,7.086032000000001e-15,234
1,[],4,[],2019-02-25 00:26:37,1058356.64132962,0.00000078,0.000000000029320044,6777741,2019-02-25 00:26:37,btc,4.450895479033732,0.0,0.00000078,btc,1060582.41240784,0.03211894,0.4116746451582532,236
1,[],24,[],2019-02-25 00:26:37,0.0,0.000000300000,0.00000000001127694,6777742,2019-02-25 00:26:37,btc,0.0,0.0,0.000000300000,btc,0.0,0.0,0.0,236
1,[],20,[],2019-02-25 00:26:39,68981293.8446,0.000000057,0.0000000000021426186,6777743,2019-02-25 00:26:39,btc,10.0733987547282,25269157.326,0.000000057,btc,45050690.0209,1.4943061039127,0.3085531701338,237
0.0000000001171409,[],22,[],2019-02-25 00:26:42,14400.0,1.171409e-17,4.40330300282e-22,6777744,2019-02-25 00:26:42,LTC,0.0405823,0.0,0.0000001,LTC,3164.0,0.0,0.00144,237
1,[],4,[],2019-02-25 00:26:43,7054764.35150819,0.00000033,0.000000000012404634,6777745,2019-02-25 00:26:43,btc,5.853337688975717,0.0,0.00000033,btc,9271165.78066338,0.16261792,1.5154595913788496,238
1,[],5,[],2019-02-25 00:26:45,0.0,0,0,6777746,2019-02-25 00:26:45,btc,0.0,0.02129834,0,btc,0.0,0.0,0.0,238
0,[],22,[],2019-02-25 00:26:48,0.0,0,0,6777747,2019-02-25 00:26:48,,0.41356282,0.0,0,,316008.5639027493,0.0,0.0,249
0.0000000001171409,[],22,[],2019-02-25 00:26:52,7121097.666666667,3.514227e-18,1.320990900846e-22,6777748,2019-02-25 00:26:52,LTC,0.58373024,0.0,0.00000003,LTC,20076544.09,0.0,0.21263595,252
1,[],28,[],2019-02-25 00:26:54,3449091.698,0.00000018,0.000000000006766164,6777749,2019-02-25 00:26:54,btc,164693.64233377765,254259.596,0.00000018,btc,751645.6834,0.0,0.1988140375,256
1,[],22,[],2019-02-25 00:26:57,2069238.0,0.00000002,0.000000000000751796,6777750,2019-02-25 00:26:57,BTC,31.43607366,0.0,0.00000002,BTC,552637.8076914564,4.5e-06,0.03081212,258
1,[],22,[],2019-02-23 13:24:56,48751.0,0.00000001,0.000000000000395946,6766668,2019-02-23 13:24:56,BTC,2.4175745,0.0,0.00000001,BTC,1762.0,0.0,0.00048751,259
1,[],5,[],2019-02-25 00:26:58,0.0,0,0,6777751,2019-02-25 00:26:58,btc,0.0,0.22393272,0,btc,0.0,0.0,0.0,264
1,[],20,[],2019-02-25 00:27:00,1220845.1677,0.000001732,0.0000000000651055336,6777752,2019-02-25 00:27:00,btc,7.3519740075188,161681.2439,0.000001732,btc,95974.3306,0.4837442444102,0.0224222111898,264
1,[],22,[],2019-02-25 00:27:04,18164.0,0.00000001,0.000000000000375898,6777753,2019-02-25 00:27:04,BTC,8.44955368,0.0,0.00000001,BTC,428471.6907878143,0.0,0.00018164,271
0,[],22,[],2019-02-25 00:27:06,0.0,0,0,6777754,2019-02-25 00:27:06,,259.51234233,0.0,0,,14413921437.9,0.0,0.0,272
0.0000000000000051,[],28,[],2019-02-25 00:27:08,238742622614.654,4.08e-21,1.53366384e-25,6777755,2019-02-25 00:27:08,doge,21909037.788709287,51005356798.166,0.0000008,doge,215858592382.89423,0.0,6.314311363797539e-10,272
1,[],22,[],2019-02-25 00:27:17,114062.74,0.00000258,0.000000000096981684,6777756,2019-02-25 00:27:17,BTC,74.45072618,0.0,0.00000258,"BTC,LTC",13370.487639773188,0.0,0.04326404,281
1,[],22,[],2019-02-25 00:27:20,96392.0,0.00000001,0.000000000000375898,6777757,2019-02-25 00:27:20,BTC,1.33241639,0.0,0.00000001,BTC,166490.49887885063,2.23e-06,0.00096392,286
0,[],22,[],2019-02-25 00:27:23,0.0,0,0,6777758,2019-02-25 00:27:23,,43634.52001853,0.0,0,,419066696.0,0.0,0.0,294
