pairValue,buyBook,exchangeId,sellBook,updated,buyTotal,satoshiPrice,usdPrice,exchangeLogId,created,bestPair,sellTotalBtc,volume,pairPrice,activePairs,sellTotal,volumeBtc,buyTotalBtc,coinId
0,[],2,[],2019-01-20 23:28:45,0.0,0,0,6477011,2019-01-20 23:28:45,,0.0,0.0,0,,0.0,0.0,0.0,1
1,[],3,[],2019-02-17 00:56:38,30560.30449545582,0.012800840000000000828972446242914884351193904876708984375,0.00000046419046050000006,6691798,2019-02-17 00:56:38,btc,107.05061587078981,0.0,0.012800840000000000828972446242914884351193904876708984375,btc,20.428234751251,0.0,0.3013594967325404,1
1,[],4,[],2019-02-17 00:56:39,95986.6115228,0.01290211,0.000000467862763875,6691799,2019-02-17 00:56:39,btc,0.9353220355307748,0.0,0.01290211,btc,67.78424406,0.99685994,1.2775078096178856,1
1,[],5,[],2019-02-17 00:56:41,0.28681828,0.01310001,0.000000475039112625,6691800,2019-02-17 00:56:41,btc,14578.74109201,0.00151147,0.01310001,btc,35555556.24929138,0.0,2.28342873,1
1,[],10,[],2019-02-17 00:56:43,415472.64666544,0.00951115,0.000000344898076875,6691801,2019-02-17 00:56:43,btc,6528.49532482075,2036.73486074,0.00951115,btc,1329.03011786,0.0,4.856015132899216,1
1,[],12,[],2019-02-17 00:56:46,10442.85031593,0.0128599999999999999034105968576113809831440448760986328125,0.00000046633575,6691802,2019-02-17 00:56:46,btc,0.3269766095788,0.0,0.0128599999999999999034105968576113809831440448760986328125,btc,18.07575028,0.8079199406163,0.436513355956,1
1,[],20,[],2019-02-17 00:56:48,1151.2564,0.010500212,0.00000038076393765,6691803,2019-02-17 00:56:48,btc,0.0573537536243,0.0,0.010500212,btc,2.5253,0.0,0.0911161306007,1
1,[],21,[],2019-02-17 00:56:50,1673.16853228,0.01287670999999999954521712198,0.000000466941696375,6691804,2019-02-17 00:56:50,btc,21.782233343264224,3166.23142586,0.01287670999999999954521712197674787603318691253662109375,"btc,eth",1992.63422523,36.845719573754195,19.079888991171988,1
1,[],22,[],2019-02-17 00:56:54,0.0163776,0.01300000,0.00000047141250000000003,6691805,2019-02-17 00:56:54,BTC,0.31407927,0.0,0.01300000,BTC,0.10751954901960785,0.00012771,0.00020972,1
1,[],24,[],2019-02-17 00:56:55,0.0,0.000000000000,0,6691806,2019-02-17 00:56:55,btc,0.0,0.0,0.000000000000,btc,0.0,0.0,0.0,1
0.0,[],25,[],2019-02-17 00:56:56,0.0,0,0,6691807,2019-02-17 00:56:56,btc,32.27319999716598,1841.54954295,0.0,btc,2447.27740391,24.3132,0.0,1
1,[],26,[],2019-02-17 00:57:52,0.0,0,0,6691808,2019-02-17 00:57:52,,0.0,0.0,0,,0.0,0.0,0.0,1
1,[],28,[],2019-02-17 00:57:58,992.968,0.01231000,0.00000044639137500000003,6691809,2019-02-17 00:57:58,btc,0.162839806,18238.55,0.01231000,btc,8.9,0.0,0.086870176,1
1,[],5,[],2019-02-17 00:58:00,1.536e-05,0.00000066,0.00000000002393325,6691810,2019-02-17 00:58:00,btc,0.12689027,7.499e-05,0.00000066,btc,6.166e-05,0.0,0.25254901,2
0,[],22,[],2019-02-17 00:58:02,0.0,0,0,6691811,2019-02-17 00:58:02,,0.0,0.0,0,,0.0,0.0,0.0,2
1,[],5,[],2019-02-17 00:58:04,1.29e-06,0.00000017,0.0000000000061646250000000005,6691812,2019-02-17 00:58:04,btc,4.3115323,0.05269262,0.00000017,btc,2.278e-05,0.0,3.50576739,3
1,[],12,[],2019-02-17 00:58:05,13098529.75544522,0.000000169,0.0000000000061283625,6691813,2019-02-17 00:58:05,btc,923761.8005079548,0.0,0.000000169,btc,8715431.21943495,0.14015820182250577,0.6035239396687075,3
0,[],28,[],2019-02-17 00:58:10,0.0,0,0,6691814,2019-02-17 00:58:10,,0.0,0.0,0,,0.0,0.0,0.0,3
0,[],2,[],2019-01-20 23:31:32,0.0,0,0,6477077,2019-01-20 23:31:32,,0.0,0.0,0,,0.0,0.0,0.0,4
1,[],4,[],2019-02-17 00:58:11,401482.33442777,0.00000032,0.000000000011604000000000001,6691815,2019-02-17 00:58:11,btc,0.3843263432853214,0.0,0.00000032,btc,337830.34099658,0.0019529,0.0550515298540441,4
1,[],12,[],2019-02-14 17:26:54,1405077.5219999999,0.00000004,0.000000000001441592,6666503,2019-02-14 17:26:54,btc,11113878.38315974,0.0,0.00000004,btc,1084186.13790569,0.0004039437362635,0.02355927044,5
0,[],2,[],2019-01-20 23:31:51,0.0,0,0,6477087,2019-01-20 23:31:51,,0.0,0.0,0,,0.0,0.0,0.0,6
1,[],11,[],2019-02-17 00:58:13,6401309.5,0.00000002,0.0000000000007252500000000001,6691816,2019-02-17 00:58:13,btc,9433.292373620638,280000.0,0.00000002,btc,40128064.15478057,0.0,0.089535885,6
1,[],3,[],2019-02-17 00:58:14,1093.771909284592,0.0001463500000000000065593364073635029853903688490390777587890625,0.000000005307016875,6691817,2019-02-17 00:58:14,btc,27.605796873748474,0.0,0.0001463500000000000065593364073635029853903688490390777587890625,btc,249.144760639695,0.0,0.03438323635978121,7
1,[],4,[],2019-02-17 00:58:15,16996.13367281,0.00025869,0.000000009380746125,6691818,2019-02-17 00:58:15,btc,3.4132353134089137,0.0,0.00025869,btc,12768.96323626,9.89334841,3.5633429766668243,7
1,[],5,[],2019-02-17 00:58:16,0.00799884,0.00024508,0.0000000088872135,6691819,2019-02-17 00:58:16,btc,1.63768584,2.17774071,0.00024508,btc,0.01523648,0.0,2.04598443,7
1,[],20,[],2019-02-16 22:15:34,39399800.8418,0.000000001,0.0000000000000362764,6690571,2019-02-16 22:15:34,btc,116.8105547367511,4113491.0,0.000000001,btc,57099322.9204,0.004113491,0.0393998008418,8
0,[],2,[],2019-01-20 23:22:42,0.0,0,0,6476876,2019-01-20 23:22:42,,0.0,0.0,0,,0.0,0.0,0.0,9
0,[],23,[],2019-01-20 23:22:48,0.0,0,0,6476878,2019-01-20 23:22:48,,0.0,0.0,0,,0.0,0.0,0.0,9
1,[],1,[],2019-02-17 00:58:17,3424114.0100000002,0.000001830000000000000054831898570195658493275914224795997142791748046875,0.00000000006636037500000001,6691820,2019-02-17 00:58:17,btc,7.6090665327,12100197.88,0.000001830000000000000054831898570195658493275914224795997142791748046875,btc,4074196.57,22.28886904,6.1837164209,9
1,[],4,[],2019-02-17 00:58:18,227181.58454304,0.00000181,0.000000000065635125,6691821,2019-02-17 00:58:18,btc,0.8379523279492485,0.0,0.00000181,btc,442429.04909714,2.55264163,0.385856986784333,9
1,[],28,[],2019-02-17 00:58:23,43336.934,0.00000167,0.00000000006055837500000001,6691822,2019-02-17 00:58:23,btc,2708.76126858,3573268.0,0.00000167,btc,11769.36,0.0,0.04320967978,9
1,[],4,[],2019-02-17 00:58:24,4377266.65426054,0.00000002,0.0000000000007252500000000001,6691823,2019-02-17 00:58:24,btc,0.2009273189451339,0.0,0.00000002,btc,4142375.72908029,0.0002174,0.0492609853452108,10
0,[],2,[],2019-01-20 23:23:08,0.0,0,0,6476890,2019-01-20 23:23:08,,0.0,0.0,0,,0.0,0.0,0.0,12
1,[],4,[],2019-02-17 00:58:26,1460386.94925687,0.00000159,0.000000000057657375,6691824,2019-02-17 00:58:26,btc,6.781382788103243,0.0,0.00000159,btc,3979620.64885731,9.00051052,2.219345495305554,12
1,[],5,[],2019-02-17 00:58:28,3.353e-05,0.00000157,0.000000000056932125,6691825,2019-02-17 00:58:28,btc,0.64852774,0.96916423,0.00000157,btc,0.00011482,0.0,0.61761644,12
0.0,[],25,[],2019-02-17 00:58:30,0.0,0,0,6691826,2019-02-17 00:58:30,,0.0,0.0,0.0,btc,0.0,0.0,0.0,12
1,[],10,[],2019-02-17 00:06:39,453271.0098151,0.0000063,0.00000000022800078,6691442,2019-02-17 00:06:39,btc,666805.4428562858,3418.41811289,0.0000063,btc,723893.87301241,0.0,0.4155294043076263,13
1,[],4,[],2019-02-17 00:58:31,1414858.89521534,0.00000630,0.00000000022845375,6691827,2019-02-17 00:58:31,btc,1.3705560151085645,0.0,0.00000630,btc,194766.32922337,0.48150194,1.9512294920671698,13
1,[],21,[],2019-02-17 00:58:34,1240363.62503831,0.000006379999999999999901875366581,0.00000000023135475,6691828,2019-02-17 00:58:34,btc,5.9105427625363545,427126.6224313,0.00000637999999999999990187536658137190670458949171006679534912109375,btc,793758.79638589,2.76854747,7.390055771707912,13
1,[],4,[],2019-02-17 00:58:35,988983.20011859,0.00000138,0.00000000005004225,6691829,2019-02-17 00:58:35,btc,0.1072760590404664,0.0,0.00000138,btc,58265.91093232,0.00145611,0.4161537592778314,14
1,[],12,[],2019-02-17 00:58:37,85543.2231405,0.000001250000000000000102253817392539136932327892282046377658843994140625,0.000000000045328125000000003,6691830,2019-02-17 00:58:37,btc,2.775895144980684,0.0,0.000001250000000000000102253817392539136932327892282046377658843994140625,btc,29994.22510305,0.0003021182997546,0.009337320000005,14
0,[],17,[],2019-02-17 00:58:38,0.0,0,0,6691831,2019-02-17 00:58:38,btc,0.0,0.0,0,btc,0.0,0.0,0.0,14
1,[],26,[],2019-02-17 00:58:38,0.0,0,0,6691832,2019-02-17 00:58:38,,0.0,0.0,0,,0.0,0.0,0.0,14
,[],12,[],2018-12-01 15:15:48,204241.84496,0.00000489,0.000000000202473384,5260204,2018-12-01 15:15:48,btc,49.5475654835,0.0,,btc,35763.2193806,0.0163153972027625,0.0203389899998,15
0,[],4,[],2019-02-17 00:58:39,0.0,0,0,6691833,2019-02-17 00:58:39,,0.0,0.0,0,,0.0,0.0,0.0,15
1,[],4,[],2019-02-17 00:48:05,27824.246664,0.00001822,0.000000000660843044,6691630,2019-02-17 00:48:05,btc,2.2190080112703017,0.0,0.00001822,btc,7743.51577634,0.00832603,0.1168703314552447,18
1,[],10,[],2019-02-17 00:48:07,788255.36972516,0.000019,0.0000000006891338,6691631,2019-02-17 00:48:07,btc,15.534602545722729,659.47511205,0.000019,btc,10465.73006568,0.0,0.2946262406407863,18
1,[],12,[],2019-02-17 00:48:08,204305.16418052,0.00001775000000000000115554267543505062576514319516718387603759765625,0.0000000006437960500000001,6691632,2019-02-17 00:48:08,btc,22.612318474143557,0.0,0.00001775000000000000115554267543505062576514319516718387603759765625,btc,1881.99797713,0.002332839358534,0.0339075963239038,18
0,[],17,[],2019-02-17 00:48:19,0.0,0,0,6691633,2019-02-17 00:48:19,btc,0.0,0.0,0,btc,0.0,0.0,0.0,18
0,[],2,[],2019-01-20 23:23:38,0.0,0,0,6476906,2019-01-20 23:23:38,,0.0,0.0,0,,0.0,0.0,0.0,18
0,[],2,[],2019-01-20 23:24:19,0.0,0,0,6476924,2019-01-20 23:24:19,,0.0,0.0,0,,0.0,0.0,0.0,19
1,[],3,[],2019-02-17 00:58:41,120770.6664433268,0.00002248999999999999981873007037780354266942595131695270538330078125,0.000000000815543625,6691834,2019-02-17 00:58:41,btc,0.47883125292944556,9608.81825373,0.00002248999999999999981873007037780354266942595131695270538330078125,btc,5417.520638937134,0.0,0.07966601488746118,19
1,[],4,[],2019-02-17 00:58:42,258939.60271033,0.00002378,0.00000000086232225,6691835,2019-02-17 00:58:42,btc,0.2407380226007373,0.0,0.00002378,btc,9100.92943009,0.78568278,1.9959441261372677,19
1,[],5,[],2019-02-17 00:58:43,0.000155,0.00002102,0.0000000007622377500000001,6691836,2019-02-17 00:58:43,btc,0.21200377,0.00026444,0.00002102,btc,0.00296645,0.0,0.06692385,19
1,[],12,[],2019-02-17 00:58:44,134811.88237905,0.00002252999999999999943575516858640384043610538356006145477294921875,0.000000000816994125,6691837,2019-02-17 00:58:44,btc,0.0293649167813548,0.0,0.00002252999999999999943575516858640384043610538356006145477294921875,btc,290.66393647,0.0,0.0326771299999965,19
0,[],27,[],2019-02-17 00:58:49,0.0,0,0,6691838,2019-02-17 00:58:49,,0.0,0.0,0,btc,0.0,0.0,0.0,19
1,[],4,[],2019-02-17 00:58:50,8088873.07731539,0.00000014,0.00000000000507675,6691839,2019-02-17 00:58:50,btc,0.7457130922492494,0.0,0.00000014,btc,1594207.2060696,0.00154,0.2609889090751498,20
1,[],4,[],2019-02-17 00:58:51,111659642.2629021,0.00000002,0.0000000000007252500000000001,6691840,2019-02-17 00:58:51,btc,0.4408008187206992,0.0,0.00000002,btc,12807883.52271071,0.01088997,1.2710332891386824,21
1,[],12,[],2019-02-17 00:58:51,17377041.0,0.00000002,0.0000000000007252500000000001,6691841,2019-02-17 00:58:51,btc,669.7079376617195,0.0,0.00000002,btc,8590953.269732941,0.0,0.2197811,21
0,[],17,[],2019-02-17 00:58:53,0.0,0,0,6691842,2019-02-17 00:58:53,btc,0.0,0.0,0,btc,0.0,0.0,0.0,21
1,[],12,[],2019-02-17 00:58:56,2591848684.043896,0.0000000002,0.0000000000000072525,6691843,2019-02-17 00:58:56,btc,880864730664.0908,0.0,0.0000000002,btc,4246951765.6527987,0.04806809010829171,0.26595329535558976,23
0,[],27,[],2019-02-17 00:59:01,0.0,0,0,6691844,2019-02-17 00:59:01,,1.3429826565934113,0.0,0,eth,1964879.85514486,0.0,0.0,23
1,[],4,[],2019-02-17 00:59:01,375986.93308962,0.00000067,0.000000000024295875,6691845,2019-02-17 00:59:01,btc,0.1645553340386751,0.0,0.00000067,btc,169460.16370179,0.00771564,0.1910378735102057,24
1,[],22,[],2019-02-17 00:59:05,11.76,0.00000100,0.0000000000362625,6691846,2019-02-17 00:59:05,BTC,7.415e-05,0.0,0.00000100,BTC,23.919354838709676,0.0,1.176e-05,24
0.0,[],25,[],2019-02-17 00:59:06,0.0,0,0,6691847,2019-02-17 00:59:06,,0.0,0.0,0.0,btc,0.0,0.0,0.0,24
1,[],4,[],2019-02-17 00:59:07,26852118.12230129,0.00000576,0.00000000020887200000000002,6691848,2019-02-17 00:59:07,btc,0.38922016208411,0.0,0.00000576,btc,43456.39014894,0.04713802,0.3954365487065811,26
1,[],10,[],2019-02-17 00:59:09,683124.32364576,0.0000054,0.0000000001958175,6691849,2019-02-17 00:59:09,btc,25.927278420629378,0.0,0.0000054,btc,14351.41452713,0.0,0.214323946852821,26
0,[],2,[],2019-01-20 23:25:56,0.0,0,0,6476976,2019-01-20 23:25:56,,0.0,0.0,0,,0.0,0.0,0.0,26
1,[],3,[],2019-02-17 00:59:10,5800007.95913569,0.00000001,0.00000000000036262500000000003,6691850,2019-02-17 00:59:10,btc,2.696003696209302,190528.0,0.00000001,btc,17077574.61059958,0.0,0.0580000795913569,27
1,[],5,[],2019-02-17 00:59:12,1e-08,0.00000001,0.00000000000036262500000000003,6691851,2019-02-17 00:59:12,btc,1.5981049,0.0,0.00000001,btc,4.345e-05,0.0,0.09876515,27
1,[],11,[],2019-02-17 00:59:14,10063976.7912115,0.00000005,0.000000000001813125,6691852,2019-02-17 00:59:14,btc,370.63395482225405,8080.0,0.00000005,btc,8170894.5693934,0.0,0.4660996184459823,27
1,[],4,[],2019-02-17 01:01:14,542056209.3182625,0.00000002,0.0000000000007252500000000001,6691853,2019-02-17 01:01:14,btc,0.23845668721782212,0.0,0.00000002,"btc,ltc",14299763.0442658,0.0,8.30844092245535,29
1,[],7,[],2019-02-17 01:01:16,28336090.63491832,0.00000002,0.0000000000007252500000000001,6691854,2019-02-17 01:01:16,btc,44465227.24584093,1144.65034965,0.00000002,btc,55819499.563420214,0.0,0.41187488825014074,29
1,[],4,[],2019-02-17 01:01:17,1374045.85411617,0.00000025,0.000000000009065625,6691855,2019-02-17 01:01:17,btc,0.1535904593791286,0.0,0.00000025,btc,378189.10335149,0.00485672,0.0871876823368622,30
0,[],17,[],2019-02-17 00:08:01,0.0,0,0,6691474,2019-02-17 00:08:01,btc,0.0,0.0,0,btc,0.0,0.0,0.0,30
1,[],4,[],2019-02-17 01:01:28,1143722.80039999,0.00006328,0.000000002294691,6691856,2019-02-17 01:01:28,btc,1.0040652649742758,0.0,0.00006328,btc,14343.13987249,2.75560741,1.9302607477217064,31
1,[],21,[],2019-02-17 01:01:29,74556.54998522,0.00006185999999999999387611387958,0.0000000022431982499999997,6691857,2019-02-17 01:01:29,btc,2.161117762833671,245103.19757573,0.000061859999999999993876113879576195131448912434279918670654296875,btc,31720.14549208,15.29446069,4.278362368980963,31
0,[],2,[],2019-01-20 23:28:43,0.0,0,0,6477009,2019-01-20 23:28:43,,0.0,0.0,0,,0.0,0.0,0.0,32
1,[],4,[],2019-02-17 01:01:31,142828127.58774486,0.00000005,0.0000000000018131250000000001,6691858,2019-02-17 01:01:31,btc,2.5514696953128975,0.0,0.00000005,"btc,ltc",52390918.78453281,0.80820681,2.5521273912534346,33
1,[],12,[],2019-02-17 01:01:32,14904367.0,0.00000004,0.0000000000014505000000000001,6691859,2019-02-17 01:01:32,btc,34508947.32101727,0.0,0.00000004,btc,88939074.96003973,0.001047556183818,0.48144161,33
1,[],4,[],2019-02-17 01:01:33,134660926.14363936,0.00000001,0.00000000000036262500000000003,6691860,2019-02-17 01:01:33,btc,1.0192594355728033,0.0,0.00000001,btc,42300854.48282942,0.00499854,1.3466092614363936,34
1,[],5,[],2019-02-17 01:01:34,1e-08,0.00000001,0.00000000000036262500000000003,6691861,2019-02-17 01:01:34,btc,5.0796138,0.0002163,0.00000001,btc,1.343e-05,0.0,0.84660099,34
0.00000000011963830000000001,[],4,[],2019-02-17 01:01:35,1112353686.4821897,2.392766e-18,8.6767677075e-23,6691862,2019-02-17 01:01:35,ltc,9.724184311806667e-09,0.0,0.00000002,ltc,1939192272.463282,0.0,2.0069806079422005e-09,36
1,[],5,[],2019-02-17 01:01:38,0.0,0,0,6691863,2019-02-17 01:01:38,btc,197.53855731,0.0,0,btc,1.325e-05,0.0,0.0,36
0,[],17,[],2019-02-17 01:01:39,0.0,0,0,6691864,2019-02-17 01:01:39,btc,0.14155809875064368,0.0,0,btc,10796613.27743647,0.0,0.0,36
0.000000000339395,[],27,[],2019-02-17 01:01:43,7.0,3.39395e-18,1.23073111875e-22,6691865,2019-02-17 01:01:43,eth,100.2431170304,390.0,0.00000001,"ltc,eth",1255695.88,5.294562e-13,2.3757649999999998e-17,36
1,[],4,[],2019-02-17 00:49:22,435699.23705723,0.00000087,0.000000000031555074,6691664,2019-02-17 00:49:22,btc,0.32162225935762,0.0,0.00000087,btc,222046.66547664,0.0989446,0.2520195725782398,37
1,[],12,[],2019-02-17 00:49:24,467859.1209127,0.00000086,0.000000000031192372000000003,6691665,2019-02-17 00:49:24,btc,1364.065484273488,0.0,0.00000086,btc,727886.28218246,0.1703908935439583,0.0882344090256868,37
1,[],17,[],2019-02-17 00:49:30,1752.74075282,0.00000025,0.00000000000906755,6691666,2019-02-17 00:49:30,btc,0.055484923777095005,0.0,0.00000025,btc,1319.19918473,0.0,0.00043818518820499993,37
1,[],27,[],2019-02-17 00:49:32,15952.0,0.00000052,0.000000000018860504,6691667,2019-02-17 00:49:32,btc,25.70013877686233,0.0,0.00000052,btc,6321.02738508,0.0,0.00545422,37
1,[],5,[],2019-02-17 01:01:45,1.571e-05,0.00000097,0.000000000035174625,6691866,2019-02-17 01:01:45,btc,0.09700803,0.01987827,0.00000097,btc,9.544e-05,0.0,0.04003622,42
1,[],12,[],2019-02-17 01:01:48,127367.49846221,0.0000009,0.00000000003263625,6691867,2019-02-17 01:01:48,btc,92.8783309507181,0.0,0.0000009,btc,86442.8063132,0.0110594369830106,0.0428280699999972,42
0,[],27,[],2019-02-17 01:01:50,0.0,0,0,6691868,2019-02-17 01:01:50,,0.00315028,0.0,0,"btc,eth",11.007,0.0,0.0,42
1,[],5,[],2019-02-17 01:01:51,6e-08,0.00000003,0.000000000001087875,6691869,2019-02-17 01:01:51,btc,5.88486239,0.01928019,0.00000003,btc,1.425e-05,0.0,0.6199522,43
1,[],12,[],2019-02-17 01:01:52,4101545.0,0.00000001,0.00000000000036262500000000003,6691870,2019-02-17 01:01:52,btc,20007457.49269621,0.0,0.00000001,btc,38975741.48291704,1.998002e-08,0.04101545,43
0,[],17,[],2019-02-17 00:49:43,0.0,0,0,6691673,2019-02-17 00:49:43,btc,0.0,0.0,0,btc,0.0,0.0,0.0,43
1,[],12,[],2019-02-17 00:49:46,721763.0,0.00000005,0.00000000000181351,6691674,2019-02-17 00:49:46,btc,11115166.704775382,0.0,0.00000005,btc,1033322.31470526,4.23e-05,0.0190927,44
1,[],4,[],2019-02-17 00:49:47,325107138.6980355,0.00000002,0.000000000000725404,6691675,2019-02-17 00:49:47,btc,0.18862180691416527,0.0,0.00000002,"btc,ltc",4553724.85245401,0.00142599,0.429184153085576,49
0.0000000001195525,[],4,[],2019-02-17 00:49:49,132370538.38500668,1.195525e-18,4.3361930855000003e-23,6691676,2019-02-17 00:49:49,ltc,4.64517350823846,0.0,0.00000001,ltc,3620033764.560867,0.0,1.5825228790273511e-10,52
0,[],22,[],2019-02-17 00:49:53,0.0,0,0,6691677,2019-02-17 00:49:53,,4368.07440295,0.0,0,,262751443.67882353,0.0,0.0,57
0,[],27,[],2019-02-17 00:49:57,0.0,0,0,6691678,2019-02-17 00:49:57,,0.0,0.0,0,"btc,eth",0.0,0.0,0.0,57
0.0000000001195525,[],4,[],2019-02-17 00:49:58,918836642.6086639,4.7821e-18,1.7344772342000001e-22,6691679,2019-02-17 00:49:58,ltc,3.272209003256852,0.0,0.00000004,ltc,1024337801.5182172,0.0,2.3218202004772404e-09,58
1,[],12,[],2019-02-17 00:50:00,1742692669.843957,0.0000000005,0.0000000000000181351,6691680,2019-02-17 00:50:00,btc,224005490902.38492,0.0,0.0000000005,btc,3720580602.331684,0.005357921345154846,0.5864357612011392,58
0,[],17,[],2019-02-17 00:50:01,0.0,0,0,6691681,2019-02-17 00:50:01,btc,1e+24,0.0,0,btc,41481695.95832568,0.0,0.0,58
0.0000000001282222,[],22,[],2019-02-17 00:50:06,137438.0,1.282222e-18,4.6506448384400004e-23,6691682,2019-02-17 00:50:06,XMR,69.8835922,0.0,0.00000001,XMR,9887963.0,0.0,0.00137438,58
1,[],5,[],2019-02-17 00:50:08,3.92e-06,0.00000044,0.000000000015958888,6691683,2019-02-17 00:50:08,btc,0.07762789,0.05598192,0.00000044,btc,4.581e-05,0.0,0.07631314,61
1,[],22,[],2019-02-17 00:50:11,5149.5,0.00000011,0.000000000003989722,6691684,2019-02-17 00:50:11,BTC,1002.29597012,0.0,0.00000011,BTC,14947.700278135757,1.2e-05,0.00051596,61
1,[],26,[],2019-02-17 00:50:11,0.0,0,0,6691685,2019-02-17 00:50:11,,0.0,0.0,0,,0.0,0.0,0.0,61
1,[],27,[],2019-02-17 00:50:15,265297.021,0.00000032,0.000000000011606464,6691686,2019-02-17 00:50:15,btc,2.914270623900124,1104.57125583,0.00000032,"btc,eth",18173.48235296,0.0003880000337285627,8.82100514585926e-05,61
1,[],28,[],2019-02-17 00:50:17,13882.304,0.0000005,0.0000000000181351,6691687,2019-02-17 00:50:17,btc,2.062488404235105,6734.0,0.0000005,btc,15611.87550005,0.0,0.00566491304,61
1,[],4,[],2019-02-17 00:50:18,566804.88916155,0.00000315,0.00000000011425113,6691688,2019-02-17 00:50:18,btc,1.4027620633291773,0.0,0.00000315,btc,332700.11834856,0.37372744,1.0679891454206498,67
0.0,[],25,[],2019-02-17 00:50:21,0.0,0,0,6691689,2019-02-17 00:50:21,,0.0,0.0,0.0,btc,0.0,0.0,0.0,67
1,[],12,[],2019-02-17 00:50:22,3432856.20190597,0.00000015,0.00000000000544053,6691690,2019-02-17 00:50:22,btc,11115996.051447576,0.0,0.00000015,btc,1872132.40451492,0.0071153306328982,0.12977036644110979,71
,[],5,[],2018-11-20 23:02:39,1.5e-07,0.00000005,0.000000000002128045,4862160,2018-11-20 23:02:39,btc,2.84511358,0.0,,btc,0.00036572,0.0,0.07381892,74
1,[],5,[],2019-02-17 00:50:24,3.049e-05,0.00000156,0.000000000056581512,6691691,2019-02-17 00:50:24,btc,1.5424315,0.0,0.00000156,btc,0.00016981,0.0,0.30484564,75
1,[],4,[],2019-02-17 00:50:24,29738604.75692337,0.00000001,0.000000000000362702,6691692,2019-02-17 00:50:24,btc,0.8487978482018892,0.0,0.00000001,btc,15391342.79181637,0.0146539,0.2973860475692337,81
0,[],20,[],2019-01-25 09:30:31,0.0,0,0,6495923,2019-01-25 09:30:31,btc,0.0,0.0,0,btc,0.0,0.0,0.0,81
1,[],4,[],2019-02-17 00:50:28,30627.94671998,0.00007202,0.000000002612179804,6691693,2019-02-17 00:50:28,btc,0.9240268116708609,0.0,0.00007202,btc,8458.62780947,0.0762346,0.1343258991881708,82
1,[],21,[],2019-02-17 00:50:29,137341.62718452,0.00007773000000000000286708157216,0.000000002819282646,6691694,2019-02-17 00:50:29,btc,2.8405170523996346,2052.50284318,0.00007773000000000000286708157215542769336025230586528778076171875,btc,31744.66108358,0.16197377,2.343442869414092,82
0,[],17,[],2019-02-17 00:50:40,0.0,0,0,6691695,2019-02-17 00:50:40,btc,0.0447233088476774,0.0,0,btc,999127.19588126,0.0,0.0,84
0.0000000001195525,[],4,[],2019-02-17 00:50:41,170732317.00990874,8.368675e-18,3.0353351598500003e-22,6691696,2019-02-17 00:50:41,ltc,0.19569063267187725,0.0,0.00000007,ltc,101622903.83804251,0.0,8.292360482707819e-10,85
,[],22,[],2018-11-20 23:09:34,3408.1,0.0000001,0.0000000000041895,4862324,2018-11-20 23:09:34,BTC,0.04624735,0.0,,BTC,4990.0,0.0,0.00033081,86
0,[],22,[],2019-02-17 00:50:44,0.0,0,0,6691697,2019-02-17 00:50:44,,2.0760781,0.0,0,,140622.94736842104,0.0,0.0,87
0,[],27,[],2019-02-17 00:50:47,0.0,0,0,6691698,2019-02-17 00:50:47,,0.0,0.0,0,btc,0.0,0.0,0.0,87
,[],2,[],2018-11-20 23:10:47,0.0,0,0,4862359,2018-11-20 23:10:47,,0.0,0.0,,,0.0,0.0,0.0,88
1,[],11,[],2019-02-17 00:50:49,95566.38239792,0.00014402999999999998811429924305826943964348174631595611572265625,0.000000005223996906,6691699,2019-02-17 00:50:49,btc,609.7618188575469,1196.22343,0.00014402999999999998811429924305826943964348174631595611572265625,btc,93200.45143163,0.0,6.375343095566233,89
0,[],2,[],2019-01-20 23:31:45,0.0,0,0,6477083,2019-01-20 23:31:45,,0.0,0.0,0,,0.0,0.0,0.0,91
1,[],12,[],2019-02-17 00:50:51,436964.48401082,0.00000206000000000000018206681821897330308956952649168670177459716796875,0.00000000007471661200000001,6691700,2019-02-17 00:50:51,btc,4.168748166418076,0.0,0.00000206000000000000018206681821897330308956952649168670177459716796875,btc,46783.04694967,0.0016650481888128,0.0602732962729505,91
0,[],17,[],2019-02-17 00:11:21,0.0,0,0,6691512,2019-02-17 00:11:21,btc,0.0,0.0,0,btc,0.0,0.0,0.0,91
0.0000000001195525,[],22,[],2019-02-17 00:51:07,4508000.0,4.7821e-18,1.7344772342000001e-22,6691701,2019-02-17 00:51:07,LTC,8.12129807,0.0,0.00000004,LTC,66745238.1,8.129570000000001e-14,0.14507,95
0.0000000001195525,[],4,[],2019-02-17 00:51:08,135391548.92021453,9.205542500000001e-17,3.3388686758350004e-21,6691702,2019-02-17 00:51:08,ltc,0.9760549167376815,0.0,0.00000077,ltc,47818032.20008276,0.00692518,1.112516929532977e-09,96
1,[],12,[],2019-02-17 00:51:09,294764.0,0.00000001,0.000000000000362702,6691703,2019-02-17 00:51:09,btc,255052.49766885003,0.0,0.00000001,btc,8744507.55375598,0.00015175,0.00294764,96
0,[],17,[],2019-02-17 00:11:31,0.0,0,0,6691516,2019-02-17 00:11:31,btc,0.0,0.0,0,btc,0.0,0.0,0.0,96
1,[],4,[],2019-02-17 00:51:20,1595197.35353412,0.00000034,0.000000000012331868,6691704,2019-02-17 00:51:20,btc,0.2132419900975649,0.0,0.00000034,btc,469656.1663006,0.00385731,0.1989675250746671,99
0,[],2,[],2019-01-20 23:23:55,0.0,0,0,6476914,2019-01-20 23:23:55,,0.0,0.0,0,,0.0,0.0,0.0,100
1,[],4,[],2019-02-17 00:51:21,214620.6074576,0.00004001,0.000000001451170702,6691705,2019-02-17 00:51:21,btc,1.2308906739053995,0.0,0.00004001,btc,27602.25355486,0.49763428,1.920572057300785,100
1,[],22,[],2019-02-17 00:51:25,50000.0,0.00000001,0.000000000000362702,6691706,2019-02-17 00:51:25,BTC,23.49896609,0.0,0.00000001,BTC,10277.22,0.0,0.0005,101
1,[],4,[],2019-02-17 00:51:26,375639.13688352,0.00000090,0.000000000032643180000000003,6691707,2019-02-17 00:51:26,btc,0.4180609926712177,0.0,0.00000090,btc,169721.29299155,0.06484536,0.1751361990646876,103
1,[],12,[],2019-02-17 00:51:28,43435452.4663887,0.000000016,0.0000000000005803232,6691708,2019-02-17 00:51:28,btc,137279201.990379,0.0,0.000000016,btc,123212752.9625716,0.04457450707334478,0.1704141424622192,105
1,[],27,[],2019-02-17 00:51:30,3997411.89,0.00000001,0.000000000000362702,6691709,2019-02-17 00:51:30,btc,0.2583299431492299,16421.0,0.00000001,btc,303168.20460553,0.00016421,0.0399741189,105
0,[],22,[],2019-02-17 00:51:33,0.0,0,0,6691710,2019-02-17 00:51:33,,51.10825004,0.0,0,,468935.0,0.0,0.0,107
1,[],26,[],2019-02-17 00:51:33,0.0,0,0,6691711,2019-02-17 00:51:33,,0.0,0.0,0,,0.0,0.0,0.0,107
1,[],5,[],2019-02-17 00:51:34,1e-08,0.00000001,0.000000000000362702,6691712,2019-02-17 00:51:34,btc,2.9017305,9.62e-06,0.00000001,btc,1.571e-05,0.0,0.08578002,112
1,[],22,[],2019-02-17 00:51:38,167093.0,0.00000001,0.000000000000362702,6691713,2019-02-17 00:51:38,BTC,2.81183288,0.0,0.00000001,BTC,808524.0833333334,0.0,0.00167093,112
0,[],27,[],2019-02-17 00:51:41,0.0,0,0,6691714,2019-02-17 00:51:41,,1.35132491849924,0.0,0,"btc,eth",1328.641654,0.0,0.0,112
1,[],4,[],2019-02-17 00:51:42,444122.7633582,0.00000335,0.00000000012150517,6691715,2019-02-17 00:51:42,btc,0.2768525648023029,0.0,0.00000335,btc,62364.04977171,0.1252443,0.1750475565990693,113
1,[],5,[],2019-02-17 00:51:43,1.227e-05,0.00000307,0.000000000111349514,6691716,2019-02-17 00:51:43,btc,2.15119258,0.00462898,0.00000307,btc,0.00283452,0.0,0.19842726,113
1,[],17,[],2019-02-17 00:51:54,152738.278,0.00000004,0.000000000001450808,6691717,2019-02-17 00:51:54,btc,1.33680302678,0.0,0.00000004,btc,50696.221,0.0,0.0022095311199999998,116
0,[],27,[],2019-02-17 00:51:56,0.0,0,0,6691718,2019-02-17 00:51:56,,0.0,0.0,0,btc,0.0,0.0,0.0,116
1,[],4,[],2019-02-17 00:51:58,24734.11648798,0.00003000,0.000000001088106,6691719,2019-02-17 00:51:58,btc,0.853330862989644,0.0,0.00003000,btc,24375.63443415,4.26227822,0.6330073316830698,120
1,[],7,[],2019-02-17 00:52:00,18245.66459504,0.00003006999999999999839575375026878845119426841847598552703857421875,0.000000001090644914,6691720,2019-02-17 00:52:00,btc,115647.13139836233,8043.48904502,0.00003006999999999999839575375026878845119426841847598552703857421875,btc,27840.43993406,0.26589901,0.0773414487816757,120
1,[],20,[],2019-02-17 00:52:03,1085883.8897,0.000000016,0.0000000000005803232,6691721,2019-02-17 00:52:03,btc,31.5529793801051,2860.7,0.000000016,btc,1168796.9594,4.29105e-05,0.0052152547174,125
1,[],22,[],2019-02-17 00:52:07,3053.0,0.00000001,0.000000000000362702,6691722,2019-02-17 00:52:07,BTC,0.01444887,0.0,0.00000001,BTC,296263.5111111111,2e-08,3.053e-05,126
0,[],17,[],2019-02-17 00:00:26,0.0,0,0,6691339,2019-02-17 00:00:26,btc,0.0009561751951600001,0.0,0,btc,35.42829368,0.0,0.0,131
1,[],4,[],2019-02-17 00:52:08,119206.37975376,0.00001761,0.000000000638718222,6691723,2019-02-17 00:52:08,btc,0.9749192110560648,0.0,0.00001761,btc,37446.49538438,0.79264296,0.9313927574323771,131
0,[],2,[],2019-01-20 23:25:46,0.0,0,0,6476969,2019-01-20 23:25:46,,0.0,0.0,0,,0.0,0.0,0.0,131
1,[],4,[],2019-02-17 00:52:09,4551.9028737,0.00016004,0.000000005804682808,6691724,2019-02-17 00:52:09,btc,1.6421815711089056,0.0,0.00016004,btc,308.40189166,0.0,0.0081052949431302,135
1,[],3,[],2019-02-17 00:52:11,1762578.20571841,0.00000006,0.000000000002176212,6691725,2019-02-17 00:52:11,btc,0.129547960854597,4019.0,0.00000006,btc,495848.66366187,0.0,0.064475115113701,136
1,[],4,[],2019-02-17 00:52:13,75585.36068172,0.00000175,0.00000000006347285,6691726,2019-02-17 00:52:13,btc,0.1234369362066205,0.0,0.00000175,btc,57921.155208,0.08015128,0.0928725626013437,137
1,[],12,[],2019-02-17 00:52:14,307470.12983616,0.000001740000000000000069492480346544649449924690998159348964691162109375,0.000000000063110148,6691727,2019-02-17 00:52:14,btc,11981.691545012669,0.0,0.000001740000000000000069492480346544649449924690998159348964691162109375,btc,158306.67211917,0.0192004912577844,0.0456535598320158,137
1,[],4,[],2019-02-17 00:52:15,117626.87110292,0.00005029,0.000000001824028358,6691728,2019-02-17 00:52:15,btc,1.0272794572044543,0.0,0.00005029,btc,13651.4710939,0.69699846,0.4876996581422265,142
1,[],5,[],2019-02-17 00:52:16,0.00177693,0.00005083,0.000000001843614266,6691729,2019-02-17 00:52:16,btc,1.42121886,0.50417743,0.00005083,btc,0.0034272,0.0,1.3573482,142
1,[],20,[],2019-02-17 00:52:18,133948.0986,0.000049952,0.0000000018117690304,6691730,2019-02-17 00:52:18,btc,0.3347769314322,0.0,0.000049952,btc,2960.5235,0.0,0.2562916813963,142
1,[],22,[],2019-02-17 00:52:22,1621.354305200341,0.00003220,0.00000000116790044,6691731,2019-02-17 00:52:22,BTC,3.0070065,0.0,0.00003220,BTC,896.9784641392417,0.0,0.0019668,142
0.0,[],25,[],2019-02-17 00:52:24,0.0,0,0,6691732,2019-02-17 00:52:24,,0.0,0.0,0.0,btc,0.0,0.0,0.0,142
1,[],28,[],2019-02-17 00:52:25,77743.0,0.00004500,0.000000001632159,6691733,2019-02-17 00:52:25,btc,0.057077112,1107.0,0.00004500,btc,355.5089,0.0,0.0519372,142
1,[],17,[],2019-02-17 00:12:58,22967.386363640002,0.00000088,0.000000000031847728,6691540,2019-02-17 00:12:58,btc,20.0699133484,0.0,0.00000088,btc,405.079105,0.0,0.0104613000000032,142
0,[],22,[],2019-02-17 00:52:28,0.0,0,0,6691734,2019-02-17 00:52:28,,67.4417569,0.0,0,,836095972.3,0.0,0.0,143
1,[],21,[],2019-02-17 00:52:30,35001839.26412225,0.00000026,0.000000000009430252,6691735,2019-02-17 00:52:30,btc,42.048515521854796,12775997.14547408,0.00000026,btc,87066371.9965371,3.42065666,5.273547374416808,145
0,[],22,[],2019-02-17 00:52:33,0.0,0,0,6691736,2019-02-17 00:52:33,,4.24982284,0.0,0,,1814156.0,0.0,0.0,146
,[],22,[],2018-11-20 23:01:11,0.0,0,0,4862114,2018-11-20 23:01:11,,2.56807021,0.0,,,61828.4988236,0.0,0.0,147
1,[],12,[],2019-02-17 00:52:34,8678890.07542444,0.000003019999999999999884515121395534009707262157462537288665771484375,0.000000000109536004,6691737,2019-02-17 00:52:34,btc,16.584086141997883,0.0,0.000003019999999999999884515121395534009707262157462537288665771484375,btc,122593.67148634,0.00053866,0.1081877800000126,148
1,[],4,[],2019-02-17 00:52:35,244115.80172439,0.00000029,0.000000000010518358,6691738,2019-02-17 00:52:35,btc,0.7785313556125915,0.0,0.00000029,btc,592738.21898097,0.00151403,0.0577157790985886,152
0,[],22,[],2019-02-17 00:52:38,0.0,0,0,6691739,2019-02-17 00:52:38,,0.0,0.0,0,,0.0,0.0,0.0,152
1,[],5,[],2019-02-17 00:52:40,0.0,0,0,6691740,2019-02-17 00:52:40,btc,10.61570492,0.0,0,btc,0.00092785,0.0,0.0,153
,[],16,[],2019-01-11 15:38:59,0.0,0,0,6366141,2019-01-11 15:38:59,btc,0.0,0.0,,btc,0.0,0.0,0.0,155
0,[],23,[],2019-01-20 23:24:29,0.0,0,0,6476932,2019-01-20 23:24:29,,0.0,0.0,0,,0.0,0.0,0.0,156
0,[],22,[],2019-02-17 00:52:43,0.0,0,0,6691741,2019-02-17 00:52:43,,6.74608761,0.0,0,,4644402.242592593,0.0,0.0,156
1,[],22,[],2019-02-17 00:52:47,7073.8,0.00005300,0.0000000019223206000000002,6691742,2019-02-17 00:52:47,BTC,43.78801181,0.0,0.00005300,BTC,1067.5805334758436,0.0,0.00104336,157
0,[],22,[],2019-02-17 00:52:49,0.0,0,0,6691743,2019-02-17 00:52:49,,50175.68008609,0.0,0,,54479136.04179466,0.0,0.0,158
,[],17,[],2018-11-20 22:56:10,0.0,0,0,4861976,2018-11-20 22:56:10,btc,1.1265625,0.0,,btc,1000.0,0.0,0.0,159
,[],20,[],2018-11-20 22:56:12,0.0,0,0,4861977,2018-11-20 22:56:12,btc,11912.7940471,0.0,,btc,34413894.3617,0.0,0.0,159
1,[],17,[],2019-02-17 00:01:27,29784.95,0.000001,0.000000000036219499999999994,6691361,2019-02-17 00:01:27,btc,0.03026736251542,0.0,0.000001,btc,144.46171372,0.0,0.00716147,168
1,[],12,[],2019-02-17 00:52:52,185596.29215666,0.00000795000000000000011670352184633969727656221948564052581787109375,0.00000000028834809,6691744,2019-02-17 00:52:52,btc,6.657119182131787,0.0,0.00000795000000000000011670352184633969727656221948564052581787109375,btc,14449.00629987,0.0050450360856145,0.0821645248999677,168
0,[],22,[],2019-02-17 00:53:07,0.0,0,0,6691745,2019-02-17 00:53:07,,1.14776715,0.0,0,,721548.0900917595,0.0,0.0,169
1,[],22,[],2019-02-17 00:53:11,157636.0,0.00000029,0.000000000010518358,6691746,2019-02-17 00:53:11,BTC,13.25509987,0.0,0.00000029,BTC,138497.82451896544,0.000722,0.02095201,171
1,[],22,[],2019-02-17 00:53:22,158688.41176470587,0.00000017,0.000000000006165934,6691747,2019-02-17 00:53:22,BTC,2.66122306,0.0,0.00000017,BTC,263848.4343316678,0.0,0.00911019,173
1,[],5,[],2019-02-17 00:53:23,2.223e-05,0.00000209,0.000000000075804718,6691748,2019-02-17 00:53:23,btc,0.26839985,0.00537393,0.00000209,btc,0.00025628,0.0,0.20326951,175
1,[],22,[],2019-02-17 00:53:28,39159.0,0.0000004,0.00000000001450808,6691749,2019-02-17 00:53:28,BTC,0.54036732,0.0,0.0000004,BTC,150458.47031396697,0.0034068,0.0039136,176
1,[],7,[],2019-02-17 00:53:30,0.0,0,0,6691750,2019-02-17 00:53:30,btc,410964.85967899347,0.0,0,btc,115495110.28145695,0.0,0.0,178
0,[],22,[],2019-02-17 00:53:32,0.0,0,0,6691751,2019-02-17 00:53:32,,1.00242428,0.0,0,,57512.0,0.0,0.0,178
0,[],2,[],2019-01-20 23:28:34,0.0,0,0,6477001,2019-01-20 23:28:34,,0.0,0.0,0,,0.0,0.0,0.0,178
0,[],23,[],2019-01-20 23:25:08,0.0,0,0,6476952,2019-01-20 23:25:08,,0.0,0.0,0,,0.0,0.0,0.0,179
1,[],5,[],2019-02-17 00:53:34,3e-08,0.00000002,0.000000000000725404,6691752,2019-02-17 00:53:34,btc,18.35042644,0.01330202,0.00000002,btc,1.664e-05,0.0,0.65941129,179
1,[],22,[],2019-02-17 00:53:38,7779285.0,0.00000002,0.000000000000725404,6691753,2019-02-17 00:53:38,BTC,5.50774908,0.0,0.00000002,"BTC,LTC",17849814.676989965,0.0,0.38284554,179
1,[],17,[],2019-02-17 00:53:40,10504.725,0.0000001,0.00000000000362702,6691754,2019-02-17 00:53:40,btc,5.2019135935345835,0.0,0.0000001,btc,5466.1328087,0.0,0.0010504725,180
1,[],22,[],2019-02-17 00:53:56,149360.4,0.00000150,0.000000000054405300000000004,6691755,2019-02-17 00:53:56,BTC,0.13191204,0.0,0.00000150,"BTC,LTC",25263.97417150966,0.00905354,0.00583794,180
1,[],26,[],2019-02-17 00:53:56,0.0,0,0,6691756,2019-02-17 00:53:56,,0.0,0.0,0,,0.0,0.0,0.0,180
,[],7,[],2018-11-20 22:58:01,562227.975654,0.00000085,0.000000000036176765,4862015,2018-11-20 22:58:01,btc,21836.6059674,2491.87645172,,btc,749999.041456,0.00211021,0.127565380455,183
,[],5,[],2019-01-10 08:11:41,0.0,0,0,6347036,2019-01-10 08:11:41,btc,82.15055501,0.00261,,btc,1.19002445,0.0,0.0,187
,[],17,[],2018-11-16 20:58:10,4062536.27273,0.00000001,0.000000000000550501,4708775,2018-11-16 20:58:10,btc,3.36492563466,0.195460381006,,"btc,eth",110697919.549,0.0,0.0157628953496,187
1,[],24,[],2019-02-17 00:53:57,0.0,0.000000000001,3.62702e-17,6691757,2019-02-17 00:53:57,btc,0.0,0.0,0.000000000001,btc,0.0,0.0,0.0,187
0,[],22,[],2019-02-17 00:54:01,0.0,0,0,6691758,2019-02-17 00:54:01,,1.19377283,0.0,0,,16434.10286773884,0.0,0.0,191
0,[],22,[],2019-02-17 00:54:07,0.0,0,0,6691759,2019-02-17 00:54:07,,0.0,0.0,0,,0.0,0.0,0.0,197
0,[],23,[],2019-01-20 23:31:41,0.0,0,0,6477079,2019-01-20 23:31:41,,0.0,0.0,0,,0.0,0.0,0.0,199
0,[],22,[],2019-02-17 00:54:10,0.0,0,0,6691760,2019-02-17 00:54:10,,5.17195517,0.0,0,,21804684.0,0.0,0.0,199
1,[],26,[],2019-02-17 00:54:10,0.0,0,0,6691761,2019-02-17 00:54:10,,0.0,0.0,0,,0.0,0.0,0.0,199
0,[],17,[],2019-01-30 16:32:01,0.0,0,0,6540827,2019-01-30 16:32:01,btc,6.802544163788159,0.0,0,btc,105897.55575295,0.0,0.0,200
0,[],2,[],2019-01-20 23:30:49,0.0,0,0,6477059,2019-01-20 23:30:49,,0.0,0.0,0,,0.0,0.0,0.0,201
1,[],4,[],2019-01-25 15:51:35,2084389.58565343,0.00000936,0.000000000333526752,6499557,2019-01-25 15:51:35,btc,2.0092503037378524,0.0,0.00000936,btc,160195.80207885,0.19272417,1.242687955921835,211
1,[],7,[],2019-02-17 00:54:16,4913985.35704298,0.00000137000000000000001212029608621545406776931486092507839202880859375,0.000000000049690174,6691762,2019-02-17 00:54:16,btc,15450860.407633444,1598259.16985,0.00000137000000000000001212029608621545406776931486092507839202880859375,btc,11327987.40490897,0.0,3.207878788726004,212
1,[],12,[],2019-01-25 02:44:32,207462.42853209,0.000001080000000000000035831255497387193287295303889550268650054931640625,0.000000000038610756000000006,6493050,2019-01-25 02:44:32,btc,85023.03793723314,0.0,0.000001080000000000000035831255497387193287295303889550268650054931640625,btc,43675.73520027,0.000146250909087,0.0348620860622024,213
1,[],5,[],2019-02-17 00:54:19,2.74e-06,0.00000027,0.000000000009792954,6691763,2019-02-17 00:54:19,btc,0.97906937,0.11786096,0.00000027,btc,2.789e-05,0.0,0.15770958,213
1,[],24,[],2019-02-17 00:54:19,0.0,0.000000050000,0.00000000000181351,6691764,2019-02-17 00:54:19,btc,0.0,0.0,0.000000050000,btc,0.0,0.0,0.0,213
1,[],26,[],2019-02-17 00:54:19,0.0,0,0,6691765,2019-02-17 00:54:19,,0.0,0.0,0,,0.0,0.0,0.0,213
0,[],22,[],2019-02-17 00:54:22,0.0,0,0,6691766,2019-02-17 00:54:22,,2.19217002,0.0,0,,178699.63137942314,0.0,0.0,216
1,[],27,[],2019-02-17 00:54:26,5201657.5615,0.00000004,0.000000000001450808,6691767,2019-02-17 00:54:26,btc,61.3359367606,0.0,0.00000004,"btc,ltc",263265.775,0.0,0.05463726246,216
1,[],22,[],2019-02-17 00:54:30,203787.22461440542,0.00000191,0.000000000069276082,6691768,2019-02-17 00:54:30,BTC,12677.11239472,0.0,0.00000191,BTC,449655.7131380924,0.00528271,0.2348654,217
1,[],7,[],2019-02-17 00:54:31,0.0,0,0,6691769,2019-02-17 00:54:31,btc,77970.05127413911,0.0,0,btc,137060561.1214003,0.0,0.0,219
0,[],27,[],2019-02-17 00:54:33,0.0,0,0,6691770,2019-02-17 00:54:33,,5.341833788316972,0.0,0,btc,1599140.99226595,0.0,0.0,219
0.0000000000000053,[],28,[],2019-02-17 00:54:36,168604619.235,2.385053e-18,8.650634932060001e-23,6691771,2019-02-17 00:54:36,doge,84062.9976427895,75496.365,0.00045001,"btc,doge",4762557.44411,0.0,1.1687542840062324e-11,219
1,[],22,[],2019-02-17 00:54:41,154575.6,0.00000011,0.000000000003989722,6691772,2019-02-17 00:54:41,BTC,3.00394863,0.0,0.00000011,BTC,94092.57041875875,0.004786,0.01548436,221
1,[],24,[],2019-02-17 00:54:41,0.0,0.000000210000,0.000000000007616742,6691773,2019-02-17 00:54:41,btc,0.0,0.0,0.000000210000,btc,0.0,0.0,0.0,221
1,[],20,[],2019-02-17 00:54:43,51129578.4223,0.000000004,0.0000000000001450808,6691774,2019-02-17 00:54:43,btc,47.8391567244989,392648.8657,0.000000004,btc,10326532.9773,0.0011779465971,0.0524933674835,224
0,[],22,[],2019-02-17 00:54:48,0.0,0,0,6691775,2019-02-17 00:54:48,,0.0,0.0,0,,0.0,0.0,0.0,224
1,[],26,[],2019-02-17 00:54:49,0.0,0,0,6691776,2019-02-17 00:54:49,,0.0,0.0,0,,0.0,0.0,0.0,231
1,[],26,[],2019-02-17 00:54:49,0.0,0,0,6691777,2019-02-17 00:54:49,,0.0,0.0,0,,0.0,0.0,0.0,234
0,[],27,[],2019-02-17 00:54:52,0.0,0,0,6691778,2019-02-17 00:54:52,,0.0113483662182,0.0,0,"btc,eth",11462.99618,0.0,0.0,234
0,[],22,[],2019-02-17 00:54:55,0.0,0,0,6691779,2019-02-17 00:54:55,,3.11131351,0.0,0,,111875912.06349206,0.0,0.0,235
1,[],4,[],2019-02-17 00:54:56,1134726.84347182,0.00000100,0.0000000000362702,6691780,2019-02-17 00:54:56,btc,0.4403261361881529,0.0,0.00000100,btc,297623.7210375,0.1469849,0.4150720220607269,236
1,[],24,[],2019-02-17 00:54:56,0.0,0.000000020010,0.000000000000725766702,6691781,2019-02-17 00:54:56,btc,0.0,0.0,0.000000020010,btc,0.0,0.0,0.0,236
1,[],20,[],2019-02-17 00:54:58,72555054.4805,0.000000075,0.000000000002720265,6691782,2019-02-17 00:54:58,btc,15.5904374792413,9008172.4326,0.000000075,btc,31305035.106,0.673348125751,0.7982398788279,237
1,[],22,[],2019-02-17 00:55:05,116403.0,0.00000004,0.000000000001450808,6691783,2019-02-17 00:55:05,BTC,0.0405823,0.0,0.00000004,"BTC,LTC",3164.0,0.0,0.00482009,237
1,[],4,[],2019-02-17 00:55:06,5651605.03893158,0.00000033,0.000000000011969166,6691784,2019-02-17 00:55:06,btc,0.447378379960764,0.0,0.00000033,btc,1218899.44027919,0.32648789,1.742116311650413,238
1,[],5,[],2019-02-17 00:55:07,4.25e-06,0.00000033,0.000000000011969166,6691785,2019-02-17 00:55:07,btc,0.78946123,0.0446712,0.00000033,btc,3.008e-05,0.0,0.2664939,238
0,[],22,[],2019-02-17 00:55:10,0.0,0,0,6691786,2019-02-17 00:55:10,,1951.15978688,0.0,0,,366433.0639027493,0.0,0.0,249
0.0000000001195525,[],22,[],2019-02-17 00:55:15,7025765.666666667,3.5865750000000005e-18,1.3008579256500002e-22,6691787,2019-02-17 00:55:15,LTC,0.56670218,0.0,0.00000003,LTC,15147487.09,0.0,0.20977599,252
1,[],28,[],2019-02-17 00:55:23,4391956.698,0.0000001,0.00000000000362702,6691788,2019-02-17 00:55:23,btc,164693.69285315715,51288.34,0.0000001,btc,1048009.7751,0.0,0.2663411375,256
1,[],22,[],2019-02-17 00:55:35,1508863.5,0.00000004,0.000000000001450808,6691789,2019-02-17 00:55:35,BTC,30.16657011,0.0,0.00000004,BTC,519559.92423192423,3.679e-05,0.04412965,258
1,[],22,[],2019-02-17 00:55:40,49651.0,0.00000002,0.000000000000725404,6691790,2019-02-17 00:55:40,BTC,2.629917,0.0,0.00000002,BTC,1762.0,0.0,0.00050551,259
1,[],22,[],2019-02-17 00:55:45,10379.785,0.00001210,0.00000000043886942,6691791,2019-02-17 00:55:45,BTC,1293.01527016,0.0,0.00001210,"BTC,LTC",5515.333648279954,0.0060169,0.01273907,262
1,[],5,[],2019-02-17 00:55:47,1e-05,0.00000137,0.000000000049690174,6691792,2019-02-17 00:55:47,btc,0.6236991,0.13015251,0.00000137,btc,0.00023881,0.0,0.15444876,264
1,[],20,[],2019-02-17 00:55:49,1230896.5929,0.000001115,0.000000000040441273,6691793,2019-02-17 00:55:49,btc,7.2945386266462,65522.1123,0.000001115,btc,98254.3885,0.1769000923395,0.0333563853599,264
1,[],22,[],2019-02-17 00:55:52,73606.5,0.00000002,0.000000000000725404,6691794,2019-02-17 00:55:52,BTC,8.41108046,0.0,0.00000002,BTC,382316.05885485065,0.0,0.0009745,271
0,[],22,[],2019-02-17 00:56:06,0.0,0,0,6691795,2019-02-17 00:56:06,,385.44178703,0.0,0,,15173097515.9,0.0,0.0,272
0.0000000000000053,[],28,[],2019-02-17 00:56:10,187788284836.247,3.7630000000000004e-21,1.364847626e-25,6691796,2019-02-17 00:56:10,doge,440736502.1117472,12457976401.01,0.00000071,doge,207656308628.0968,0.0,4.687985653105574e-10,272
1,[],22,[],2019-02-17 00:56:17,25660.8,0.00001400,0.0000000005077828,6691797,2019-02-17 00:56:17,BTC,74.22943012,0.0,0.00001400,"BTC,LTC",3952.1577164259793,0.0413182,0.09406854,281
