pairValue,buyBook,exchangeId,sellBook,updated,buyTotal,satoshiPrice,usdPrice,exchangeLogId,created,bestPair,sellTotalBtc,volume,pairPrice,activePairs,sellTotal,volumeBtc,buyTotalBtc,coinId
1,[],3,[],2019-05-14 12:21:24,31474.347031000372,0.01039302999999999928271154914227736298926174640655517578125,0.000000849868202887,7628106,2019-05-14 12:21:24,btc,33.74263505629582,55.8439055625,0.01039302999999999928271154914227736298926174640655517578125,btc,20.716902197453003,0.0,0.26340115099060074,1
1,[],4,[],2019-05-14 12:21:26,251070.83397555,0.01016772,0.000000831443950788,7628107,2019-05-14 12:21:26,btc,7.4738728629786895,0.0,0.01016772,btc,313.0155657,2.76400019,0.3510746271998882,1
1,[],5,[],2019-05-14 12:21:28,0.0,0,0,7628108,2019-05-14 12:21:28,btc,0.0,0.0306699,0,btc,0.0,0.0,0.0,1
1,[],10,[],2019-05-14 12:21:32,256897.89935116,0.00782992,0.0000006402752651680001,7628109,2019-05-14 12:21:32,btc,6521.910271804018,1683.85314776,0.00782992,btc,1179.2353457,0.0,3.0084186149136114,1
1,[],12,[],2019-05-14 12:21:34,86.10216267,0.01026999999999999961530772196738325874321162700653076171875,0.000000839807683,7628110,2019-05-14 12:21:34,btc,0.1746234018936,0.0,0.01026999999999999961530772196738325874321162700653076171875,btc,10.86638952,0.456217544882,0.4331090509853,1
1,[],20,[],2019-05-14 12:21:36,969.1506,0.01025,0.000000838172225,7628111,2019-05-14 12:21:36,btc,0.2299417315517,5.9067,0.01025,btc,17.4153,0.0630474656033,0.1119347532964,1
1,[],21,[],2019-05-14 12:21:37,1968.10227297,0.01022620999999999946705742104,0.0000008362268477089999,7628112,2019-05-14 12:21:37,btc,9.848119126783182,11627.00529525,0.01022620999999999946705742104313685558736324310302734375,"btc,eth",1240.45670994,115.74283841433983,10.691876503901344,1
0,[],22,[],2019-05-14 12:21:40,0.0,0,0,7628113,2019-05-14 12:21:40,,0.31629903,0.0,0,,0.2505752479991019,0.0,0.0,1
1,[],24,[],2019-05-14 12:21:40,0.0,0.000000000000,0,7628114,2019-05-14 12:21:40,btc,0.0,0.0,0.000000000000,btc,0.0,0.0,0.0,1
0.0,[],25,[],2019-05-14 12:21:41,0.0,0,0,7628115,2019-05-14 12:21:41,btc,35.18499999863751,8068.32175801,0.0,btc,3362.70111451,83.6185,0.0,1
1,[],26,[],2019-05-14 12:21:43,0.0,0,0,7628116,2019-05-14 12:21:43,,0.0,0.0,0,,0.0,0.0,0.0,1
1,[],28,[],2019-05-14 12:21:45,986.4,0.00031124,0.000000025450997396,7628117,2019-05-14 12:21:45,btc,0.160832048,354600.55,0.00031124,btc,8.7307,0.0,0.015586096,1
0,[],2,[],2019-01-20 23:28:45,0.0,0,0,6477011,2019-01-20 23:28:45,,0.0,0.0,0,,0.0,0.0,0.0,1
1,[],5,[],2019-05-14 12:21:48,0.0,0,0,7628118,2019-05-14 12:21:48,btc,0.0,0.00065507,0,btc,0.0,0.0,0.0,2
0,[],22,[],2019-05-14 12:21:50,0.0,0,0,7628119,2019-05-14 12:21:50,,0.0,0.0,0,,0.0,0.0,0.0,2
1,[],5,[],2019-05-14 12:21:51,0.0,0,0,7628120,2019-05-14 12:21:51,btc,0.0,0.18263752,0,btc,0.0,0.0,0.0,3
1,[],12,[],2019-05-14 12:21:53,3696099.21160774,0.000000121,0.000000000009894520900000001,7628121,2019-05-14 12:21:53,btc,11597.386004017475,0.0,0.000000121,btc,3391458.7140710102,0.03683384731692605,0.30218475360453656,3
0,[],28,[],2019-05-14 12:21:55,0.0,0,0,7628122,2019-05-14 12:21:55,,0.0,0.0,0,,0.0,0.0,0.0,3
0,[],2,[],2019-01-20 23:31:32,0.0,0,0,6477077,2019-01-20 23:31:32,,0.0,0.0,0,,0.0,0.0,0.0,4
1,[],4,[],2019-04-26 19:14:12,610911.70993152,0.00000026,0.000000000013566046,7471614,2019-04-26 19:14:12,btc,31.457742656463164,0.0,0.00000026,btc,718733.71307795,0.00142695,0.0638464483338706,4
0,[],12,[],2019-04-25 23:08:22,0.0,0,0,7459310,2019-04-25 23:08:22,btc,1111851.94727753,0.0,0,btc,953412.0,0.0,0.0,5
0,[],2,[],2019-01-20 23:31:51,0.0,0,0,6477087,2019-01-20 23:31:51,,0.0,0.0,0,,0.0,0.0,0.0,6
1,[],11,[],2019-05-12 00:02:31,5042415.307535999,0.00000001,0.00000000000072476,7617400,2019-05-12 00:02:31,btc,9576.518911699495,10000.0,0.00000001,btc,47478529.75253575,0.0,0.05042415307536,6
1,[],3,[],2019-05-14 12:21:55,11630.691692006987,0.0001299000000000000132859001578111701746820472180843353271484375,0.000000010622299710000002,7628123,2019-05-14 12:21:55,btc,25.08283646198618,31.4440262926,0.0001299000000000000132859001578111701746820472180843353271484375,btc,298.917848843276,0.0,0.03453469963182072,7
1,[],4,[],2019-05-14 12:21:57,53772.69775955,0.00012198,0.000000009974658342,7628124,2019-05-14 12:21:57,btc,8.398336542594851,0.0,0.00012198,btc,41279.51250626,4.5613536,2.6710116772519266,7
1,[],5,[],2019-05-14 12:21:58,0.0,0,0,7628125,2019-05-14 12:21:58,btc,0.0,0.86149863,0,btc,0.0,0.0,0.0,7
1,[],20,[],2019-04-07 22:06:50,3201475.0482,0.000000001,0.000000000000051590000000000004,7213932,2019-04-07 22:06:50,btc,30.8005781811902,0.0,0.000000001,btc,23077405.3926,0.0,0.0032014750482,8
0,[],2,[],2019-01-20 23:22:42,0.0,0,0,6476876,2019-01-20 23:22:42,,0.0,0.0,0,,0.0,0.0,0.0,9
0,[],23,[],2019-01-20 23:22:48,0.0,0,0,6476878,2019-01-20 23:22:48,,0.0,0.0,0,,0.0,0.0,0.0,9
1,[],4,[],2019-05-14 12:22:01,20873230.479276,0.00000050,0.00000000004088645,7628126,2019-05-14 12:22:01,btc,3.5925900846791796,0.0,0.00000050,btc,3037833.22382184,2.01857411,0.7001159424810687,9
1,[],28,[],2019-05-14 12:22:02,18055.0,0.00000021,0.000000000017172309,7628127,2019-05-14 12:22:02,btc,2708.775351212764,3594499.0,0.00000021,btc,25886.1492,0.0,0.00186155,9
1,[],1,[],2019-02-17 23:31:42,1822507.21,0.00000181000000000000003456111265232042484285557293333113193511962890625,0.000000000066086901,6701244,2019-02-17 23:31:42,btc,3.6990969245,17153386.5,0.00000181000000000000003456111265232042484285557293333113193511962890625,btc,1997391.71,31.11772986,3.2610482446,9
1,[],4,[],2019-02-17 11:22:43,4341674.27126056,0.00000002,0.0000000000007272960000000001,6696112,2019-02-17 11:22:43,btc,0.1997230937751353,0.0,0.00000002,btc,4109766.79808031,0.00215132,0.0479381022052112,10
0,[],2,[],2019-01-20 23:23:08,0.0,0,0,6476890,2019-01-20 23:23:08,,0.0,0.0,0,,0.0,0.0,0.0,12
1,[],4,[],2019-05-14 12:22:05,7084148.42766867,0.00000095,0.000000000077684255,7628128,2019-05-14 12:22:05,btc,5.582828389402493,0.0,0.00000095,btc,3890474.74755419,3.10351982,3.244769800813161,12
1,[],5,[],2019-05-14 12:22:07,0.0,0,0,7628129,2019-05-14 12:22:07,btc,0.0,0.05958422,0,btc,0.0,0.0,0.0,12
0.0,[],25,[],2019-05-14 12:22:08,0.0,0,0,7628130,2019-05-14 12:22:08,,0.0,0.0,0.0,btc,0.0,0.0,0.0,12
1,[],10,[],2019-05-14 12:05:17,655296.17464575,0.00000671,0.000000000540477751,7628071,2019-05-14 12:05:17,btc,666793.1708316441,33796.4833788,0.00000671,btc,703086.49578772,0.0,0.3138701094705833,13
1,[],4,[],2019-05-14 12:22:09,984728.71659657,0.00000675,0.000000000551967075,7628131,2019-05-14 12:22:09,btc,3.035933351941426,0.0,0.00000675,btc,287653.50021829,4.18912468,1.4104266961314458,13
1,[],21,[],2019-05-14 12:22:12,1299480.32781736,0.000006880000000000000196886777715,0.000000000562597552,7628132,2019-05-14 12:22:12,btc,3.219481377974887,7509312.4540407,0.000006880000000000000196886777714677663198017398826777935028076171875,btc,396950.10694948,54.18648746,7.750714319055393,13
1,[],4,[],2019-05-14 12:22:13,932534.91743983,0.00000149,0.00000000012184162100000001,7628133,2019-05-14 12:22:13,btc,639.1015024193844,0.0,0.00000149,btc,1295468.7797465,0.2106857,0.2293182780332671,14
1,[],12,[],2019-05-14 12:22:14,155326.91773274,0.00000084,0.000000000068689236,7628134,2019-05-14 12:22:14,btc,13.62264443340683,0.0,0.00000084,btc,30462.53626621,0.0022150784715312,0.0141040099999835,14
1,[],26,[],2019-05-14 12:24:14,0.0,0.00000050,0.00000000004088645,7628135,2019-05-14 12:24:14,btc,0.0,0.0,0.00000050,btc,0.0,0.0,0.0,14
0,[],17,[],2019-05-03 00:53:32,0.0,0,0,7558876,2019-05-03 00:53:32,btc,0.0,0.0,0,btc,0.0,0.0,0.0,14
0,[],4,[],2019-05-14 12:24:16,0.0,0,0,7628136,2019-05-14 12:24:16,,0.0,0.0,0,,0.0,0.0,0.0,15
,[],12,[],2018-12-01 15:15:48,204241.84496,0.00000489,0.000000000202473384,5260204,2018-12-01 15:15:48,btc,49.5475654835,0.0,,btc,35763.2193806,0.0163153972027625,0.0203389899998,15
1,[],4,[],2019-05-14 12:24:17,606539.68571946,0.00001069,0.000000000874152301,7628137,2019-05-14 12:24:17,btc,1.1074814492877647,0.0,0.00001069,btc,14172.60539952,0.04211196,0.0797695801263722,18
1,[],10,[],2019-05-14 12:24:19,334217.40707927,0.00001498,0.0000000012249580420000001,7628138,2019-05-14 12:24:19,btc,15.410935896518724,2705.15525487,0.00001498,btc,10034.13614971,0.0,0.4876723317412624,18
0,[],2,[],2019-01-20 23:23:38,0.0,0,0,6476906,2019-01-20 23:23:38,,0.0,0.0,0,,0.0,0.0,0.0,18
1,[],12,[],2019-05-14 12:24:23,222502.90878926,0.0000106399999999999997726297940037198941354290582239627838134765625,0.000000000870063656,7628139,2019-05-14 12:24:23,btc,33215.123744980556,0.0,0.0000106399999999999997726297940037198941354290582239627838134765625,btc,1443.898991,0.0119102206553047,0.0160687319809696,18
0,[],17,[],2019-05-03 00:53:39,0.0,0,0,7558882,2019-05-03 00:53:39,btc,0.0,0.0,0,btc,0.0,0.0,0.0,18
1,[],3,[],2019-05-14 12:26:24,161435.66229788924,0.000012500000000000000599021700298241199789117672480642795562744140625,0.00000000102216125,7628140,2019-05-14 12:26:24,btc,0.23550861587925057,165.194884594,0.000012500000000000000599021700298241199789117672480642795562744140625,btc,6981.677594639257,0.0,0.1197907396781885,19
1,[],4,[],2019-05-14 12:26:25,191928.0793364,0.00001215,0.000000000993540735,7628141,2019-05-14 12:26:25,btc,4.625267022548692,0.0,0.00001215,btc,137307.08509819,0.62261238,0.8906608886948078,19
1,[],5,[],2019-05-14 12:26:27,0.0,0,0,7628142,2019-05-14 12:26:27,btc,0.0,0.00013547,0,btc,0.0,0.0,0.0,19
1,[],12,[],2019-05-14 12:26:28,205651.92839432,0.000010040000000000000435055637348913393225302570499479770660400390625,0.000000000820999916,7628143,2019-05-14 12:26:28,btc,0.3003623328147595,0.0,0.000010040000000000000435055637348913393225302570499479770660400390625,btc,3065.34453584,0.0,0.08140581999978,19
1,[],27,[],2019-05-14 12:26:33,100.0,0.0000001,0.00000000000817729,7628144,2019-05-14 12:26:33,btc,0.0,0.0,0.0000001,btc,0.0,0.0,1e-05,19
0,[],2,[],2019-01-20 23:24:19,0.0,0,0,6476924,2019-01-20 23:24:19,,0.0,0.0,0,,0.0,0.0,0.0,19
1,[],4,[],2019-05-14 12:26:35,1333878.57391266,0.00000009,0.000000000007359561,7628145,2019-05-14 12:26:35,btc,5.273110437230553,0.0,0.00000009,btc,2259170.28595418,0.0,0.0457385352282092,20
1,[],4,[],2019-05-14 12:26:36,71588067.21851692,0.00000001,0.000000000000817729,7628146,2019-05-14 12:26:36,btc,39323.849444646024,0.0,0.00000001,btc,58327451.60171665,0.01509273,0.7158806721851692,21
1,[],12,[],2019-05-14 12:26:40,5098087.0,0.00000001,0.000000000000817729,7628147,2019-05-14 12:26:40,btc,2895.660979445824,0.0,0.00000001,btc,7193937.54845151,1.998002e-08,0.050980870000000005,21
0,[],17,[],2019-05-03 00:53:51,0.0,0,0,7558891,2019-05-03 00:53:51,btc,0.0,0.0,0,btc,0.0,0.0,0.0,21
1,[],12,[],2019-05-14 12:28:41,7764461075.316,0.0000000005,0.000000000000040886450000000005,7628148,2019-05-14 12:28:41,btc,311118500877.37115,0.0,0.0000000005,btc,3532596403.862542,0.08174584889470529,1.884039488858,23
0.0000000002566236,[],27,[],2019-05-14 12:28:49,50893613.0,7.698708e-18,6.295456794132e-22,7628149,2019-05-14 12:28:49,eth,1194.3324429251816,2237705216.746263,0.00000003,eth,48576252.52422128,1.7227439053193398e-08,1.31658343681812e-10,23
1,[],4,[],2019-05-14 12:28:50,739276.45514545,0.00000022,0.000000000017990038,7628150,2019-05-14 12:28:50,btc,13.94408253879665,0.0,0.00000022,btc,2065899.05914018,0.01263635,0.0161033742599978,24
1,[],22,[],2019-05-14 12:28:53,21.76,0.00000100,0.0000000000817729,7628151,2019-05-14 12:28:53,BTC,7.415e-05,0.0,0.00000100,BTC,23.919354838709676,0.0,1.186e-05,24
0.0,[],25,[],2019-05-14 12:28:55,0.0,0,0,7628152,2019-05-14 12:28:55,,0.0,0.0,0.0,btc,0.0,0.0,0.0,24
1,[],4,[],2019-05-14 12:28:56,26947220.04069041,0.00000351,0.000000000287022879,7628153,2019-05-14 12:28:56,btc,11.317139848953703,0.0,0.00000351,btc,363003.09543391,0.14719828,0.3719996244371105,26
1,[],10,[],2019-05-14 12:28:58,161107.80667254,0.00000836,0.0000000006836214439999999,7628154,2019-05-14 12:28:58,btc,25.346737587415042,2324.00844934,0.00000836,btc,18265.93132041,0.0,0.0871571785319074,26
0,[],2,[],2019-01-20 23:25:56,0.0,0,0,6476976,2019-01-20 23:25:56,,0.0,0.0,0,,0.0,0.0,0.0,26
1,[],11,[],2019-04-30 04:16:17,7094566.83690364,0.00000006,0.000000000003115554,7518027,2019-04-30 04:16:17,btc,67504.138725751,6116.07566417,0.00000006,btc,6591680.7351637,0.0,0.38529422037817224,27
1,[],5,[],2019-04-26 09:47:06,0.0,0,0,7465326,2019-04-26 09:47:06,btc,0.0,0.0,0,btc,0.0,0.0,0.0,27
1,[],3,[],2019-04-28 02:38:55,141621.60361514,0.00000001,0.0000000000005253330000000001,7491060,2019-04-28 02:38:55,btc,2.501704004580372,921815.184511,0.00000001,btc,21091882.2176418,0.0,0.0014162160361513999,27
1,[],4,[],2019-05-14 12:28:59,1278932309.2320895,0.00000001,0.000000000000817729,7628155,2019-05-14 12:28:59,btc,4.262970631482223,0.0,0.00000001,"btc,ltc",276599970.24103624,0.15138872,8.78689199789789,29
1,[],7,[],2019-05-14 12:29:01,113331245.61148065,0.00000001,0.000000000000817729,7628156,2019-05-14 12:29:01,btc,46550610.57000622,2196.11144664,0.00000001,btc,42529464.89006518,2.196e-05,1.1333124561148065,29
1,[],4,[],2019-05-14 12:29:03,1762298.09286615,0.00000007,0.000000000005724103,7628157,2019-05-14 12:29:03,btc,2.675696179994406,0.0,0.00000007,btc,2048166.55635047,0.00235379,0.034284038252826,30
0,[],17,[],2019-05-03 01:11:25,0.0,0,0,7559066,2019-05-03 01:11:25,btc,0.0,0.0,0,btc,0.0,0.0,0.0,30
1,[],4,[],2019-05-14 12:31:04,1152466.346284,0.00004231,0.000000003459811399,7628158,2019-05-14 12:31:04,btc,6.047254809900223,0.0,0.00004231,btc,61449.60483409,1.05597128,0.6837331087007847,31
1,[],21,[],2019-05-14 12:31:06,61811.46525696,0.00004149999999999999907495870644,0.00000000339357535,7628159,2019-05-14 12:31:06,btc,6.737654665429467,186383.51744543,0.0000414999999999999990749587064353676169048412702977657318115234375,btc,134384.19931531,8.0625984,2.1836141743197137,31
0,[],2,[],2019-01-20 23:28:43,0.0,0,0,6477009,2019-01-20 23:28:43,,0.0,0.0,0,,0.0,0.0,0.0,32
0,[],4,[],2019-05-14 12:31:07,0.0,0,0,7628160,2019-05-14 12:31:07,,0.0,0.0,0,,0.0,0.0,0.0,33
1,[],12,[],2019-03-30 07:55:10,40641173.964,0.00000003,0.000000000001228359,7108785,2019-03-30 07:55:10,btc,4233210.82356125,0.0,0.00000003,btc,28378394.68333462,0.0126927883965248,0.90752895892,33
0,[],4,[],2019-05-14 12:31:09,0.0,0,0,7628161,2019-05-14 12:31:09,,3.1120443371546385,0.0,0,,141484953.32910293,0.0,0.0,34
1,[],5,[],2019-05-14 12:31:10,0.0,0,0,7628162,2019-05-14 12:31:10,btc,0.0,0.03375461,0,btc,0.0,0.0,0.0,34
0.000000000133684,[],4,[],2019-05-02 18:17:45,3384239970.6360936,1.3368400000000002e-18,7.293946092400001e-23,7556428,2019-05-02 18:17:45,ltc,5.381102735485169e-08,0.0,0.00000001,ltc,6862894551.7408495,0.0,4.524187362345155e-09,36
1,[],5,[],2019-05-02 18:17:46,0.0,0,0,7556429,2019-05-02 18:17:46,btc,0.0,0.0,0,btc,0.0,0.0,0.0,36
0.0000000002926451,[],17,[],2019-05-02 18:17:47,200000.0,2.9264510000000002e-18,1.596703856561e-22,7556430,2019-05-02 18:17:47,eth,0.20942468735267253,0.0,0.00000001,"btc,eth",1018272.20243647,0.0,5.852902e-13,36
0.000000000133684,[],27,[],2019-05-02 18:17:55,7883196.008,1.3368400000000002e-18,7.293946092400001e-23,7556431,2019-05-02 18:17:55,ltc,25567.4086131264,0.0,0.00000001,"ltc,eth",21753551.64,0.0,1.0538571751334722e-11,36
1,[],4,[],2019-05-14 12:31:12,926592.70108525,0.00000013,0.000000000010630477,7628163,2019-05-14 12:31:12,btc,19772.65707900166,0.0,0.00000013,btc,805126.36310902,0.01299777,0.0121111459110815,37
1,[],12,[],2019-05-14 12:31:13,1855002.21792167,0.00000021,0.000000000017172309,7628164,2019-05-14 12:31:13,btc,19604.286591912438,0.0,0.00000021,btc,382857.41031351,0.030067210655794,0.1954337057635507,37
1,[],27,[],2019-05-14 12:33:19,1600.0,0.00000015,0.000000000012265935000000001,7628165,2019-05-14 12:33:19,btc,24.12547123602533,0.0,0.00000015,btc,5824.04443503,0.0,3e-05,37
1,[],17,[],2019-05-03 01:11:36,211752.74075282,0.00000025,0.000000000013700074999999998,7559074,2019-05-03 01:11:36,btc,0.055484923955058496,0.0,0.00000025,"btc,eth",1387.19918473,0.0,0.0005381851887916605,37
1,[],5,[],2019-05-14 12:33:20,0.0,0,0,7628166,2019-05-14 12:33:20,btc,0.0,0.2248715,0,btc,0.0,0.0,0.0,42
1,[],12,[],2019-05-14 12:33:21,346327.47099396,0.000001799999999999999918546601286595265634105089702643454074859619140625,0.00000000014719122,7628167,2019-05-14 12:33:21,btc,2227606.2676729835,0.0,0.000001799999999999999918546601286595265634105089702643454074859619140625,btc,101083.58396323,0.1210490812583297,0.0586583298030231,42
1,[],27,[],2019-05-14 12:33:30,506.0,0.00000002,0.000000000001635458,7628168,2019-05-14 12:33:30,btc,1.1837845831768,0.0027843,0.00000002,"btc,eth",1283.4448157,7e-08,3.000000399203672e-06,42
1,[],12,[],2019-03-13 09:13:29,1112112.0,0.00000001,0.000000000000386531,6919902,2019-03-13 09:13:29,btc,29058.00478931866,0.0,0.00000001,btc,5967681.93306694,9.99000999e-07,0.01112112,43
1,[],5,[],2019-04-26 22:38:52,0.0,0,0,7474154,2019-04-26 22:38:52,btc,0.0,0.02638891,0,btc,0.0,0.0,0.0,43
0,[],17,[],2019-04-26 22:38:53,0.0,0,0,7474155,2019-04-26 22:38:53,btc,0.0,0.0,0,btc,0.0,0.0,0.0,43
1,[],12,[],2019-03-05 01:54:08,639326.02,0.00000004,0.000000000001486676,6845775,2019-03-05 01:54:08,btc,11116042.728239931,0.0,0.00000004,btc,1103841.4595604,0.0003330765234764,0.014975410599999999,44
1,[],4,[],2019-05-14 12:33:31,118543300.40770312,0.00000001,0.000000000000817729,7628169,2019-05-14 12:33:31,btc,1345.9361779533617,0.0,0.00000001,"btc,ltc",23069788.23683191,0.00162751,0.1792657118121685,49
0.000000000111571,[],4,[],2019-05-14 12:33:31,125726506.70943065,8.256254e-17,6.751378327166e-21,7628170,2019-05-14 12:33:31,ltc,21868.14481495217,0.0,0.00000074,ltc,108833501.0131562,0.00990831,2.036306989026237e-09,52
0,[],22,[],2019-05-14 12:33:34,0.0,0,0,7628171,2019-05-14 12:33:34,,10289.59427673,0.0,0,,308568058.4566013,0.0,0.0,57
0,[],27,[],2019-05-14 12:33:42,0.0,0,0,7628172,2019-05-14 12:33:42,,0.0,0.0,0,"btc,eth",0.0,0.0,0.0,57
0.000000000111571,[],4,[],2019-05-14 12:33:43,813708518.5561304,1.1157099999999999e-18,9.1234842259e-23,7628173,2019-05-14 12:33:43,ltc,19.110660015934528,0.0,0.00000001,ltc,6162865566.935694,0.0,9.078627312382603e-10,58
1,[],12,[],2019-05-14 12:33:44,1484742073.0,0.0000000001,0.00000000000000817729,7628174,2019-05-14 12:33:44,btc,118396233.30942614,0.0,0.0000000001,btc,4651422818.660349,0.011900177337062936,0.1484742073,58
0.0000000001026568,[],22,[],2019-05-14 12:35:47,126877.0,1.026568e-18,8.394544240719999e-23,7628175,2019-05-14 12:35:47,XMR,69.17853806,0.0,0.00000001,XMR,9877401.6,1.0723529327999999e-14,0.00126877,58
1,[],17,[],2019-05-03 01:12:09,1200000.0,0.0000000001,0.00000000000000548003,7559085,2019-05-03 01:12:09,btc,1e+24,0.0,0.0000000001,"btc,eth",39516342.31952568,0.0,0.00010000000058666061,58
1,[],5,[],2019-05-14 12:35:50,0.0,0,0,7628176,2019-05-14 12:35:50,btc,0.0,0.00482674,0,btc,0.0,0.0,0.0,61
1,[],22,[],2019-05-14 12:35:53,13613.833333333334,0.00000012,0.000000000009812748,7628177,2019-05-14 12:35:53,BTC,1002.33190883,0.0,0.00000012,BTC,15392.180177125656,0.0,0.00153269,61
1,[],26,[],2019-05-14 12:35:53,0.0,0.00000050,0.00000000004088645,7628178,2019-05-14 12:35:53,btc,0.0,0.0,0.00000050,btc,0.0,0.0,0.0,61
1,[],27,[],2019-05-14 12:36:02,101000.0,0.00000001,0.000000000000817729,7628179,2019-05-14 12:36:02,btc,1.9482732497246655,0.0,0.00000001,"btc,eth",13266.51663696,0.0,1.00000002566236e-05,61
1,[],28,[],2019-05-14 12:36:45,1039.304,0.00000008,0.000000000006541832,7628180,2019-05-14 12:36:45,btc,2.056501795415105,741.0,0.00000008,btc,10022.46650005,0.0,2.439304e-05,61
1,[],4,[],2019-05-14 12:36:46,1204584.76351385,0.00000096,0.000000000078501984,7628181,2019-05-14 12:36:46,btc,2.1682486977153097,0.0,0.00000096,btc,722947.79024724,0.08025206,0.7699070254453326,67
0.0,[],25,[],2019-05-14 12:36:47,0.0,0,0,7628182,2019-05-14 12:36:47,,0.0,0.0,0.0,btc,0.0,0.0,0.0,67
1,[],12,[],2019-05-14 12:36:49,1321395.0,0.00000008,0.000000000006541832,7628183,2019-05-14 12:36:49,btc,55556353.34594011,0.0,0.00000008,btc,1435955.80521915,0.0005814809190828,0.02016254,71
,[],5,[],2018-11-20 23:02:39,1.5e-07,0.00000005,0.000000000002128045,4862160,2018-11-20 23:02:39,btc,2.84511358,0.0,,btc,0.00036572,0.0,0.07381892,74
1,[],5,[],2019-05-14 12:36:51,0.0,0,0,7628184,2019-05-14 12:36:51,btc,0.0,0.02522829,0,btc,0.0,0.0,0.0,75
0,[],4,[],2019-05-14 12:36:52,0.0,0,0,7628185,2019-05-14 12:36:52,,133652.3012899294,0.0,0,,33334499.19946143,0.0087177,0.0,81
0,[],20,[],2019-01-25 09:30:31,0.0,0,0,6495923,2019-01-25 09:30:31,btc,0.0,0.0,0,btc,0.0,0.0,0.0,81
1,[],4,[],2019-05-14 12:36:54,23155.26538963,0.00006462,0.0000000052841647980000005,7628186,2019-05-14 12:36:54,btc,18.93394479491154,0.0,0.00006462,btc,31617.38101599,0.83920346,0.1777477833517601,82
1,[],21,[],2019-05-14 12:36:55,312609.02685471,0.00005920000000000000240328590362,0.00000000484095568,7628187,2019-05-14 12:36:55,btc,4.125081319963484,38908.1427676,0.00005920000000000000240328590361826854859828017652034759521484375,btc,57163.49606307,2.28771842,2.028857686245179,82
0,[],17,[],2019-03-25 22:42:34,0.0,0,0,7038780,2019-03-25 22:42:34,btc,0.0445064681804024,0.0,0,btc,995513.18476001,0.0,0.0,84
0.00000000013644,[],4,[],2019-05-01 19:17:39,299701867.376,1.3644e-18,7.259508504e-23,7542161,2019-05-01 19:17:39,ltc,1.6769037726995486,0.0,0.00000001,ltc,427823536.87452894,0.00010978,4.089132278478144e-10,85
,[],22,[],2018-11-20 23:09:34,3408.1,0.0000001,0.0000000000041895,4862324,2018-11-20 23:09:34,BTC,0.04624735,0.0,,BTC,4990.0,0.0,0.00033081,86
1,[],22,[],2019-05-14 12:36:58,85999.0,0.00000001,0.000000000000817729,7628188,2019-05-14 12:36:58,BTC,3.66445213,0.0,0.00000001,BTC,336978.29736842104,0.0,0.00085999,87
0,[],27,[],2019-05-14 12:37:03,0.0,0,0,7628189,2019-05-14 12:37:03,,4.961702540736,24.0,0,btc,19924.62841,4.8e-07,0.0,87
,[],2,[],2018-11-20 23:10:47,0.0,0,0,4862359,2018-11-20 23:10:47,,0.0,0.0,,,0.0,0.0,0.0,88
1,[],11,[],2019-05-14 12:37:06,67460.315338,0.000121410000000000004786830654079921032462152652442455291748046875,0.000000009928047789,7628190,2019-05-14 12:37:06,btc,175.26376173082872,2470.31048816,0.000121410000000000004786830654079921032462152652442455291748046875,btc,182701.65418096,0.0,3.0152355298561164,89
0,[],2,[],2019-01-20 23:31:45,0.0,0,0,6477083,2019-01-20 23:31:45,,0.0,0.0,0,,0.0,0.0,0.0,91
1,[],12,[],2019-05-14 12:37:09,459431.60948382,0.00000043,0.000000000035162347,7628191,2019-05-14 12:37:09,btc,89.86910309897665,0.0,0.00000043,btc,186434.70122992,0.0002974817123855,0.050202476099994,91
1,[],22,[],2019-05-14 12:39:13,75900.55,0.0000002,0.00000000001635458,7628192,2019-05-14 12:39:13,BTC,0.495,0.0,0.0000002,"BTC,LTC",4.95,5.279e-05,0.00165911,91
0,[],17,[],2019-05-03 01:12:26,0.0,0,0,7559096,2019-05-03 01:12:26,btc,0.0,0.0,0,btc,0.0,0.0,0.0,91
1,[],22,[],2019-04-09 20:17:52,374949.73333333334,0.00000015,0.000000000007771935,7235704,2019-04-09 20:17:52,BTC,6.87372503,0.0,0.00000015,"BTC,LTC",159980.01196797504,1.1e-05,0.80510266,95
0.000000000111571,[],4,[],2019-05-14 12:39:14,545036361.159974,8.144683e-17,6.660143484907e-21,7628193,2019-05-14 12:39:14,ltc,11.247469829351525,0.0,0.00000073,ltc,125649108.92605527,0.10736007,1.1019754891977394e-09,96
0,[],12,[],2019-05-14 12:39:16,0.0,0,0,7628194,2019-05-14 12:39:16,btc,25054.270418736472,0.0,0,btc,7550281.46658341,0.0,0.0,96
0,[],17,[],2019-05-03 01:12:32,0.0,0,0,7559100,2019-05-03 01:12:32,btc,0.0,0.0,0,btc,0.0,0.0,0.0,96
1,[],4,[],2019-04-14 03:32:46,1039404.33283278,0.00000038,0.000000000019245518,7293458,2019-04-14 03:32:46,btc,4.170086055365747,0.0,0.00000038,btc,3097704.34561074,0.06260606,0.1859928211030784,99
0,[],2,[],2019-01-20 23:23:55,0.0,0,0,6476914,2019-01-20 23:23:55,,0.0,0.0,0,,0.0,0.0,0.0,100
1,[],4,[],2019-05-14 12:41:17,400755.44832868,0.00002802,0.000000002291276658,7628195,2019-05-14 12:41:17,btc,7.1195195545823555,0.0,0.00002802,btc,125192.02406858,0.43004981,0.7179971813892206,100
1,[],22,[],2019-05-14 12:41:20,130000.0,0.00000001,0.000000000000817729,7628196,2019-05-14 12:41:20,BTC,24.83526409,0.0,0.00000001,BTC,11187.719,0.0,0.0013,101
1,[],4,[],2019-05-14 12:41:22,494464.43525541,0.00000348,0.000000000284569692,7628197,2019-05-14 12:41:22,btc,255.9310217968628,0.0,0.00000348,btc,476967.19991361,2.41284929,0.2030923386906572,103
1,[],12,[],2019-05-14 12:41:24,92430861.76392001,0.000000006,0.0000000000004906374,7628198,2019-05-14 12:41:24,btc,468538266.769708,0.0,0.000000006,btc,95261998.8731285,0.01689817741807953,0.24542472696776005,105
0,[],27,[],2019-05-14 12:41:30,0.0,0,0,7628199,2019-05-14 12:41:30,,0.0580079451331397,110.0,0,btc,588498.63747933,1.1e-06,0.0,105
1,[],22,[],2019-04-21 00:17:26,21333.0,0.00000001,0.000000000000532493,7385819,2019-04-21 00:17:26,BTC,51.38182867,0.0,0.00000001,BTC,470435.0,0.0,0.00021333,107
1,[],26,[],2019-04-21 00:17:26,0.0,0.00000000,0,7385820,2019-04-21 00:17:26,btc,0.0,0.0,0.00000000,btc,0.0,0.0,0.0,107
1,[],5,[],2019-05-14 12:41:31,0.0,0,0,7628200,2019-05-14 12:41:31,btc,0.0,0.0,0,btc,0.0,0.0,0.0,112
1,[],22,[],2019-05-14 12:41:34,79003.0,0.00000001,0.000000000000817729,7628201,2019-05-14 12:41:34,BTC,2.79232726,0.0,0.00000001,BTC,1380942.0833333333,0.0,0.00079003,112
1,[],27,[],2019-05-14 12:41:41,1.0,0.00000001,0.000000000000817729,7628202,2019-05-14 12:41:41,btc,1.25032588,0.0,0.00000001,"btc,eth",1819.0,0.0,1e-08,112
1,[],4,[],2019-05-14 12:41:42,351493.30087434,0.00000161,0.00000000013165436900000001,7628203,2019-05-14 12:41:42,btc,4.711025438360654,0.0,0.00000161,btc,514706.60760396,0.08207679,0.1793692849242455,113
1,[],5,[],2019-05-14 12:41:43,0.0,0,0,7628204,2019-05-14 12:41:43,btc,0.0,0.0,0,btc,0.0,0.0,0.0,113
1,[],17,[],2019-04-26 02:17:47,162738.278,0.00000004,0.0000000000021069000000000002,7461287,2019-04-26 02:17:47,btc,1.3331140273775473,0.0,0.00000004,btc,51796.221,0.0,0.00230953112,116
0,[],27,[],2019-04-26 02:19:51,0.0,0,0,7461288,2019-04-26 02:19:51,,0.0,0.0,0,,0.0,0.0,0.0,116
1,[],4,[],2019-05-07 20:09:28,131822.85721655,0.00001022,0.00000000060230548,7572994,2019-05-07 20:09:28,btc,132.18460413545117,0.0,0.00001022,btc,268070.13193351,0.06918336,1.0489745103085106,120
1,[],7,[],2019-05-07 20:09:30,9501.79941055,0.000011699999999999999788190263583231853772304020822048187255859375,0.0000000006895277999999999,7572995,2019-05-07 20:09:30,btc,231185.88817567716,62.23644451,0.000011699999999999999788190263583231853772304020822048187255859375,btc,4076.97424313,0.00072692,0.018013380795019,120
1,[],20,[],2019-04-07 18:42:29,1914137.0852,0.000000035,0.0000000000017871910000000002,7211992,2019-04-07 18:42:29,btc,32.2497668025648,25528.85,0.000000035,btc,1001975.4986,0.00089350975,0.0152723574729,125
1,[],22,[],2019-05-14 12:41:48,10000.0,0.00000001,0.000000000000817729,7628205,2019-05-14 12:41:48,BTC,0.032061,0.0,0.00000001,BTC,299316.7611111111,0.0,0.0001,126
0,[],2,[],2019-01-20 23:25:46,0.0,0,0,6476969,2019-01-20 23:25:46,,0.0,0.0,0,,0.0,0.0,0.0,131
1,[],4,[],2019-05-14 12:41:48,1929498.1095576,0.00000701,0.000000000573228029,7628206,2019-05-14 12:41:48,btc,3.3309798308531255,0.0,0.00000701,btc,161404.02254683,0.19436546,0.8665270112472526,131
1,[],17,[],2019-05-03 01:13:10,10000.0,0.00000001,0.000000000000548003,7559115,2019-05-03 01:13:10,btc,0.0953976503951408,0.0,0.00000001,btc,5037.62507334,0.0,0.0001,131
1,[],4,[],2019-05-14 12:43:49,4737.69784206,0.00010350,0.000000008463495150000001,7628207,2019-05-14 12:43:49,btc,5.036271049147255,0.0,0.00010350,btc,209.8410079,0.00688728,0.0096356928703133,135
1,[],3,[],2019-05-14 12:43:50,229965.7525,0.00000002,0.000000000001635458,7628208,2019-05-14 12:43:50,btc,0.20777108262735938,250145.657254,0.00000002,btc,1674357.25372,0.0,0.002491607525,136
1,[],4,[],2019-05-14 12:43:52,2650232.65227212,0.00000181,0.000000000148008949,7628209,2019-05-14 12:43:52,btc,318.77598643632945,0.0,0.00000181,btc,532877.85055754,0.02062886,0.5669911106725838,137
1,[],12,[],2019-05-14 12:43:53,324516.9253632,0.000001870000000000000095373470405946125794116596807725727558135986328125,0.00000000015291532300000002,7628210,2019-05-14 12:43:53,btc,48551.27905693156,0.0,0.000001870000000000000095373470405946125794116596807725727558135986328125,btc,62376.65209715,0.00020042779221,0.0237113657271202,137
1,[],4,[],2019-05-14 12:43:54,51906.63251723,0.00002506,0.000000002049228874,7628211,2019-05-14 12:43:54,btc,6.050020104588984,0.0,0.00002506,btc,87387.64951615,0.6515881,0.1592785269759041,142
1,[],5,[],2019-05-14 12:43:56,0.0,0,0,7628212,2019-05-14 12:43:56,btc,0.0,0.10447279,0,btc,0.0,0.0,0.0,142
1,[],17,[],2019-05-03 01:13:16,32967.38636364,0.00000088,0.000000000048224264,7559122,2019-05-03 01:13:16,btc,20.06976206696776,0.0,0.00000088,btc,2746.079105,0.0,0.0105613000000032,142
1,[],20,[],2019-05-14 11:57:22,162670.5127,0.00002856,0.000000002310481152,7628003,2019-05-14 11:57:22,btc,1.7315120730993,0.02,0.00002856,btc,8790.68,5.714e-07,0.046311157862,142
1,[],22,[],2019-05-14 11:57:25,1370.0,0.00000200,0.0000000001617984,7628004,2019-05-14 11:57:25,BTC,3.2756588,0.0,0.00000200,BTC,1135.5948275773155,0.0,0.0003632,142
0.0,[],25,[],2019-05-14 11:57:26,0.0,0,0,7628005,2019-05-14 11:57:26,,0.0,0.0,0.0,btc,0.0,0.0,0.0,142
1,[],28,[],2019-05-14 11:57:28,79102.0,0.00003311,0.000000002678572512,7628006,2019-05-14 11:57:28,btc,0.0555251924,223237.9674,0.00003311,btc,438.37303,0.0,0.07347342,142
0,[],22,[],2019-05-14 11:57:31,0.0,0,0,7628007,2019-05-14 11:57:31,,64.21505383,0.0,0,,691775795.8,0.0,0.0,143
0,[],22,[],2019-02-25 15:42:22,0.0,0,0,6783783,2019-02-25 15:42:22,,4.2131946,0.0,0,,2322156.0,0.0,0.0,146
,[],22,[],2018-11-20 23:01:11,0.0,0,0,4862114,2018-11-20 23:01:11,,2.56807021,0.0,,,61828.4988236,0.0,0.0,147
1,[],12,[],2019-04-21 06:38:04,193091.5971266,0.00000071,0.000000000037635183,7388679,2019-04-21 06:38:04,btc,2.301232411611175,0.0,0.00000071,btc,9957.48302385,0.00023528,0.0313308199999888,148
1,[],4,[],2019-03-19 21:31:25,255810.0415942,0.00000029,0.000000000011615747,6982695,2019-03-19 21:31:25,btc,218.94922712414143,0.0,0.00000029,btc,793529.37642722,0.00117,0.0608347789473395,152
0,[],22,[],2019-03-19 21:31:27,0.0,0,0,6982696,2019-03-19 21:31:27,,0.0,0.0,0,,0.0,0.0,0.0,152
1,[],5,[],2019-04-26 09:36:59,0.0,0,0,7465040,2019-04-26 09:36:59,btc,0.0,0.0,0,btc,0.0,0.0,0.0,153
,[],16,[],2019-01-11 15:38:59,0.0,0,0,6366141,2019-01-11 15:38:59,btc,0.0,0.0,,btc,0.0,0.0,0.0,155
0,[],22,[],2019-05-11 16:24:45,0.0,0,0,7616280,2019-05-11 16:24:45,,6.80191271,0.0,0,,4673448.342592592,0.0,0.0,156
0,[],23,[],2019-01-20 23:24:29,0.0,0,0,6476932,2019-01-20 23:24:29,,0.0,0.0,0,,0.0,0.0,0.0,156
1,[],22,[],2019-05-14 11:57:36,7066.0,0.00000800,0.0000000006471936,7628008,2019-05-14 11:57:36,BTC,1.79802465,0.0,0.00000800,BTC,802.6461988741639,0.0,0.00062996,157
0,[],22,[],2019-05-07 22:25:46,0.0,0,0,7574238,2019-05-07 22:25:46,,50234.60468402,0.0,0,,54786159.03179465,0.0,0.0,158
,[],17,[],2018-11-20 22:56:10,0.0,0,0,4861976,2018-11-20 22:56:10,btc,1.1265625,0.0,,btc,1000.0,0.0,0.0,159
,[],20,[],2018-11-20 22:56:12,0.0,0,0,4861977,2018-11-20 22:56:12,btc,11912.7940471,0.0,,btc,34413894.3617,0.0,0.0,159
1,[],17,[],2019-05-03 01:13:36,42852.0,0.00000002,0.000000000001096006,7559132,2019-05-03 01:13:36,btc,0.04279856251542,0.0,0.00000002,btc,274.46171372,0.0,0.00052852,168
1,[],12,[],2019-05-14 11:57:37,267163.05505464,0.000003019999999999999884515121395534009707262157462537288665771484375,0.00000000024431558399999997,7628009,2019-05-14 11:57:37,btc,26.154544996873376,0.0,0.000003019999999999999884515121395534009707262157462537288665771484375,btc,13168.42635479,0.0025210297151824,0.0488981328999258,168
1,[],22,[],2019-05-07 03:57:18,743122.0,0.00000001,0.000000000000593596,7562020,2019-05-07 03:57:18,BTC,41.40912107,0.0,0.00000001,BTC,1593401.2737547632,0.00342649,0.00743122,169
1,[],22,[],2019-05-14 11:59:41,303135.0,0.00000009,0.000000000007280928,7628010,2019-05-14 11:59:41,BTC,27.85921856,0.0,0.00000009,BTC,435465.0737821733,0.00021035,0.00657675,171
1,[],22,[],2019-05-14 11:59:45,211713.11111111112,0.00000009,0.000000000007280928,7628011,2019-05-14 11:59:45,BTC,10824.11814102,0.0,0.00000009,"BTC,LTC",806251.56934906,0.00554247,0.00884815,173
1,[],5,[],2019-05-06 19:49:32,0.0,0,0,7559281,2019-05-06 19:49:32,btc,0.0,0.00023336,0,btc,0.0,0.0,0.0,175
1,[],22,[],2019-05-14 11:59:48,90671.0,0.00000001,0.000000000000808992,7628012,2019-05-14 11:59:48,BTC,394.35459412,0.0,0.00000001,BTC,136275.61833431243,0.0,0.00090671,176
0,[],2,[],2019-01-20 23:28:34,0.0,0,0,6477001,2019-01-20 23:28:34,,0.0,0.0,0,,0.0,0.0,0.0,178
1,[],7,[],2019-05-14 11:59:50,0.0,0,0,7628013,2019-05-14 11:59:50,btc,520274.28919346945,0.0,0,btc,27934007.27789555,0.0,0.0,178
0,[],22,[],2019-05-14 11:59:52,0.0,0,0,7628014,2019-05-14 11:59:52,,1.00242428,0.0,0,,57512.0,0.0,0.0,178
0,[],23,[],2019-01-20 23:25:08,0.0,0,0,6476952,2019-01-20 23:25:08,,0.0,0.0,0,,0.0,0.0,0.0,179
1,[],5,[],2019-05-14 11:59:53,0.0,0,0,7628015,2019-05-14 11:59:53,btc,0.0,0.0645799,0,btc,0.0,0.0,0.0,179
1,[],22,[],2019-05-14 11:59:57,2000676.0,0.00000001,0.000000000000808992,7628016,2019-05-14 11:59:57,BTC,5.32298207,0.0,0.00000001,BTC,13978945.311946675,1e-06,0.02000676,179
1,[],17,[],2019-05-03 01:13:56,20504.725000000002,0.0000001,0.00000000000548003,7559141,2019-05-03 01:13:56,btc,5.2010695838400265,0.0,0.0000001,btc,5033.45945,0.0,0.0011504725,180
1,[],22,[],2019-05-14 12:02:01,665532.982953083,0.00000117,0.000000000094652064,7628017,2019-05-14 12:02:01,BTC,41.99927617,0.0,0.00000117,"BTC,LTC",66018.9051697834,0.00047806,0.56532963,180
1,[],26,[],2019-05-14 12:02:01,0.0,0.00000250,0.000000000202248,7628018,2019-05-14 12:02:01,btc,0.0,0.0,0.00000250,btc,0.0,0.0,0.0,180
,[],7,[],2018-11-20 22:58:01,562227.975654,0.00000085,0.000000000036176765,4862015,2018-11-20 22:58:01,btc,21836.6059674,2491.87645172,,btc,749999.041456,0.00211021,0.127565380455,183
,[],5,[],2019-01-10 08:11:41,0.0,0,0,6347036,2019-01-10 08:11:41,btc,82.15055501,0.00261,,btc,1.19002445,0.0,0.0,187
1,[],24,[],2019-04-30 17:34:05,0.0,0.000000000014,7.396256000000001e-16,7526291,2019-04-30 17:34:05,btc,0.0,0.0,0.000000000014,btc,0.0,0.0,0.0,187
,[],17,[],2018-11-16 20:58:10,4062536.27273,0.00000001,0.000000000000550501,4708775,2018-11-16 20:58:10,btc,3.36492563466,0.195460381006,,"btc,eth",110697919.549,0.0,0.0157628953496,187
0,[],22,[],2019-04-25 02:54:07,0.0,0,0,7447896,2019-04-25 02:54:07,,7.54794454,0.0,0,,76361.7243344055,0.0,0.0,191
0,[],22,[],2019-05-14 12:02:08,0.0,0,0,7628019,2019-05-14 12:02:08,,0.0,0.0,0,,0.0,0.0,0.0,197
0,[],23,[],2019-01-20 23:31:41,0.0,0,0,6477079,2019-01-20 23:31:41,,0.0,0.0,0,,0.0,0.0,0.0,199
0.00000000011202210000000001,[],22,[],2019-05-14 12:02:11,53056789.0,2.2404420000000003e-18,1.8124996544640003e-22,7628020,2019-05-14 12:02:11,LTC,7.57515936,0.0,0.00000002,LTC,34526499.0,0.0,0.60713197,199
1,[],26,[],2019-05-14 12:02:11,0.0,0.00000000,0,7628021,2019-05-14 12:02:11,btc,0.0,0.0,0.00000000,btc,0.0,0.0,0.0,199
0,[],2,[],2019-01-20 23:30:49,0.0,0,0,6477059,2019-01-20 23:30:49,,0.0,0.0,0,,0.0,0.0,0.0,201
1,[],4,[],2019-01-25 15:51:35,2084389.58565343,0.00000936,0.000000000333526752,6499557,2019-01-25 15:51:35,btc,2.0092503037378524,0.0,0.00000936,btc,160195.80207885,0.19272417,1.242687955921835,211
1,[],7,[],2019-05-14 12:02:14,14098370.284508679,0.00000083,0.000000000067146336,7628022,2019-05-14 12:02:14,btc,15200776.237497902,100409.892519,0.00000083,btc,11731985.16777795,0.0,1.26436266438735,212
1,[],5,[],2019-05-07 13:02:51,0.0,0,0,7566706,2019-05-07 13:02:51,btc,0.0,0.43032184,0,btc,0.0,0.0,0.0,213
1,[],24,[],2019-05-07 13:02:52,0.0,0.000000050000,0.000000000002968865,7566707,2019-05-07 13:02:52,btc,0.0,0.0,0.000000050000,btc,0.0,0.0,0.0,213
1,[],26,[],2019-05-07 13:02:52,0.0,0.00000040,0.00000000002375092,7566708,2019-05-07 13:02:52,btc,0.0,0.0,0.00000040,btc,0.0,0.0,0.0,213
1,[],12,[],2019-01-25 02:44:32,207462.42853209,0.000001080000000000000035831255497387193287295303889550268650054931640625,0.000000000038610756000000006,6493050,2019-01-25 02:44:32,btc,85023.03793723314,0.0,0.000001080000000000000035831255497387193287295303889550268650054931640625,btc,43675.73520027,0.000146250909087,0.0348620860622024,213
0,[],22,[],2019-05-14 12:02:17,0.0,0,0,7628023,2019-05-14 12:02:17,,9.58264616,0.0,0,,2560817.094064925,0.0,0.0,216
0,[],27,[],2019-05-14 12:02:25,0.0,0,0,7628024,2019-05-14 12:02:25,,65.71768540867708,0.0,0,"btc,ltc",240810.447308,0.0,0.0,216
1,[],22,[],2019-05-14 12:02:29,1013854.3845638939,0.00000075,0.0000000000606744,7628025,2019-05-14 12:02:29,BTC,12054.94645513,0.0,0.00000075,BTC,441142.11935225356,0.01004242,0.13160377,217
1,[],7,[],2019-05-14 12:02:30,0.0,0,0,7628026,2019-05-14 12:02:30,btc,122413.67975462937,1000.0,0,btc,137781098.61523312,1e-05,0.0,219
0,[],27,[],2019-05-14 12:02:34,0.0,0,0,7628027,2019-05-14 12:02:34,,0.06997067,0.0,0,btc,1753528.0,0.0,0.0,219
0.0000000000000034900000000000003,[],28,[],2019-05-14 12:02:36,475599792.392,2.2685000000000003e-18,1.8351983520000003e-22,7628028,2019-05-14 12:02:36,doge,3571086.3904998554,41992.209,0.00065000,"btc,doge",46853905.214,0.0,1.9044172507427808e-11,219
1,[],22,[],2019-05-14 12:02:39,372950.0,0.00000004,0.000000000003235968,7628029,2019-05-14 12:02:39,BTC,56.7649867,0.0,0.00000004,BTC,131552.84827387411,8.8e-06,0.011972,221
1,[],24,[],2019-05-14 12:02:39,0.0,0.000000010000,0.000000000000808992,7628030,2019-05-14 12:02:39,btc,0.0,0.0,0.000000010000,btc,0.0,0.0,0.0,221
0,[],22,[],2019-05-14 12:02:44,0.0,0,0,7628032,2019-05-14 12:02:44,,0.0,0.0,0,,0.0,0.0,0.0,224
1,[],20,[],2019-05-14 12:02:42,7919428.5971,0.000000009,0.0000000000007280928,7628031,2019-05-14 12:02:42,btc,100081.15422324731,1143393.7158,0.000000009,btc,27604156.5398,0.0141373308738,0.0251742442985,224
1,[],26,[],2019-05-14 12:02:44,0.0,0.00000026,0.000000000021033792000000002,7628033,2019-05-14 12:02:44,btc,0.0,0.0,0.00000026,btc,0.0,0.0,0.0,231
1,[],26,[],2019-05-14 12:02:44,0.0,0.00000005,0.00000000000404496,7628034,2019-05-14 12:02:44,btc,0.0,0.0,0.00000005,btc,0.0,0.0,0.0,234
0,[],27,[],2019-05-14 12:02:50,0.0,0,0,7628035,2019-05-14 12:02:50,,0.01134836604,0.0,0,"btc,eth",11462.996,0.0,0.0,234
1,[],4,[],2019-04-29 21:02:20,217188.93193785,0.00000080,0.00000000004151584,7514327,2019-04-29 21:02:20,btc,5.239800103892936,0.0,0.00000080,btc,797346.30008933,0.0,0.0590549781555679,236
1,[],24,[],2019-04-29 21:02:20,0.0,0.000000100000,0.00000000000518948,7514328,2019-04-29 21:02:20,btc,0.0,0.0,0.000000100000,btc,0.0,0.0,0.0,236
1,[],5,[],2019-05-06 20:53:15,0.0,0,0,7559637,2019-05-06 20:53:15,btc,0.0,0.20253514,0,btc,0.0,0.0,0.0,237
1,[],20,[],2019-05-06 20:53:18,38173217.6136,0.000000083,0.0000000000047460728,7559638,2019-05-06 20:53:18,btc,21342.514614200165,8832375.7238,0.000000083,btc,27701499.3386,0.7554403456107,1.3621107610479,237
1,[],22,[],2019-05-06 20:53:20,343938.0,0.00000009,0.000000000005146344,7559639,2019-05-06 20:53:20,BTC,1.20267422,0.0,0.00000009,BTC,17930.94871794872,0.0,0.01017442,237
1,[],4,[],2019-05-14 12:02:51,8630443.29157721,0.00000013,0.000000000010516896000000001,7628036,2019-05-14 12:02:51,btc,2.585482284367543,0.0,0.00000013,btc,8222601.1476327,0.14583708,0.6396702126974589,238
1,[],5,[],2019-05-14 12:02:52,0.0,0,0,7628037,2019-05-14 12:02:52,btc,0.0,0.01397863,0,btc,0.0,0.0,0.0,238
0,[],22,[],2019-03-12 16:49:32,0.0,0,0,6914458,2019-03-12 16:49:32,,0.40415746,0.0,0,,526736.5639027493,0.0,0.0,249
0,[],22,[],2019-05-14 07:08:36,0.0,0,0,7627081,2019-05-14 07:08:36,,4.50924384,0.0,0,,38675894.69978836,0.0,0.0,252
1,[],28,[],2019-05-14 12:03:21,5004346.0,0.00000007,0.000000000005662944,7628038,2019-05-14 12:03:21,btc,43893.06999561579,268790.652,0.00000007,btc,2999769.8072,0.0,0.05015322,256
1,[],22,[],2019-05-14 12:03:24,1088993.5,0.00000002,0.000000000001617984,7628039,2019-05-14 12:03:24,BTC,21.86085896,0.0,0.00000002,BTC,501508.63333384093,0.0,0.01124633,258
1,[],22,[],2019-03-13 00:07:30,47146.0,0.00000001,0.000000000000387233,6917028,2019-03-13 00:07:30,BTC,2.415167,0.0,0.00000001,BTC,157.0,0.0,0.00047146,259
1,[],5,[],2019-05-14 12:03:27,0.0,0,0,7628040,2019-05-14 12:03:27,btc,0.0,0.21693124,0,btc,0.0,0.0,0.0,264
1,[],20,[],2019-05-14 12:03:29,1324866.4768,0.000000593,0.000000000047973225600000004,7628041,2019-05-14 12:03:29,btc,5.0491829025034,121537.4603,0.000000593,btc,98221.2273,0.105361606082,0.0422822269724,264
0,[],22,[],2019-04-12 17:57:27,0.0,0,0,7278186,2019-04-12 17:57:27,,66.37522201,0.0,0,,677842.4169881374,0.0,0.0,271
0,[],22,[],2019-05-14 04:03:16,0.0,0,0,7626753,2019-05-14 04:03:16,,33050467.4724609,0.0,0,,14361462970.7,0.0,0.0,272
0.00000000000000356,[],28,[],2019-05-14 04:03:45,310879238682.584,2.1004e-21,1.6586942816000001e-25,7626754,2019-05-14 04:03:45,doge,25516528.6710473,1372178409.39,0.00000059,doge,363399960660.476,0.0,2.23620560165344e-10,272
1,[],22,[],2019-05-14 12:03:32,120051.0,0.00000003,0.000000000002426976,7628042,2019-05-14 12:03:32,BTC,427.3537226,0.0,0.00000003,BTC,252696.24053280082,0.00052139,0.00340091,281
1,[],22,[],2019-05-14 12:03:36,411213.43333333335,0.00000003,0.000000000002426976,7628043,2019-05-14 12:03:36,BTC,1.52000848,0.0,0.00000003,"BTC,LTC",534889.7155881717,0.00978433,0.0151448,286
0,[],22,[],2019-05-14 12:03:38,0.0,0,0,7628044,2019-05-14 12:03:38,,7337884.04871657,0.0,0,,1337070379.7797825,0.0,0.0,294
