pairValue,buyBook,exchangeId,sellBook,updated,buyTotal,satoshiPrice,usdPrice,exchangeLogId,created,bestPair,sellTotalBtc,volume,pairPrice,activePairs,sellTotal,volumeBtc,buyTotalBtc,coinId
1,[],3,[],2019-06-27 18:41:25,31386.175052599734,0.00813228000000000041114223137128647067584097385406494140625,0.0000009130005036360001,7772201,2019-06-27 18:41:25,btc,9.452179620557708,41.6319678843,0.00813228000000000041114223137128647067584097385406494140625,btc,52.171873872989,0.0,0.19672271935757735,1
1,[],4,[],2019-06-27 18:41:26,207810.43505244,0.00825015,0.000000926233615305,7772202,2019-06-27 18:41:26,btc,9.161207930752248,0.0,0.00825015,btc,429.88485258,9.97486255,0.6844994286970575,1
1,[],5,[],2019-06-27 18:41:27,0.0,0,0,7772203,2019-06-27 18:41:27,btc,0.0,0.27715248,0,btc,0.0,0.0,0.0,1
1,[],10,[],2019-06-27 18:41:29,249666.86633428,0.0054,0.0000006062509800000001,7772204,2019-06-27 18:41:29,btc,6520.731391081952,1803.71163308,0.0054,btc,1077.99715929,0.0,1.692913351528293,1
1,[],12,[],2019-06-27 18:41:32,105.52326785,0.00830000000000000008604228440844963188283145427703857421875,0.0000009318302100000001,7772205,2019-06-27 18:41:32,btc,0.7390358003714,0.0,0.00830000000000000008604228440844963188283145427703857421875,btc,38.70329799,1.979433519575,0.1202704527818,1
1,[],20,[],2019-06-27 18:41:35,928.1613,0.008010174,0.0000008992918217538001,7772206,2019-06-27 18:41:35,btc,0.1440687403591,0.7292,0.008010174,btc,10.6661,0.0075533179933,0.1257769851772,1
1,[],21,[],2019-06-27 18:41:36,2273.38563248,0.008285870000000000734630134502,0.0000009302438532690001,7772207,2019-06-27 18:41:36,btc,11.87073446115697,17693.563627,0.0082858700000000007346301345023675821721553802490234375,"btc,eth",1909.89985229,124.68230585583679,13.83532821231058,1
1,[],22,[],2019-06-27 18:41:40,0.0469,0.00850000,0.0000009542839500000001,7772208,2019-06-27 18:41:40,BTC,0.01666796,0.0,0.00850000,BTC,0.25318100557485945,0.0,0.00025139,1
1,[],24,[],2019-06-27 18:41:40,0.0,0.000000000000,0,7772209,2019-06-27 18:41:40,btc,0.0,0.0,0.000000000000,btc,0.0,0.0,0.0,1
0.0,[],25,[],2019-06-27 18:41:41,0.0,0,0,7772210,2019-06-27 18:41:41,btc,43.18449999872795,29296.88285243,0.0,btc,4978.72384964,236.5,0.0,1
1,[],26,[],2019-06-27 18:41:44,0.0,0,0,7772211,2019-06-27 18:41:44,,0.0,0.0,0,,0.0,0.0,0.0,1
0,[],28,[],2019-06-27 18:41:45,0.0,0,0,7772212,2019-06-27 18:41:45,,0.0,0.0,0,,0.0,0.0,0.0,1
0,[],2,[],2019-01-20 23:28:45,0.0,0,0,6477011,2019-01-20 23:28:45,,0.0,0.0,0,,0.0,0.0,0.0,1
1,[],5,[],2019-06-17 14:29:02,0.0,0,0,7740076,2019-06-17 14:29:02,btc,0.0,2.72e-05,0,btc,0.0,0.0,0.0,2
1,[],22,[],2019-06-17 14:29:06,11550.3,0.0000002,0.0000000000185828,7740077,2019-06-17 14:29:06,BTC,21.00897301,0.0,0.0000002,"BTC,XMR",20678.87287795317,1.754e-05,0.00143681,2
1,[],5,[],2019-06-03 14:48:58,0.0,0,0,7731126,2019-06-03 14:48:58,btc,0.0,0.05905545,0,btc,0.0,0.0,0.0,3
1,[],12,[],2019-06-03 14:48:59,3468623.70302,0.000000116,0.000000000009823402000000002,7731127,2019-06-03 14:48:59,btc,169531.0336573751,0.0,0.000000116,btc,2361209.62379607,0.041350953071,0.33764769154428,3
0,[],28,[],2019-06-03 14:49:00,0.0,0,0,7731128,2019-06-03 14:49:00,,0.0,0.0,0,,0.0,0.0,0.0,3
0,[],2,[],2019-01-20 23:31:32,0.0,0,0,6477077,2019-01-20 23:31:32,,0.0,0.0,0,,0.0,0.0,0.0,4
1,[],4,[],2019-05-18 21:29:50,562734.9206932,0.00000010,0.000000000007298720000000001,7650946,2019-05-18 21:29:50,btc,41.9347137769675,0.0,0.00000010,btc,1123702.32192634,0.00052462,0.029254593370966,4
0,[],12,[],2019-06-02 05:03:43,0.0,0,0,7724919,2019-06-02 05:03:43,btc,625.901992874995,0.0,0,btc,1211362.4995005,0.0,0.0,5
0,[],2,[],2019-01-20 23:31:51,0.0,0,0,6477087,2019-01-20 23:31:51,,0.0,0.0,0,,0.0,0.0,0.0,6
1,[],11,[],2019-06-27 18:41:48,6351847.276736,0.00000001,0.0000000000011226870000000002,7772213,2019-06-27 18:41:48,btc,9583.568469362632,300000.0,0.00000001,btc,76378844.64770687,0.0,0.06351847276736,6
1,[],3,[],2019-06-27 18:41:48,12590.210869615667,0.0000524699999999999973821114551686406457520206458866596221923828125,0.000000005890738689,7772214,2019-06-27 18:41:48,btc,1026.293027018479,627.29874475,0.0000524699999999999973821114551686406457520206458866596221923828125,btc,398.863465343096,0.0,0.018208334373986765,7
1,[],4,[],2019-06-27 18:41:49,321767.89215116,0.00006455,0.000000007246944585,7772215,2019-06-27 18:41:49,btc,6.771690108692852,0.0,0.00006455,btc,53228.29707431,0.9465296,2.09544462530175,7
1,[],5,[],2019-06-27 18:41:50,0.0,0,0,7772216,2019-06-27 18:41:50,btc,0.0,0.04272645,0,btc,0.0,0.0,0.0,7
1,[],20,[],2019-04-07 22:06:50,3201475.0482,0.000000001,0.000000000000051590000000000004,7213932,2019-04-07 22:06:50,btc,30.8005781811902,0.0,0.000000001,btc,23077405.3926,0.0,0.0032014750482,8
1,[],4,[],2019-06-27 18:41:53,1964676.00740147,0.00000041,0.000000000046030167,7772217,2019-06-27 18:41:53,btc,2.9332826265535887,0.0,0.00000041,btc,3035788.33918369,0.41433309,0.3668852642952047,9
0,[],28,[],2019-06-27 18:41:54,0.0,0,0,7772218,2019-06-27 18:41:54,,0.0,0.0,0,,0.0,0.0,0.0,9
0,[],2,[],2019-01-20 23:22:42,0.0,0,0,6476876,2019-01-20 23:22:42,,0.0,0.0,0,,0.0,0.0,0.0,9
0,[],23,[],2019-01-20 23:22:48,0.0,0,0,6476878,2019-01-20 23:22:48,,0.0,0.0,0,,0.0,0.0,0.0,9
1,[],1,[],2019-02-17 23:31:42,1822507.21,0.00000181000000000000003456111265232042484285557293333113193511962890625,0.000000000066086901,6701244,2019-02-17 23:31:42,btc,3.6990969245,17153386.5,0.00000181000000000000003456111265232042484285557293333113193511962890625,btc,1997391.71,31.11772986,3.2610482446,9
1,[],4,[],2019-02-17 11:22:43,4341674.27126056,0.00000002,0.0000000000007272960000000001,6696112,2019-02-17 11:22:43,btc,0.1997230937751353,0.0,0.00000002,btc,4109766.79808031,0.00215132,0.0479381022052112,10
1,[],4,[],2019-06-27 18:41:55,39103986.01257266,0.00000026,0.000000000029189862,7772219,2019-06-27 18:41:55,btc,7.1577488031818275,0.0,0.00000026,btc,8587313.06482589,0.71790825,1.3096983039788477,12
1,[],5,[],2019-06-27 18:41:56,0.0,0,0,7772220,2019-06-27 18:41:56,btc,0.0,0.03430463,0,btc,0.0,0.0,0.0,12
0.0,[],25,[],2019-06-27 18:41:57,0.0,0,0,7772221,2019-06-27 18:41:57,,0.0,0.0,0.0,btc,0.0,0.0,0.0,12
0,[],2,[],2019-01-20 23:23:08,0.0,0,0,6476890,2019-01-20 23:23:08,,0.0,0.0,0,,0.0,0.0,0.0,12
1,[],4,[],2019-06-27 18:41:58,467160.8657518,0.00000265,0.00000000029751205500000004,7772222,2019-06-27 18:41:58,btc,2.0157440395470463,0.0,0.00000265,btc,347016.66195095,0.39719076,0.2533036144818164,13
1,[],21,[],2019-06-27 18:42:02,5499632.4525884995,0.000002550000000000000149305481173,0.00000000028628518500000006,7772223,2019-06-27 18:42:02,btc,3.3368877219558923,1568260.48358789,0.0000025500000000000001493054811729788156071663252077996730804443359375,btc,975523.88381105,4.00109916,2.807453585322403,13
1,[],10,[],2019-06-27 18:06:14,605820.09106566,0.0000025,0.00000000027378800000000003,7772107,2019-06-27 18:06:14,btc,666797.6644069374,98918.1523889,0.0000025,btc,877260.34524374,0.0,0.2457691654316552,13
1,[],4,[],2019-06-27 18:42:03,1002058.52382177,0.00000040,0.00000000004490748,7772224,2019-06-27 18:42:03,btc,3.161631574756059,0.0,0.00000040,btc,763719.84702014,0.01805102,0.0928037697000106,14
1,[],12,[],2019-06-27 18:42:04,223868.39130434,0.00000046,0.000000000051643602,7772225,2019-06-27 18:42:04,btc,193.4830664943121,0.0,0.00000046,btc,40262.58920806,0.00183811,0.0100292399999964,14
1,[],26,[],2019-06-27 18:44:04,0.0,0.00000050,0.00000000005613435000000001,7772226,2019-06-27 18:44:04,btc,0.0,0.0,0.00000050,btc,0.0,0.0,0.0,14
0,[],17,[],2019-05-03 00:53:32,0.0,0,0,7558876,2019-05-03 00:53:32,btc,0.0,0.0,0,btc,0.0,0.0,0.0,14
0,[],4,[],2019-06-27 18:44:05,0.0,0,0,7772227,2019-06-27 18:44:05,,0.0,0.0,0,,0.0,0.0,0.0,15
,[],12,[],2018-12-01 15:15:48,204241.84496,0.00000489,0.000000000202473384,5260204,2018-12-01 15:15:48,btc,49.5475654835,0.0,,btc,35763.2193806,0.0163153972027625,0.0203389899998,15
1,[],4,[],2019-06-27 18:44:07,30859.73749355,0.00000841,0.0000000009441797670000001,7772228,2019-06-27 18:44:07,btc,2.353691005778066,0.0,0.00000841,btc,15522.41198763,0.04438164,0.0379748967984345,18
1,[],10,[],2019-06-27 18:44:09,398965.80916986,0.00000744,0.0000000008352791280000001,7772229,2019-06-27 18:44:09,btc,14.898244831392358,32770.6732866,0.00000744,btc,11291.89714762,0.0,0.2997221514266526,18
1,[],12,[],2019-06-27 18:44:10,954.45117114,0.000008509999999999999837252580292545900420009274967014789581298828125,0.000000000955406637,7772230,2019-06-27 18:44:10,btc,0.5224406411651213,0.0,0.000008509999999999999837252580292545900420009274967014789581298828125,btc,1928.78278592,1.1063e-06,0.0037248641479814,18
0,[],2,[],2019-01-20 23:23:38,0.0,0,0,6476906,2019-01-20 23:23:38,,0.0,0.0,0,,0.0,0.0,0.0,18
0,[],17,[],2019-05-03 00:53:39,0.0,0,0,7558882,2019-05-03 00:53:39,btc,0.0,0.0,0,btc,0.0,0.0,0.0,18
1,[],3,[],2019-06-27 18:46:11,153347.44535612754,0.0000066100000000000002408685230437246360679637291468679904937744140625,0.0000000007420961070000001,7772231,2019-06-27 18:46:11,btc,190.30626711484,16784.9873264,0.0000066100000000000002408685230437246360679637291468679904937744140625,btc,17829.003712360685,0.0,0.0512263982316623,19
1,[],4,[],2019-06-27 18:46:12,250265.14505923,0.00000668,0.0000000007499549160000001,7772232,2019-06-27 18:46:12,btc,4.454034443762343,0.0,0.00000668,btc,246558.61894553,0.445524,1.018357269341831,19
1,[],5,[],2019-06-27 18:46:13,0.0,0,0,7772233,2019-06-27 18:46:13,btc,0.0,0.00246935,0,btc,0.0,0.0,0.0,19
1,[],12,[],2019-06-27 18:46:14,107180.86173173,0.0000060599999999999995775427918953681682978640310466289520263671875,0.000000000680348322,7772234,2019-06-27 18:46:14,btc,1.2047551617364227,0.0,0.0000060599999999999995775427918953681682978640310466289520263671875,btc,3008.56634116,0.0,0.009652549999754,19
0,[],27,[],2019-06-27 18:46:20,0.0,0,0,7772235,2019-06-27 18:46:20,,0.0,0.0,0,btc,0.0,0.0,0.0,19
0,[],2,[],2019-01-20 23:24:19,0.0,0,0,6476924,2019-01-20 23:24:19,,0.0,0.0,0,,0.0,0.0,0.0,19
1,[],4,[],2019-06-27 18:46:21,10004681.29888478,0.00000005,0.000000000005613435,7772236,2019-06-27 18:46:21,btc,5.167998863111745,0.0,0.00000005,btc,2252055.32861253,0.00332511,0.1131190248645056,20
0,[],4,[],2019-06-27 18:46:22,0.0,0,0,7772237,2019-06-27 18:46:22,,13881.931497766385,0.0,0,,81729842.85940409,0.0,0.0,21
0,[],12,[],2019-06-27 18:46:23,0.0,0,0,7772238,2019-06-27 18:46:23,btc,2602.953865236953,0.0,0,btc,8123562.49350646,0.0,0.0,21
0,[],17,[],2019-05-03 00:53:51,0.0,0,0,7558891,2019-05-03 00:53:51,btc,0.0,0.0,0,btc,0.0,0.0,0.0,21
1,[],12,[],2019-06-27 18:48:25,5883923194.277,0.0000000004,0.00000000000004490748000000001,7772239,2019-06-27 18:48:25,btc,1426620276044.571,0.0,0.0000000004,btc,2875762845.09434,0.008103694107,1.4660883451108002,23
0.0000000002649286,[],27,[],2019-06-27 18:48:32,42993735.03796204,7.947858e-18,8.922956854446e-22,7772240,2019-06-27 18:48:32,eth,1071.81454600082,10000.0,0.00000003,eth,5896298.756,7.947858e-14,1.9454571590193492e-10,23
1,[],4,[],2019-06-22 05:45:29,6100414.07522138,0.00000017,0.00000000001823352,7751732,2019-06-22 05:45:29,btc,10.22685272773715,0.0,0.00000017,btc,1790815.48208265,0.0,0.1345450262400025,24
0,[],22,[],2019-06-22 05:45:31,0.0,0,0,7751733,2019-06-22 05:45:31,,6.22e-05,0.0,0,,517.4264705882352,0.0,0.0,24
0.0,[],25,[],2019-06-22 05:45:32,0.0,0,0,7751734,2019-06-22 05:45:32,,0.0,0.0,0.0,btc,0.0,0.0,0.0,24
1,[],4,[],2019-06-27 18:48:33,26920683.89370709,0.00000326,0.000000000365995962,7772241,2019-06-27 18:48:33,btc,6.11930950376186,0.0,0.00000326,btc,209300.81676115,0.12735625,0.3275613749108776,26
1,[],10,[],2019-06-27 18:48:35,129750.13631088,0.00000424,0.000000000476019288,7772242,2019-06-27 18:48:35,btc,25.134902521913546,5183.10838217,0.00000424,btc,20538.08211606,0.0,0.0473039507675466,26
0,[],2,[],2019-01-20 23:25:56,0.0,0,0,6476976,2019-01-20 23:25:56,,0.0,0.0,0,,0.0,0.0,0.0,26
1,[],5,[],2019-04-26 09:47:06,0.0,0,0,7465326,2019-04-26 09:47:06,btc,0.0,0.0,0,btc,0.0,0.0,0.0,27
1,[],3,[],2019-06-17 14:30:26,13571825.64059417,0.00000001,0.00000000000092914,7740112,2019-06-17 14:30:26,btc,3.485049956644059,4264730.43754,0.00000001,btc,23500048.28518193,0.0,0.1357182564059417,27
1,[],11,[],2019-06-17 14:30:28,2031833.58157834,0.00000001,0.00000000000092914,7740113,2019-06-17 14:30:28,btc,67502.92060589766,32677.9652116,0.00000001,btc,6487362.95640949,0.0,0.0203183358157834,27
0.00000000010574729999999999,[],4,[],2019-06-27 18:48:36,415726365.37774277,9.517257e-17,1.0684900709559e-20,7772243,2019-06-27 18:48:36,ltc,10.293414983947173,0.0,0.0000009,ltc,634954073.9224358,0.52544519,1.0711608559778102e-08,29
1,[],7,[],2019-06-27 18:48:37,61825576.80977819,0.00000001,0.0000000000011226870000000002,7772244,2019-06-27 18:48:37,btc,46548272.29343935,4022976.31435,0.00000001,btc,41071739.475726314,0.04022976,0.6182557680977819,29
1,[],4,[],2019-06-27 18:48:38,15576391.6711687,0.00000003,0.0000000000033680610000000003,7772245,2019-06-27 18:48:38,btc,2.575454276719484,0.0,0.00000003,btc,2271461.54845355,0.00047048,0.1649378127887236,30
0,[],17,[],2019-05-03 01:11:25,0.0,0,0,7559066,2019-05-03 01:11:25,btc,0.0,0.0,0,btc,0.0,0.0,0.0,30
1,[],4,[],2019-06-27 18:50:39,221015.30110762,0.00002603,0.0000000029223542610000005,7772246,2019-06-27 18:50:39,btc,3.2716664744761195,0.0,0.00002603,btc,52771.2427278,0.49205128,0.3470526519011113,31
1,[],21,[],2019-06-27 18:50:40,665409.15086273,0.00002975999999999999966974334464,0.0000000033411165120000004,7772247,2019-06-27 18:50:40,btc,9.059218432466126,332591.93008041,0.000029759999999999999669743344643535465365857817232608795166015625,btc,229186.53214788,9.59076909,2.5183062976519723,31
0,[],2,[],2019-01-20 23:28:43,0.0,0,0,6477009,2019-01-20 23:28:43,,0.0,0.0,0,,0.0,0.0,0.0,32
0,[],4,[],2019-06-27 18:50:41,0.0,0,0,7772248,2019-06-27 18:50:41,,0.0,0.0,0,,0.0,0.0,0.0,33
1,[],12,[],2019-03-30 07:55:10,40641173.964,0.00000003,0.000000000001228359,7108785,2019-03-30 07:55:10,btc,4233210.82356125,0.0,0.00000003,btc,28378394.68333462,0.0126927883965248,0.90752895892,33
0.00000000010574729999999999,[],4,[],2019-06-27 18:50:43,149846595.205231,6.2390907e-17,7.0045460207109e-21,7772249,2019-06-27 18:50:43,ltc,4.523860018486039,0.0,0.00000059,ltc,164913876.97704023,0.0,6.928130493989755e-10,34
1,[],5,[],2019-06-27 18:50:44,0.0,0,0,7772250,2019-06-27 18:50:44,btc,0.0,0.002,0,btc,0.0,0.0,0.0,34
0.0000000002926451,[],17,[],2019-05-02 18:17:47,200000.0,2.9264510000000002e-18,1.596703856561e-22,7556430,2019-05-02 18:17:47,eth,0.20942468735267253,0.0,0.00000001,"btc,eth",1018272.20243647,0.0,5.852902e-13,36
0.0000000001311821,[],4,[],2019-05-31 13:28:19,2417517744.0607657,1.311821e-18,1.105058333085e-22,7717483,2019-05-31 13:28:19,ltc,5.019900492391546e-08,0.0,0.00000001,ltc,7102398142.262129,0.0,3.171350544531538e-09,36
1,[],5,[],2019-05-31 13:28:21,0.0,0,0,7717484,2019-05-31 13:28:21,btc,0.0,0.0,0,btc,0.0,0.0,0.0,36
0.0000000003108179,[],27,[],2019-05-31 13:30:34,10388811.226876,6.216358000000001e-18,5.236566733830001e-22,7717485,2019-05-31 13:30:34,eth,1569.8708019850988,761866.634299,0.00000002,"ltc,eth",5084024.2511555,4.736034912207001e-12,3.3251980286483705e-11,36
1,[],4,[],2019-06-25 10:05:55,10747826.61931615,0.00000014,0.000000000015920562,7762320,2019-06-25 10:05:55,btc,19773.05513423956,0.0,0.00000014,btc,682946.14349671,0.0006293,0.1362851255028938,37
1,[],12,[],2019-06-25 10:05:57,4167862.54235103,0.00000013,0.000000000014783379,7762321,2019-06-25 10:05:57,btc,7.381091518261743,0.0,0.00000013,btc,1713444.53926904,0.016313049979,0.1478110147956336,37
1,[],27,[],2019-06-25 10:08:02,10970.0,0.00000019,0.000000000021606477,7762322,2019-06-25 10:08:02,btc,22.62970013895233,0.0,0.00000019,btc,4298.824295,0.0,0.00167419,37
1,[],17,[],2019-05-03 01:11:36,211752.74075282,0.00000025,0.000000000013700074999999998,7559074,2019-05-03 01:11:36,btc,0.055484923955058496,0.0,0.00000025,"btc,eth",1387.19918473,0.0,0.0005381851887916605,37
1,[],5,[],2019-06-27 18:50:45,0.0,0,0,7772251,2019-06-27 18:50:45,btc,0.0,0.25454438,0,btc,0.0,0.0,0.0,42
1,[],12,[],2019-06-27 18:50:46,2025869.18890164,0.00000128000000000000002678087786256444502441809163428843021392822265625,0.00000000014370393600000003,7772252,2019-06-27 18:50:46,btc,524.5594795094695,0.0,0.00000128000000000000002678087786256444502441809163428843021392822265625,btc,136563.37473402,0.088656615963,0.0627669099999422,42
1,[],27,[],2019-06-27 18:50:53,683.0,0.00000140,0.00000000015717618,7772253,2019-06-27 18:50:53,btc,0.07600425,0.0,0.00000140,"btc,eth",18.0,0.0,0.0005422,42
1,[],12,[],2019-03-13 09:13:29,1112112.0,0.00000001,0.000000000000386531,6919902,2019-03-13 09:13:29,btc,29058.00478931866,0.0,0.00000001,btc,5967681.93306694,9.99000999e-07,0.01112112,43
1,[],5,[],2019-04-26 22:38:52,0.0,0,0,7474154,2019-04-26 22:38:52,btc,0.0,0.02638891,0,btc,0.0,0.0,0.0,43
0,[],17,[],2019-04-26 22:38:53,0.0,0,0,7474155,2019-04-26 22:38:53,btc,0.0,0.0,0,btc,0.0,0.0,0.0,43
1,[],12,[],2019-03-05 01:54:08,639326.02,0.00000004,0.000000000001486676,6845775,2019-03-05 01:54:08,btc,11116042.728239931,0.0,0.00000004,btc,1103841.4595604,0.0003330765234764,0.014975410599999999,44
0.00000000010574729999999999,[],4,[],2019-06-27 18:50:54,108351376.9511354,4.4413866e-17,4.9862869977942e-21,7772254,2019-06-27 18:50:54,ltc,2762.2092376544083,0.0,0.00000042,ltc,26152413.39496898,0.0,4.983466310697789e-10,49
0.00000000010574729999999999,[],4,[],2019-06-27 18:50:55,317081712.04836136,2.1149459999999998e-17,2.374422379902e-21,7772255,2019-06-27 18:50:55,ltc,28232.106601771644,0.0,0.0000002,ltc,195298684.9866262,0.0,1.936328295703917e-09,52
0,[],22,[],2019-06-27 15:51:08,0.0,0,0,7771544,2019-06-27 15:51:08,,10289.80784133,0.0,0,,287058287.4566013,0.0,0.0,57
0,[],27,[],2019-06-27 15:51:16,0.0,0,0,7771545,2019-06-27 15:51:16,,0.0,0.0,0,"btc,eth",0.0,0.0,0.0,57
0,[],4,[],2019-06-27 18:50:56,0.0,0,0,7772256,2019-06-27 18:50:56,,19.719363259446734,0.0,0,,6033529498.192692,0.0,0.0,58
0,[],12,[],2019-06-27 18:50:57,0.0,0,0,7772257,2019-06-27 18:50:57,btc,53886774.24229828,0.0,0,btc,3409348045.970986,0.040074454941,0.0,58
0.00000000008247980000000001,[],22,[],2019-06-27 18:53:01,126877.0,8.24798e-19,9.259899922260001e-23,7772258,2019-06-27 18:53:01,XMR,68.17454206,0.0,0.00000001,XMR,9626402.6,0.0,0.00126877,58
1,[],17,[],2019-05-03 01:12:09,1200000.0,0.0000000001,0.00000000000000548003,7559085,2019-05-03 01:12:09,btc,1e+24,0.0,0.0000000001,"btc,eth",39516342.31952568,0.0,0.00010000000058666061,58
1,[],5,[],2019-06-17 14:31:27,0.0,0,0,7740135,2019-06-17 14:31:27,btc,0.0,0.00079154,0,btc,0.0,0.0,0.0,61
1,[],22,[],2019-06-17 14:31:30,13612.833333333334,0.00000012,0.00000000001114968,7740136,2019-06-17 14:31:30,BTC,1002.29123003,0.0,0.00000012,BTC,15014.200177125656,0.0,0.00153257,61
1,[],26,[],2019-06-17 14:31:30,0.0,0.00000050,0.000000000046457,7740137,2019-06-17 14:31:30,btc,0.0,0.0,0.00000050,btc,0.0,0.0,0.0,61
1,[],27,[],2019-06-17 14:31:36,8400.0,0.00000018,0.00000000001672452,7740138,2019-06-17 14:31:36,btc,1.9742539297246655,0.0,0.00000018,"btc,eth",10953.51663696,0.0,0.001512,61
0,[],28,[],2019-06-17 14:31:38,0.0,0,0,7740139,2019-06-17 14:31:38,,0.0,0.0,0,,0.0,0.0,0.0,61
1,[],4,[],2019-06-27 18:53:02,333213.14052022,0.00000067,0.00000000007522002900000001,7772259,2019-06-27 18:53:02,btc,3.466970139884485,0.0,0.00000067,btc,1268300.66874452,0.06612056,0.1617309731557451,67
0.0,[],25,[],2019-06-27 18:53:04,0.0,0,0,7772260,2019-06-27 18:53:04,,0.0,0.0,0.0,btc,0.0,0.0,0.0,67
1,[],12,[],2019-06-02 06:23:14,910048.355,0.00000006,0.000000000005154929999999999,7725270,2019-06-02 06:23:14,btc,5.167005424215783,0.0,0.00000006,btc,738530.60239759,0.003159757462,0.0187188113,71
,[],5,[],2018-11-20 23:02:39,1.5e-07,0.00000005,0.000000000002128045,4862160,2018-11-20 23:02:39,btc,2.84511358,0.0,,btc,0.00036572,0.0,0.07381892,74
1,[],5,[],2019-06-27 18:53:05,0.0,0,0,7772261,2019-06-27 18:53:05,btc,0.0,0.0109382,0,btc,0.0,0.0,0.0,75
1,[],4,[],2019-06-04 03:25:15,715281.46076168,0.00000001,0.000000000000803619,7734085,2019-06-04 03:25:15,btc,581089.6218469425,0.0,0.00000001,btc,37692563.61091116,0.0,0.0071528146076168,81
0,[],20,[],2019-01-25 09:30:31,0.0,0,0,6495923,2019-01-25 09:30:31,btc,0.0,0.0,0,btc,0.0,0.0,0.0,81
1,[],4,[],2019-06-27 18:53:06,347867.90316451,0.00007250,0.000000008139480750000001,7772262,2019-06-27 18:53:06,btc,58.370977628497755,0.0,0.00007250,btc,118015.00183808,0.4814893,0.1188339048449502,82
1,[],21,[],2019-06-27 18:53:08,307345.11974208,0.00006203000000000000071880001951,0.000000006964027461000001,7772263,2019-06-27 18:53:08,btc,4.395971308212288,73950.88409848,0.00006203000000000000071880001950574978764052502810955047607421875,btc,53410.53954471,4.77799942,2.7855657551548725,82
0,[],17,[],2019-03-25 22:42:34,0.0,0,0,7038780,2019-03-25 22:42:34,btc,0.0445064681804024,0.0,0,btc,995513.18476001,0.0,0.0,84
0.0000000001161485,[],4,[],2019-05-20 13:09:39,216715621.0206096,1.161485e-18,9.0533806701e-23,7657228,2019-05-20 13:09:39,ltc,1.6511566870244727,0.0,0.00000001,ltc,471032407.9048656,0.0,2.5171194308112273e-10,85
,[],22,[],2018-11-20 23:09:34,3408.1,0.0000001,0.0000000000041895,4862324,2018-11-20 23:09:34,BTC,0.04624735,0.0,,BTC,4990.0,0.0,0.00033081,86
1,[],22,[],2019-06-26 09:07:19,62694.0,0.00000005,0.0000000000063518149999999994,7766682,2019-06-26 09:07:19,BTC,1.85249053,0.0,0.00000005,BTC,287024.94736842107,0.0003,0.00062846,87
1,[],27,[],2019-06-26 09:07:25,361781.0,0.0000002,0.000000000025407259999999998,7766683,2019-06-26 09:07:25,btc,19.86923154858,99950.0,0.0000002,btc,548343.482,0.01999,0.01237888,87
,[],2,[],2018-11-20 23:10:47,0.0,0,0,4862359,2018-11-20 23:10:47,,0.0,0.0,,,0.0,0.0,0.0,88
1,[],11,[],2019-06-17 14:31:59,193715.3529613,0.000073310000000000001140094962881477158589405007660388946533203125,0.00000000681152534,7740147,2019-06-17 14:31:59,btc,168.35454702024953,5791.70569014,0.000073310000000000001140094962881477158589405007660388946533203125,btc,196971.41170107,0.0,1.1996165759440112,89
0,[],2,[],2019-01-20 23:31:45,0.0,0,0,6477083,2019-01-20 23:31:45,,0.0,0.0,0,,0.0,0.0,0.0,91
1,[],12,[],2019-06-18 02:35:48,427715.74,0.00000015,0.000000000013911045000000001,7746087,2019-06-18 02:35:48,btc,116.61022144471085,0.0,0.00000015,btc,193315.55943968,0.000180759303,0.0129558314,91
1,[],22,[],2019-06-20 20:27:07,75910.0,0.00000002,0.000000000001914908,7746207,2019-06-20 20:27:07,BTC,0.49565371,0.0,0.00000002,"BTC,LTC",6.384990670617935,0.0,0.0016592,91
0,[],17,[],2019-05-03 01:12:26,0.0,0,0,7559096,2019-05-03 01:12:26,btc,0.0,0.0,0,btc,0.0,0.0,0.0,91
1,[],22,[],2019-06-27 18:53:12,105655.66666666667,0.00000003,0.0000000000033680610000000003,7772264,2019-06-27 18:53:12,BTC,11.44483916,0.0,0.00000003,"BTC,LTC",321272.4683191416,0.0,0.06677967,95
0.00000000010574729999999999,[],4,[],2019-06-27 18:53:13,540493989.915089,3.8069027999999995e-17,4.2739602838236e-21,7772265,2019-06-27 18:53:13,ltc,10.925358710333592,0.0,0.00000036,ltc,154256371.5071718,0.0,7.939455753404168e-10,96
0,[],12,[],2019-06-27 18:53:14,0.0,0,0,7772266,2019-06-27 18:53:14,btc,36.63288118448551,0.0,0,btc,9955295.448551439,0.0,0.0,96
0,[],17,[],2019-05-03 01:12:32,0.0,0,0,7559100,2019-05-03 01:12:32,btc,0.0,0.0,0,btc,0.0,0.0,0.0,96
1,[],4,[],2019-04-14 03:32:46,1039404.33283278,0.00000038,0.000000000019245518,7293458,2019-04-14 03:32:46,btc,4.170086055365747,0.0,0.00000038,btc,3097704.34561074,0.06260606,0.1859928211030784,99
1,[],4,[],2019-06-27 18:55:15,198644.78114512,0.00001299,0.0000000014583704130000002,7772267,2019-06-27 18:55:15,btc,7.9590042760183906,0.0,0.00001299,btc,173293.06421565,0.61312893,0.4998587385222586,100
0,[],2,[],2019-01-20 23:23:55,0.0,0,0,6476914,2019-01-20 23:23:55,,0.0,0.0,0,,0.0,0.0,0.0,100
1,[],22,[],2019-06-05 06:30:35,150000.0,0.00000002,0.000000000001558192,7740007,2019-06-05 06:30:35,BTC,28.56386409,0.0,0.00000002,BTC,12787.719,0.0,0.0017,101
1,[],4,[],2019-06-27 18:55:17,438568.2008377,0.00000153,0.00000000017177111100000002,7772268,2019-06-27 18:55:17,btc,882.8585466853864,0.0,0.00000153,btc,748899.127911,0.01819526,0.0802740621737888,103
1,[],12,[],2019-06-17 14:32:14,179201505.10870332,0.000000005,0.00000000000046457,7740154,2019-06-17 14:32:14,btc,113577.79366343976,0.0,0.000000005,btc,79148141.67831126,0.019059029059,0.27280986350611003,105
1,[],27,[],2019-06-17 14:32:19,18306828.03496503,0.00000002,0.00000000000185828,7740155,2019-06-17 14:32:19,btc,180.7198218385489,1083.96503497,0.00000002,btc,276513.60142659,7.588e-05,0.3661365606993006,105
1,[],22,[],2019-04-21 00:17:26,21333.0,0.00000001,0.000000000000532493,7385819,2019-04-21 00:17:26,BTC,51.38182867,0.0,0.00000001,BTC,470435.0,0.0,0.00021333,107
1,[],26,[],2019-04-21 00:17:26,0.0,0.00000000,0,7385820,2019-04-21 00:17:26,btc,0.0,0.0,0.00000000,btc,0.0,0.0,0.0,107
1,[],5,[],2019-06-27 18:55:19,0.0,0,0,7772269,2019-06-27 18:55:19,btc,0.0,0.0,0,btc,0.0,0.0,0.0,112
0,[],22,[],2019-06-27 18:55:22,0.0,0,0,7772270,2019-06-27 18:55:22,,6.79500102,0.0,0,,3375892.0833333335,0.0,0.0,112
1,[],27,[],2019-06-27 18:55:30,1.0,0.00000001,0.000000000001122687,7772271,2019-06-27 18:55:30,btc,0.0,0.0,0.00000001,"btc,eth",0.0,0.0,1e-08,112
1,[],4,[],2019-06-27 18:55:31,925318.85922051,0.00000044,0.000000000049398228000000003,7772272,2019-06-27 18:55:31,btc,6.589989439547738,0.0,0.00000044,btc,1004051.08097203,0.03725596,0.1031706329786702,113
1,[],5,[],2019-06-27 18:55:33,0.0,0,0,7772273,2019-06-27 18:55:33,btc,0.0,6e-07,0,btc,0.0,0.0,0.0,113
1,[],17,[],2019-04-26 02:17:47,162738.278,0.00000004,0.0000000000021069000000000002,7461287,2019-04-26 02:17:47,btc,1.3331140273775473,0.0,0.00000004,btc,51796.221,0.0,0.00230953112,116
1,[],27,[],2019-05-22 05:13:01,210000.0,0.00000001,0.00000000000079145,7666372,2019-05-22 05:13:01,btc,3919.0005001478,0.0,0.00000001,btc,128660.871,0.0,0.0021,116
1,[],4,[],2019-05-21 22:31:11,138169.03963019,0.00000701,0.000000000558364025,7664793,2019-05-21 22:31:11,btc,150.95388250938234,0.0,0.00000701,btc,344631.17141974,0.07552974,0.4288357684941946,120
1,[],7,[],2019-05-21 22:31:12,3901.07750076,0.000010679999999999999389654892212320191902108490467071533203125,0.0000000008506887,7664794,2019-05-21 22:31:12,btc,231188.94669936574,0.0,0.000010679999999999999389654892212320191902108490467071533203125,btc,4133.83151364,0.0,0.0113888422364489,120
1,[],20,[],2019-04-07 18:42:29,1914137.0852,0.000000035,0.0000000000017871910000000002,7211992,2019-04-07 18:42:29,btc,32.2497668025648,25528.85,0.000000035,btc,1001975.4986,0.00089350975,0.0152723574729,125
1,[],22,[],2019-06-17 14:32:38,10000.0,0.00000001,0.00000000000092914,7740161,2019-06-17 14:32:38,BTC,0.032061,0.0,0.00000001,BTC,299316.7611111111,0.0,0.0001,126
1,[],4,[],2019-06-27 18:55:34,1190730.55419456,0.00000270,0.00000000030312549000000004,7772274,2019-06-27 18:55:34,btc,2.394972870323277,0.0,0.00000270,btc,174023.68702416,0.04998635,0.6610834395175906,131
0,[],2,[],2019-01-20 23:25:46,0.0,0,0,6476969,2019-01-20 23:25:46,,0.0,0.0,0,,0.0,0.0,0.0,131
1,[],17,[],2019-05-03 01:13:10,10000.0,0.00000001,0.000000000000548003,7559115,2019-05-03 01:13:10,btc,0.0953976503951408,0.0,0.00000001,btc,5037.62507334,0.0,0.0001,131
1,[],4,[],2019-06-17 14:32:42,4848.49465417,0.00007919,0.00000000735785966,7740163,2019-06-17 14:32:42,btc,0.9905723729472744,0.0,0.00007919,btc,202.13055914,0.0,0.0061509344290166,135
1,[],3,[],2019-06-05 06:33:11,40600.27748212,0.00000001,0.000000000000779096,7740019,2019-06-05 06:33:11,btc,0.2308097808993716,2146378.52189,0.00000001,btc,2477992.76904676,0.0,0.0004060027748212,136
1,[],4,[],2019-06-27 18:57:36,247060.03879164,0.00000134,0.00000000015044005800000002,7772275,2019-06-27 18:57:36,btc,112.01523437318673,0.0,0.00000134,btc,496192.66083875,0.03509305,0.2830420802061871,137
1,[],12,[],2019-06-27 18:57:41,62831.93540773,0.0000015000000000000000380012861456169304119612206704914569854736328125,0.00000000016840305000000002,7772276,2019-06-27 18:57:41,btc,80.24180562531488,0.0,0.0000015000000000000000380012861456169304119612206704914569854736328125,btc,83236.92097078,0.00013315,0.0092366099999819,137
1,[],4,[],2019-06-27 18:57:42,418715.41990101,0.00001089,0.0000000012226061430000002,7772277,2019-06-27 18:57:42,btc,5.938231135402226,0.0,0.00001089,btc,168537.78164748,0.30604595,0.1575789784888971,142
1,[],5,[],2019-06-27 18:57:44,0.0,0,0,7772278,2019-06-27 18:57:44,btc,0.0,0.05445128,0,btc,0.0,0.0,0.0,142
1,[],20,[],2019-06-27 18:59:46,272756.2708,0.000010133,0.0000000011376187371000001,7772279,2019-06-27 18:59:46,btc,1.6081689346747,0.0,0.000010133,btc,10009.3204,0.0,0.0067822781198,142
1,[],22,[],2019-06-27 18:59:49,10820.0,0.00000600,0.0000000006736122000000001,7772280,2019-06-27 18:59:49,BTC,2.99759384,0.0,0.00000600,BTC,835.7198755539798,0.0,0.0053672,142
0.0,[],25,[],2019-06-27 18:59:51,0.0,0,0,7772281,2019-06-27 18:59:51,,0.0,0.0,0.0,btc,0.0,0.0,0.0,142
0,[],28,[],2019-06-27 18:59:52,0.0,0,0,7772282,2019-06-27 18:59:52,,0.0,0.0,0,,0.0,0.0,0.0,142
1,[],17,[],2019-05-03 01:13:16,32967.38636364,0.00000088,0.000000000048224264,7559122,2019-05-03 01:13:16,btc,20.06976206696776,0.0,0.00000088,btc,2746.079105,0.0,0.0105613000000032,142
0,[],22,[],2019-06-27 18:59:55,0.0,0,0,7772283,2019-06-27 18:59:55,,1635.10917276,0.0,0,,700749355.3,0.0,0.0,143
0,[],22,[],2019-02-25 15:42:22,0.0,0,0,6783783,2019-02-25 15:42:22,,4.2131946,0.0,0,,2322156.0,0.0,0.0,146
,[],22,[],2018-11-20 23:01:11,0.0,0,0,4862114,2018-11-20 23:01:11,,2.56807021,0.0,,,61828.4988236,0.0,0.0,147
1,[],12,[],2019-04-21 06:38:04,193091.5971266,0.00000071,0.000000000037635183,7388679,2019-04-21 06:38:04,btc,2.301232411611175,0.0,0.00000071,btc,9957.48302385,0.00023528,0.0313308199999888,148
1,[],4,[],2019-03-19 21:31:25,255810.0415942,0.00000029,0.000000000011615747,6982695,2019-03-19 21:31:25,btc,218.94922712414143,0.0,0.00000029,btc,793529.37642722,0.00117,0.0608347789473395,152
0,[],22,[],2019-03-19 21:31:27,0.0,0,0,6982696,2019-03-19 21:31:27,,0.0,0.0,0,,0.0,0.0,0.0,152
1,[],5,[],2019-04-26 09:36:59,0.0,0,0,7465040,2019-04-26 09:36:59,btc,0.0,0.0,0,btc,0.0,0.0,0.0,153
,[],16,[],2019-01-11 15:38:59,0.0,0,0,6366141,2019-01-11 15:38:59,btc,0.0,0.0,,btc,0.0,0.0,0.0,155
0,[],23,[],2019-01-20 23:24:29,0.0,0,0,6476932,2019-01-20 23:24:29,,0.0,0.0,0,,0.0,0.0,0.0,156
0,[],22,[],2019-06-04 06:02:09,0.0,0,0,7734688,2019-06-04 06:02:09,,7.43375324,0.0,0,,5955762.942592593,0.0,0.0,156
1,[],22,[],2019-06-27 18:59:58,6996.0,0.00000001,0.000000000001122687,7772284,2019-06-27 18:59:58,BTC,1.7543039,0.0,0.00000001,BTC,57.0,0.0,6.996e-05,157
0,[],22,[],2019-05-21 23:40:32,0.0,0,0,7665049,2019-05-21 23:40:32,,50234.60468402,0.0,0,,54786159.03179465,0.0,0.0,158
,[],17,[],2018-11-20 22:56:10,0.0,0,0,4861976,2018-11-20 22:56:10,btc,1.1265625,0.0,,btc,1000.0,0.0,0.0,159
,[],20,[],2018-11-20 22:56:12,0.0,0,0,4861977,2018-11-20 22:56:12,btc,11912.7940471,0.0,,btc,34413894.3617,0.0,0.0,159
1,[],12,[],2019-05-24 02:51:20,9178.522006449999,0.00000191999999999999982841307998027158276954651228152215480804443359375,0.000000000151222656,7676256,2019-05-24 02:51:20,btc,149.80414728631675,0.0,0.00000191999999999999982841307998027158276954651228152215480804443359375,btc,1115.7451448499999,0.01783167678326,0.0120075778999181,168
1,[],17,[],2019-05-03 01:13:36,42852.0,0.00000002,0.000000000001096006,7559132,2019-05-03 01:13:36,btc,0.04279856251542,0.0,0.00000002,btc,274.46171372,0.0,0.00052852,168
1,[],22,[],2019-05-17 03:01:52,10.0,0.00000001,0.000000000000778341,7642059,2019-05-17 03:01:52,BTC,41.95893009,0.0,0.00000001,BTC,1753972.7737547632,0.0,1e-07,169
1,[],22,[],2019-05-30 08:38:18,202834.0,0.00000002,0.0000000000017416160000000001,7711049,2019-05-30 08:38:18,BTC,27.87002826,0.0,0.00000002,BTC,462189.5410507793,0.0,0.00211768,171
1,[],22,[],2019-05-29 08:05:18,349870.0,0.00000002,0.000000000001705894,7705265,2019-05-29 08:05:18,BTC,24.05907723,0.0,0.00000002,"BTC,LTC",1224285.4355616204,0.0,0.0039847,173
1,[],5,[],2019-06-27 18:59:59,0.0,0,0,7772285,2019-06-27 18:59:59,btc,0.0,0.00043805,0,btc,0.0,0.0,0.0,175
1,[],22,[],2019-06-17 14:33:12,90671.0,0.00000001,0.00000000000092914,7740175,2019-06-17 14:33:12,BTC,394.35459412,0.0,0.00000001,BTC,136275.61833431243,0.0,0.00090671,176
1,[],7,[],2019-06-27 19:00:01,0.0,0,0,7772286,2019-06-27 19:00:01,btc,521516.243407432,0.0,0,btc,27713522.85351229,0.0,0.0,178
0,[],22,[],2019-06-27 19:00:08,0.0,0,0,7772287,2019-06-27 19:00:08,,1.00242428,0.0,0,,57512.0,0.0,0.0,178
0,[],2,[],2019-01-20 23:28:34,0.0,0,0,6477001,2019-01-20 23:28:34,,0.0,0.0,0,,0.0,0.0,0.0,178
1,[],5,[],2019-06-27 19:00:09,0.0,0,0,7772288,2019-06-27 19:00:09,btc,0.0,0.00073997,0,btc,0.0,0.0,0.0,179
0,[],22,[],2019-06-27 19:00:11,0.0,0,0,7772289,2019-06-27 19:00:11,,9.34623917,0.0,0,,14491075.311946675,0.0,0.0,179
0,[],23,[],2019-01-20 23:25:08,0.0,0,0,6476952,2019-01-20 23:25:08,,0.0,0.0,0,,0.0,0.0,0.0,179
1,[],22,[],2019-06-27 19:02:15,702008.7363636363,0.0000004,0.00000000004490748,7772290,2019-06-27 19:02:15,BTC,40.60632326,0.0,0.0000004,"BTC,LTC",161189.44444646587,0.00108383,0.56780697,180
1,[],26,[],2019-06-27 19:02:15,0.0,0.00000010,0.00000000001122687,7772291,2019-06-27 19:02:15,btc,0.0,0.0,0.00000010,btc,0.0,0.0,0.0,180
1,[],17,[],2019-05-03 01:13:56,20504.725000000002,0.0000001,0.00000000000548003,7559141,2019-05-03 01:13:56,btc,5.2010695838400265,0.0,0.0000001,btc,5033.45945,0.0,0.0011504725,180
,[],7,[],2018-11-20 22:58:01,562227.975654,0.00000085,0.000000000036176765,4862015,2018-11-20 22:58:01,btc,21836.6059674,2491.87645172,,btc,749999.041456,0.00211021,0.127565380455,183
,[],5,[],2019-01-10 08:11:41,0.0,0,0,6347036,2019-01-10 08:11:41,btc,82.15055501,0.00261,,btc,1.19002445,0.0,0.0,187
,[],17,[],2018-11-16 20:58:10,4062536.27273,0.00000001,0.000000000000550501,4708775,2018-11-16 20:58:10,btc,3.36492563466,0.195460381006,,"btc,eth",110697919.549,0.0,0.0157628953496,187
1,[],24,[],2019-05-22 21:04:52,0.0,0.000000000014,0.0000000000000010960978,7670219,2019-05-22 21:04:52,btc,0.0,0.0,0.000000000014,btc,0.0,0.0,0.0,187
0,[],22,[],2019-04-25 02:54:07,0.0,0,0,7447896,2019-04-25 02:54:07,,7.54794454,0.0,0,,76361.7243344055,0.0,0.0,191
0,[],22,[],2019-06-17 14:33:34,0.0,0,0,7740182,2019-06-17 14:33:34,,0.0,0.0,0,,0.0,0.0,0.0,197
0,[],23,[],2019-01-20 23:31:41,0.0,0,0,6477079,2019-01-20 23:31:41,,0.0,0.0,0,,0.0,0.0,0.0,199
0,[],22,[],2019-06-27 19:02:18,0.0,0,0,7772292,2019-06-27 19:02:18,,10.58263174,0.0,0,,84280969.0,0.0,0.0,199
1,[],26,[],2019-06-27 19:02:18,0.0,0.00000000,0,7772293,2019-06-27 19:02:18,btc,0.0,0.0,0.00000000,btc,0.0,0.0,0.0,199
0,[],2,[],2019-01-20 23:30:49,0.0,0,0,6477059,2019-01-20 23:30:49,,0.0,0.0,0,,0.0,0.0,0.0,201
1,[],4,[],2019-01-25 15:51:35,2084389.58565343,0.00000936,0.000000000333526752,6499557,2019-01-25 15:51:35,btc,2.0092503037378524,0.0,0.00000936,btc,160195.80207885,0.19272417,1.242687955921835,211
1,[],7,[],2019-06-27 19:02:20,1170054124.6898527,0.00000018,0.000000000020208366,7772294,2019-06-27 19:02:20,btc,1346838.6258339162,0.0,0.00000018,btc,5739479.26464841,0.0,11.954344045954047,212
1,[],12,[],2019-01-25 02:44:32,207462.42853209,0.000001080000000000000035831255497387193287295303889550268650054931640625,0.000000000038610756000000006,6493050,2019-01-25 02:44:32,btc,85023.03793723314,0.0,0.000001080000000000000035831255497387193287295303889550268650054931640625,btc,43675.73520027,0.000146250909087,0.0348620860622024,213
1,[],5,[],2019-05-30 00:07:46,0.0,0,0,7709357,2019-05-30 00:07:46,btc,0.0,0.06425239,0,btc,0.0,0.0,0.0,213
1,[],24,[],2019-05-30 00:07:46,0.0,0.000000399202,0.0000000000344859829346,7709358,2019-05-30 00:07:46,btc,0.0,0.0,0.000000399202,btc,0.0,0.0,0.0,213
1,[],26,[],2019-05-30 00:07:47,0.0,0.00000040,0.000000000034554919999999996,7709359,2019-05-30 00:07:47,btc,0.0,0.0,0.00000040,btc,0.0,0.0,0.0,213
0,[],22,[],2019-06-27 19:02:23,0.0,0,0,7772295,2019-06-27 19:02:23,,9.56923849,0.0,0,,3661587.2040649247,0.0,0.0,216
0,[],27,[],2019-06-27 19:02:30,0.0,0,0,7772296,2019-06-27 19:02:30,,1949.4789473191977,0.0,0,"btc,ltc",457450.29534794,0.0,0.0,216
1,[],22,[],2019-06-27 19:02:34,911796.619047619,0.00000024,0.000000000026944488000000002,7772297,2019-06-27 19:02:34,BTC,12055.85416074,0.0,0.00000024,BTC,535200.7178421671,0.00510216,0.02987671,217
1,[],7,[],2019-06-27 19:02:35,0.0,0,0,7772298,2019-06-27 19:02:35,btc,2123800.2774640615,0.0,0,btc,82333746.4752352,0.0,0.0,219
0,[],27,[],2019-06-27 19:02:40,0.0,0,0,7772299,2019-06-27 19:02:40,,250.21442758069674,0.0,0,btc,146772.535837,0.0,0.0,219
0,[],28,[],2019-06-27 19:02:42,0.0,0,0,7772300,2019-06-27 19:02:42,,0.0,0.0,0,,0.0,0.0,0.0,219
0,[],22,[],2019-06-26 23:36:41,0.0,0,0,7769178,2019-06-26 23:36:41,,56.75439223,0.0,0,,184664.6482738741,0.0,0.0,221
1,[],24,[],2019-06-26 23:36:41,0.0,0.000000030000,0.000000000003835668,7769179,2019-06-26 23:36:41,btc,0.0,0.0,0.000000030000,btc,0.0,0.0,0.0,221
1,[],20,[],2019-06-17 14:34:11,26882155.8301,0.000000003,0.000000000000278742,7740192,2019-06-17 14:34:11,btc,100050.81956632523,233521.3529,0.000000003,btc,38769742.8604,0.0007925640587,0.0306863532672,224
0,[],22,[],2019-06-17 14:34:13,0.0,0,0,7740193,2019-06-17 14:34:13,,0.0,0.0,0,,0.0,0.0,0.0,224
1,[],26,[],2019-06-27 19:02:42,0.0,0.00000022,0.000000000024699114000000002,7772301,2019-06-27 19:02:42,btc,0.0,0.0,0.00000022,btc,0.0,0.0,0.0,231
1,[],26,[],2019-06-27 19:02:42,0.0,0.00000005,0.000000000005613435,7772302,2019-06-27 19:02:42,btc,0.0,0.0,0.00000005,btc,0.0,0.0,0.0,234
0.0000000002649286,[],27,[],2019-06-27 19:02:48,100.0,2.649286e-18,2.9743189514820004e-22,7772303,2019-06-27 19:02:48,eth,0.0,0.0,0.00000001,"btc,eth",0.0,0.0,2.649286e-16,234
1,[],4,[],2019-05-22 17:06:12,91780.56053785,0.00000078,0.000000000061977552,7669277,2019-05-22 17:06:12,btc,5.573372450018177,0.0,0.00000078,btc,729173.93529783,0.0,0.0307060663355679,236
1,[],24,[],2019-05-22 17:06:12,0.0,0.000000010000,0.000000000000794584,7669278,2019-05-22 17:06:12,btc,0.0,0.0,0.000000010000,btc,0.0,0.0,0.0,236
1,[],5,[],2019-06-27 19:02:50,0.0,0,0,7772304,2019-06-27 19:02:50,btc,0.0,0.71078297,0,btc,0.0,0.0,0.0,237
1,[],20,[],2019-06-27 19:02:52,123818032.7154,0.000000063,0.000000000007072928100000001,7772305,2019-06-27 19:02:52,btc,8172548.817461539,19188870.4428,0.000000063,btc,45720719.0469,1.2563357781752,0.6272193857599,237
1,[],22,[],2019-06-27 19:02:55,2084614.0,0.00000004,0.000000000004490748,7772306,2019-06-27 19:02:55,BTC,1.20112188,0.0,0.00000004,"BTC,LTC",14507.148717948718,0.0,0.02587451,237
1,[],4,[],2019-06-27 19:02:56,31898855.72043345,0.00000006,0.0000000000067361220000000005,7772307,2019-06-27 19:02:56,btc,2.537684586489074,0.0,0.00000006,btc,11309094.37297156,0.02134187,0.5556592923383239,238
1,[],5,[],2019-06-27 19:02:57,0.0,0,0,7772308,2019-06-27 19:02:57,btc,0.0,0.01637678,0,btc,0.0,0.0,0.0,238
0,[],22,[],2019-03-12 16:49:32,0.0,0,0,6914458,2019-03-12 16:49:32,,0.40415746,0.0,0,,526736.5639027493,0.0,0.0,249
0,[],22,[],2019-05-28 23:53:45,0.0,0,0,7703643,2019-05-28 23:53:45,,13.44714864,0.0,0,,43777534.3426455,0.0,0.0,252
0,[],28,[],2019-06-27 19:02:59,0.0,0,0,7772309,2019-06-27 19:02:59,,0.0,0.0,0,,0.0,0.0,0.0,256
1,[],22,[],2019-06-27 19:03:03,536932.0,0.00000001,0.000000000001122687,7772310,2019-06-27 19:03:03,BTC,31464.57209997,0.0,0.00000001,"BTC,LTC",1031955.2230878276,0.00012262,0.00776932,258
1,[],22,[],2019-05-19 18:12:02,400.0,0.00000001,0.0000000000007957800000000001,7653905,2019-05-19 18:12:02,BTC,2.415167,0.0,0.00000001,BTC,157.0,0.0,4e-06,259
1,[],5,[],2019-06-27 19:03:04,0.0,0,0,7772311,2019-06-27 19:03:04,btc,0.0,0.00067481,0,btc,0.0,0.0,0.0,264
1,[],20,[],2019-06-27 19:03:06,933296.964,0.000000175,0.0000000000196470225,7772312,2019-06-27 19:03:06,btc,1.0498039366657,444.8728,0.000000175,btc,33665.6188,7.785274e-05,0.0055470799672,264
0,[],22,[],2019-04-12 17:57:27,0.0,0,0,7278186,2019-04-12 17:57:27,,66.37522201,0.0,0,,677842.4169881374,0.0,0.0,271
0,[],22,[],2019-06-27 19:03:08,0.0,0,0,7772313,2019-06-27 19:03:08,,33050469.74148113,0.0,0,,14261527780.7,0.0,0.0,272
0,[],28,[],2019-06-27 19:03:10,0.0,0,0,7772314,2019-06-27 19:03:10,,0.0,0.0,0,,0.0,0.0,0.0,272
1,[],22,[],2019-05-23 07:12:29,219930.0,0.00000004,0.000000000003048688,7671985,2019-05-23 07:12:29,BTC,426.77835217,0.0,0.00000004,BTC,248664.3325962929,0.0,0.00739728,281
0.00000000010574729999999999,[],22,[],2019-06-27 19:03:13,4541.1,1.057473e-16,1.187211189951e-20,7772315,2019-06-27 19:03:13,LTC,4.68208807,0.0,0.00000100,LTC,1115639.7657646376,0.0,0.0045411,286
0,[],22,[],2019-06-17 14:34:53,0.0,0,0,7740207,2019-06-17 14:34:53,,7337915.80475575,0.0,0,,2078527309.6797826,0.0,0.0,294
