pairValue,buyBook,exchangeId,sellBook,updated,buyTotal,satoshiPrice,usdPrice,exchangeLogId,created,bestPair,sellTotalBtc,volume,pairPrice,activePairs,sellTotal,volumeBtc,buyTotalBtc,coinId
0,[],2,[],2019-01-20 23:28:45,0.0,0,0,6477011,2019-01-20 23:28:45,,0.0,0.0,0,,0.0,0.0,0.0,1
1,[],3,[],2019-06-27 10:59:14,32167.750026425474,0.00791925999999999914724657656961426255293190479278564453125,0.000000942672281804,7770840,2019-06-27 10:59:14,btc,12.537215719870108,44.6466336891,0.00791925999999999914724657656961426255293190479278564453125,btc,48.717927295689,0.0,0.2768110951840166,1
1,[],4,[],2019-06-27 10:59:15,208179.40285901,0.00791001,0.0000009415712043540001,7770841,2019-06-27 10:59:15,btc,9.400051943200353,0.0,0.00791001,btc,456.81796131,6.61589174,3.5946760088657705,1
1,[],5,[],2019-06-27 10:59:18,0.0,0,0,7770842,2019-06-27 10:59:18,btc,0.0,0.20170986,0,btc,0.0,0.0,0.0,1
1,[],10,[],2019-06-27 10:59:20,249516.40487409,0.00250147,0.00000029776348203800003,7770843,2019-06-27 10:59:20,btc,6521.319756708491,1488.79431777,0.00250147,btc,1217.09006376,0.0,1.1913867716020907,1
1,[],12,[],2019-06-27 10:59:22,102.7696409,0.00779999999999999964195307455838701571337878704071044921875,0.0000009284761200000001,7770844,2019-06-27 10:59:22,btc,0.6901909833162,0.0,0.00779999999999999964195307455838701571337878704071044921875,btc,34.47503963,2.14099144938,0.1866589856445,1
1,[],20,[],2019-06-27 10:59:25,928.1446,0.008010097,0.0000009534851004338001,7770845,2019-06-27 10:59:25,btc,0.1466000024938,0.638,0.008010097,btc,10.9083,0.0066084669574,0.1256028829229,1
1,[],21,[],2019-06-27 10:59:25,2385.28186323,0.007816019999999999912088100018,0.0000009303830671080001,7770846,2019-06-27 10:59:25,btc,9.607701195107193,22377.419762280002,0.007816019999999999912088100018081604503095149993896484375,"btc,eth",1810.02206121,160.38633517459186,13.998582485926688,1
1,[],22,[],2019-06-27 10:59:30,0.0199,0.00110000,0.00000013093894,7770847,2019-06-27 10:59:30,BTC,0.01666796,0.0,0.00110000,BTC,0.25318100557485945,0.0,2.189e-05,1
1,[],24,[],2019-06-27 10:59:31,0.0,0.000000000000,0,7770848,2019-06-27 10:59:31,btc,0.0,0.0,0.000000000000,btc,0.0,0.0,0.0,1
0.0,[],25,[],2019-06-27 10:59:31,0.0,0,0,7770849,2019-06-27 10:59:31,btc,38.9844999989891,26001.64023443,0.0,btc,4741.26274139,212.282,0.0,1
1,[],26,[],2019-06-27 10:59:35,0.0,0,0,7770850,2019-06-27 10:59:35,,0.0,0.0,0,,0.0,0.0,0.0,1
0,[],28,[],2019-06-27 10:59:36,0.0,0,0,7770851,2019-06-27 10:59:36,,0.0,0.0,0,,0.0,0.0,0.0,1
1,[],5,[],2019-06-17 14:29:02,0.0,0,0,7740076,2019-06-17 14:29:02,btc,0.0,2.72e-05,0,btc,0.0,0.0,0.0,2
1,[],22,[],2019-06-17 14:29:06,11550.3,0.0000002,0.0000000000185828,7740077,2019-06-17 14:29:06,BTC,21.00897301,0.0,0.0000002,"BTC,XMR",20678.87287795317,1.754e-05,0.00143681,2
1,[],5,[],2019-06-03 14:48:58,0.0,0,0,7731126,2019-06-03 14:48:58,btc,0.0,0.05905545,0,btc,0.0,0.0,0.0,3
1,[],12,[],2019-06-03 14:48:59,3468623.70302,0.000000116,0.000000000009823402000000002,7731127,2019-06-03 14:48:59,btc,169531.0336573751,0.0,0.000000116,btc,2361209.62379607,0.041350953071,0.33764769154428,3
0,[],28,[],2019-06-03 14:49:00,0.0,0,0,7731128,2019-06-03 14:49:00,,0.0,0.0,0,,0.0,0.0,0.0,3
0,[],2,[],2019-01-20 23:31:32,0.0,0,0,6477077,2019-01-20 23:31:32,,0.0,0.0,0,,0.0,0.0,0.0,4
1,[],4,[],2019-05-18 21:29:50,562734.9206932,0.00000010,0.000000000007298720000000001,7650946,2019-05-18 21:29:50,btc,41.9347137769675,0.0,0.00000010,btc,1123702.32192634,0.00052462,0.029254593370966,4
0,[],12,[],2019-06-02 05:03:43,0.0,0,0,7724919,2019-06-02 05:03:43,btc,625.901992874995,0.0,0,btc,1211362.4995005,0.0,0.0,5
0,[],2,[],2019-01-20 23:31:51,0.0,0,0,6477087,2019-01-20 23:31:51,,0.0,0.0,0,,0.0,0.0,0.0,6
1,[],11,[],2019-06-27 10:59:38,6351847.276736,0.00000001,0.0000000000011903540000000002,7770852,2019-06-27 10:59:38,btc,9583.568469362632,300000.0,0.00000001,btc,76378844.64770687,0.0,0.06351847276736,6
1,[],3,[],2019-06-27 10:59:38,12591.917856785665,0.00005229000000000000249363030224714066207525320351123809814453125,0.000000006224361066000001,7770853,2019-06-27 10:59:38,btc,1026.2802681357905,627.29874475,0.00005229000000000000249363030224714066207525320351123809814453125,btc,354.599335183096,0.0,0.018265116682624365,7
1,[],4,[],2019-06-27 10:59:39,326579.47390159,0.00006455,0.00000000768373507,7770854,2019-06-27 10:59:39,btc,6.84428826680628,0.0,0.00006455,btc,53688.20039859,0.93206257,2.3755599287816103,7
1,[],5,[],2019-06-27 10:59:39,0.0,0,0,7770855,2019-06-27 10:59:39,btc,0.0,0.1978494,0,btc,0.0,0.0,0.0,7
1,[],20,[],2019-04-07 22:06:50,3201475.0482,0.000000001,0.000000000000051590000000000004,7213932,2019-04-07 22:06:50,btc,30.8005781811902,0.0,0.000000001,btc,23077405.3926,0.0,0.0032014750482,8
0,[],2,[],2019-01-20 23:22:42,0.0,0,0,6476876,2019-01-20 23:22:42,,0.0,0.0,0,,0.0,0.0,0.0,9
0,[],23,[],2019-01-20 23:22:48,0.0,0,0,6476878,2019-01-20 23:22:48,,0.0,0.0,0,,0.0,0.0,0.0,9
1,[],1,[],2019-02-17 23:31:42,1822507.21,0.00000181000000000000003456111265232042484285557293333113193511962890625,0.000000000066086901,6701244,2019-02-17 23:31:42,btc,3.6990969245,17153386.5,0.00000181000000000000003456111265232042484285557293333113193511962890625,btc,1997391.71,31.11772986,3.2610482446,9
1,[],4,[],2019-06-27 10:59:41,1894613.82455199,0.00000037,0.000000000044043098,7770856,2019-06-27 10:59:41,btc,2.972825904723777,0.0,0.00000037,btc,3246263.11682612,0.45771153,0.3396466857522641,9
0,[],28,[],2019-06-27 10:59:42,0.0,0,0,7770857,2019-06-27 10:59:42,,0.0,0.0,0,,0.0,0.0,0.0,9
1,[],4,[],2019-02-17 11:22:43,4341674.27126056,0.00000002,0.0000000000007272960000000001,6696112,2019-02-17 11:22:43,btc,0.1997230937751353,0.0,0.00000002,btc,4109766.79808031,0.00215132,0.0479381022052112,10
0,[],2,[],2019-01-20 23:23:08,0.0,0,0,6476890,2019-01-20 23:23:08,,0.0,0.0,0,,0.0,0.0,0.0,12
1,[],4,[],2019-06-27 10:59:43,40332118.15524001,0.00000027,0.000000000032139558,7770858,2019-06-27 10:59:43,btc,7.323250606173894,0.0,0.00000027,btc,8953759.31895106,0.88819933,1.6135430064237597,12
1,[],5,[],2019-06-27 10:59:44,0.0,0,0,7770859,2019-06-27 10:59:44,btc,0.0,0.09083419,0,btc,0.0,0.0,0.0,12
0.0,[],25,[],2019-06-27 10:59:46,0.0,0,0,7770860,2019-06-27 10:59:46,,0.0,0.0,0.0,btc,0.0,0.0,0.0,12
1,[],4,[],2019-06-27 10:59:47,465841.59240056,0.00000256,0.00000000030473062400000004,7770861,2019-06-27 10:59:47,btc,2.003128064307515,0.0,0.00000256,btc,345836.99778822,0.26490943,0.2424613354468292,13
1,[],10,[],2019-06-27 10:59:49,621545.75975752,0.00000248,0.000000000295207792,7770862,2019-06-27 10:59:49,btc,666797.6906112263,100544.62688,0.00000248,btc,886862.39757735,0.0,0.2539705394536712,13
1,[],21,[],2019-06-27 10:59:50,6111028.38260768,0.000002569999999999999957818030277,0.00000000030592097800000005,7770863,2019-06-27 10:59:50,btc,3.2694965151653337,1324957.60985003,0.0000025699999999999999578180302772789644905060413293540477752685546875,btc,941281.37212278,3.51361833,3.3338154642906352,13
0,[],17,[],2019-05-03 00:53:32,0.0,0,0,7558876,2019-05-03 00:53:32,btc,0.0,0.0,0,btc,0.0,0.0,0.0,14
1,[],4,[],2019-06-27 10:59:50,987286.44162768,0.00000040,0.00000000004761416,7770864,2019-06-27 10:59:50,btc,3.8055283139932503,0.0,0.00000040,btc,1601178.07979116,0.0095482,0.0855305174160026,14
1,[],12,[],2019-06-27 10:59:51,227772.25531914,0.00000049,0.000000000058327346,7770865,2019-06-27 10:59:51,btc,193.48117001651485,0.0,0.00000049,btc,37628.88778305,2.421e-05,0.0118715999999958,14
1,[],26,[],2019-06-27 11:01:52,0.0,0.00000050,0.00000000005951770000000001,7770866,2019-06-27 11:01:52,btc,0.0,0.0,0.00000050,btc,0.0,0.0,0.0,14
,[],12,[],2018-12-01 15:15:48,204241.84496,0.00000489,0.000000000202473384,5260204,2018-12-01 15:15:48,btc,49.5475654835,0.0,,btc,35763.2193806,0.0163153972027625,0.0203389899998,15
0,[],4,[],2019-06-27 11:01:53,0.0,0,0,7770867,2019-06-27 11:01:53,,0.0,0.0,0,,0.0,0.0,0.0,15
0,[],2,[],2019-01-20 23:23:38,0.0,0,0,6476906,2019-01-20 23:23:38,,0.0,0.0,0,,0.0,0.0,0.0,18
0,[],17,[],2019-05-03 00:53:39,0.0,0,0,7558882,2019-05-03 00:53:39,btc,0.0,0.0,0,btc,0.0,0.0,0.0,18
1,[],4,[],2019-06-27 11:01:54,31348.39955953,0.00000805,0.0000000009582349700000001,7770868,2019-06-27 11:01:54,btc,2.366011139365644,0.0,0.00000805,btc,16986.12219361,0.02458597,0.0402591964694012,18
1,[],10,[],2019-06-27 11:01:56,398221.44899684,0.00000611,0.000000000727306294,7770869,2019-06-27 11:01:56,btc,14.904526184720527,22033.8004873,0.00000611,btc,12001.89959674,0.0,0.2896708373368782,18
1,[],12,[],2019-06-27 11:01:57,926.57927042,0.000008509999999999999837252580292545900420009274967014789581298828125,0.000000001012991254,7770870,2019-06-27 11:01:57,btc,0.5224632194314677,0.0,0.000008509999999999999837252580292545900420009274967014789581298828125,btc,1928.78278592,1.181378e-06,0.0035093216159442,18
0,[],2,[],2019-01-20 23:24:19,0.0,0,0,6476924,2019-01-20 23:24:19,,0.0,0.0,0,,0.0,0.0,0.0,19
1,[],3,[],2019-06-27 11:03:58,151853.93022340556,0.0000064200000000000003659334120442725435395914246328175067901611328125,0.0000000007642072680000001,7770871,2019-06-27 11:03:58,btc,193.09552396506743,16784.9873264,0.0000064200000000000003659334120442725435395914246328175067901611328125,btc,18735.406047240685,0.0,0.0482011996250897,19
1,[],4,[],2019-06-27 11:03:58,225220.54900118,0.00000700,0.0000000008332478000000001,7770872,2019-06-27 11:03:58,btc,4.52464659759479,0.0,0.00000700,btc,237257.07781558,0.46653294,0.8930776258150189,19
1,[],5,[],2019-06-27 11:03:59,0.0,0,0,7770873,2019-06-27 11:03:59,btc,0.0,0.0105485,0,btc,0.0,0.0,0.0,19
1,[],12,[],2019-06-27 11:04:01,107182.63031079,0.0000060599999999999995775427918953681682978640310466289520263671875,0.000000000721354524,7770874,2019-06-27 11:04:01,btc,1.205379694375581,0.0,0.0000060599999999999995775427918953681682978640310466289520263671875,btc,3008.56634116,3.03e-05,0.0096625499998135,19
0,[],27,[],2019-06-27 11:04:07,0.0,0,0,7770875,2019-06-27 11:04:07,,0.0,0.0,0,btc,0.0,0.0,0.0,19
1,[],4,[],2019-06-27 11:04:08,10071183.5721973,0.00000005,0.00000000000595177,7770876,2019-06-27 11:04:08,btc,5.167998863111745,0.0,0.00000005,btc,2252055.32861253,0.00297019,0.1164441385301316,20
0,[],17,[],2019-05-03 00:53:51,0.0,0,0,7558891,2019-05-03 00:53:51,btc,0.0,0.0,0,btc,0.0,0.0,0.0,21
0,[],4,[],2019-06-27 11:04:09,0.0,0,0,7770877,2019-06-27 11:04:09,,12551.383051266384,0.0,0,,81716191.35940409,0.0,0.0,21
0,[],12,[],2019-06-27 11:04:10,0.0,0,0,7770878,2019-06-27 11:04:10,btc,2602.952842246953,0.0,0,btc,8021263.49350646,0.0,0.0,21
0.000000000261702,[],27,[],2019-06-27 11:06:19,42993735.03796204,7.851060000000001e-18,9.345540675240002e-22,7770880,2019-06-27 11:06:19,eth,1071.80754600082,497939.96203796,0.00000003,eth,5796298.756,3.9093568164e-12,1.9217631823430228e-10,23
1,[],12,[],2019-06-27 11:06:12,5888857807.277,0.0000000004,0.00000000000004761416000000001,7770879,2019-06-27 11:06:12,btc,1426620275754.5562,0.0,0.0000000004,btc,2853912862.6218123,0.01894172513,1.4680621903108002,23
1,[],4,[],2019-06-22 05:45:29,6100414.07522138,0.00000017,0.00000000001823352,7751732,2019-06-22 05:45:29,btc,10.22685272773715,0.0,0.00000017,btc,1790815.48208265,0.0,0.1345450262400025,24
0,[],22,[],2019-06-22 05:45:31,0.0,0,0,7751733,2019-06-22 05:45:31,,6.22e-05,0.0,0,,517.4264705882352,0.0,0.0,24
0.0,[],25,[],2019-06-22 05:45:32,0.0,0,0,7751734,2019-06-22 05:45:32,,0.0,0.0,0.0,btc,0.0,0.0,0.0,24
1,[],4,[],2019-06-27 11:06:20,26928093.43804144,0.00000331,0.00000000039400717400000005,7770881,2019-06-27 11:06:20,btc,6.1685857032310665,0.0,0.00000331,btc,200106.54811341,0.11732484,0.3521665821564767,26
1,[],10,[],2019-06-27 11:06:22,130114.94575831,0.00000397,0.0000000004725705380000001,7770882,2019-06-27 11:06:22,btc,25.362419108538813,5810.49937124,0.00000397,btc,20543.18211606,0.0,0.0487021540035043,26
0,[],2,[],2019-01-20 23:25:56,0.0,0,0,6476976,2019-01-20 23:25:56,,0.0,0.0,0,,0.0,0.0,0.0,26
1,[],5,[],2019-04-26 09:47:06,0.0,0,0,7465326,2019-04-26 09:47:06,btc,0.0,0.0,0,btc,0.0,0.0,0.0,27
1,[],3,[],2019-06-17 14:30:26,13571825.64059417,0.00000001,0.00000000000092914,7740112,2019-06-17 14:30:26,btc,3.485049956644059,4264730.43754,0.00000001,btc,23500048.28518193,0.0,0.1357182564059417,27
1,[],11,[],2019-06-17 14:30:28,2031833.58157834,0.00000001,0.00000000000092914,7740113,2019-06-17 14:30:28,btc,67502.92060589766,32677.9652116,0.00000001,btc,6487362.95640949,0.0,0.0203183358157834,27
1,[],4,[],2019-06-27 11:06:23,419193902.6967539,0.00000001,0.0000000000011903540000000002,7770883,2019-06-27 11:06:23,btc,10.238038037807604,0.0,0.00000001,"btc,ltc",578602911.0190947,1.92489092,0.15362636597674723,29
1,[],7,[],2019-06-27 11:06:24,61830321.06552244,0.00000001,0.0000000000011903540000000002,7770884,2019-06-27 11:06:24,btc,46548272.27610489,19576506.2481,0.00000001,btc,40206050.91979263,0.19577052,0.6183032106552244,29
1,[],4,[],2019-06-27 11:06:25,15576391.6711687,0.00000003,0.0000000000035710620000000003,7770885,2019-06-27 11:06:25,btc,2.571363637303714,0.0,0.00000003,btc,2216808.16605611,0.00260452,0.1649378127887236,30
0,[],17,[],2019-05-03 01:11:25,0.0,0,0,7559066,2019-05-03 01:11:25,btc,0.0,0.0,0,btc,0.0,0.0,0.0,30
1,[],4,[],2019-06-27 11:08:26,210354.19664073,0.00002790,0.0000000033210876600000005,7770886,2019-06-27 11:08:26,btc,3.4242646263600722,0.0,0.00002790,btc,56672.89781751,0.73471453,0.2317146350628854,31
1,[],21,[],2019-06-27 11:08:27,773514.05800066,0.00002852000000000000137756993313,0.0000000033948896080000003,7770887,2019-06-27 11:08:27,btc,7.492178770709121,716743.57635513,0.00002852000000000000137756993312532216577892540954053401947021484375,btc,193912.12163649,21.65656329,3.488330229983743,31
0,[],2,[],2019-01-20 23:28:43,0.0,0,0,6477009,2019-01-20 23:28:43,,0.0,0.0,0,,0.0,0.0,0.0,32
0,[],4,[],2019-06-27 11:08:28,0.0,0,0,7770888,2019-06-27 11:08:28,,0.0,0.0,0,,0.0,0.0,0.0,33
1,[],12,[],2019-03-30 07:55:10,40641173.964,0.00000003,0.000000000001228359,7108785,2019-03-30 07:55:10,btc,4233210.82356125,0.0,0.00000003,btc,28378394.68333462,0.0126927883965248,0.90752895892,33
0.0000000000999325,[],4,[],2019-06-27 11:08:29,146505334.45938417,4.2970975e-17,5.115067197515001e-21,7770889,2019-06-27 11:08:29,ltc,4.523860017051884,0.0,0.00000043,ltc,163432369.81220227,0.0,5.559071543425395e-10,34
1,[],5,[],2019-06-27 11:08:30,0.0,0,0,7770890,2019-06-27 11:08:30,btc,0.0,0.0447168,0,btc,0.0,0.0,0.0,34
0.0000000002926451,[],17,[],2019-05-02 18:17:47,200000.0,2.9264510000000002e-18,1.596703856561e-22,7556430,2019-05-02 18:17:47,eth,0.20942468735267253,0.0,0.00000001,"btc,eth",1018272.20243647,0.0,5.852902e-13,36
0.0000000001311821,[],4,[],2019-05-31 13:28:19,2417517744.0607657,1.311821e-18,1.105058333085e-22,7717483,2019-05-31 13:28:19,ltc,5.019900492391546e-08,0.0,0.00000001,ltc,7102398142.262129,0.0,3.171350544531538e-09,36
1,[],5,[],2019-05-31 13:28:21,0.0,0,0,7717484,2019-05-31 13:28:21,btc,0.0,0.0,0,btc,0.0,0.0,0.0,36
0.0000000003108179,[],27,[],2019-05-31 13:30:34,10388811.226876,6.216358000000001e-18,5.236566733830001e-22,7717485,2019-05-31 13:30:34,eth,1569.8708019850988,761866.634299,0.00000002,"ltc,eth",5084024.2511555,4.736034912207001e-12,3.3251980286483705e-11,36
1,[],4,[],2019-06-25 10:05:55,10747826.61931615,0.00000014,0.000000000015920562,7762320,2019-06-25 10:05:55,btc,19773.05513423956,0.0,0.00000014,btc,682946.14349671,0.0006293,0.1362851255028938,37
1,[],12,[],2019-06-25 10:05:57,4167862.54235103,0.00000013,0.000000000014783379,7762321,2019-06-25 10:05:57,btc,7.381091518261743,0.0,0.00000013,btc,1713444.53926904,0.016313049979,0.1478110147956336,37
1,[],27,[],2019-06-25 10:08:02,10970.0,0.00000019,0.000000000021606477,7762322,2019-06-25 10:08:02,btc,22.62970013895233,0.0,0.00000019,btc,4298.824295,0.0,0.00167419,37
1,[],17,[],2019-05-03 01:11:36,211752.74075282,0.00000025,0.000000000013700074999999998,7559074,2019-05-03 01:11:36,btc,0.055484923955058496,0.0,0.00000025,"btc,eth",1387.19918473,0.0,0.0005381851887916605,37
1,[],5,[],2019-06-27 11:08:31,0.0,0,0,7770891,2019-06-27 11:08:31,btc,0.0,0.31202218,0,btc,0.0,0.0,0.0,42
1,[],12,[],2019-06-27 11:08:33,2032644.48998933,0.000001399999999999999936647356556240762159859514213167130947113037109375,0.00000000016664956000000002,7770892,2019-06-27 11:08:33,btc,524.5616569695537,0.0,0.000001399999999999999936647356556240762159859514213167130947113037109375,btc,138049.72002684,0.123751507883,0.0702183999999379,42
1,[],27,[],2019-06-27 11:08:39,683.0,0.00000140,0.00000000016664956000000002,7770893,2019-06-27 11:08:39,btc,0.07600425,0.0,0.00000140,"btc,eth",18.0,0.0,0.0005422,42
1,[],12,[],2019-03-13 09:13:29,1112112.0,0.00000001,0.000000000000386531,6919902,2019-03-13 09:13:29,btc,29058.00478931866,0.0,0.00000001,btc,5967681.93306694,9.99000999e-07,0.01112112,43
1,[],5,[],2019-04-26 22:38:52,0.0,0,0,7474154,2019-04-26 22:38:52,btc,0.0,0.02638891,0,btc,0.0,0.0,0.0,43
0,[],17,[],2019-04-26 22:38:53,0.0,0,0,7474155,2019-04-26 22:38:53,btc,0.0,0.0,0,btc,0.0,0.0,0.0,43
1,[],12,[],2019-03-05 01:54:08,639326.02,0.00000004,0.000000000001486676,6845775,2019-03-05 01:54:08,btc,11116042.728239931,0.0,0.00000004,btc,1103841.4595604,0.0003330765234764,0.014975410599999999,44
0.0000000000999325,[],4,[],2019-06-27 11:08:40,108351376.9511354,4.197165e-17,4.996112146410001e-21,7770894,2019-06-27 11:08:40,ltc,2762.2092376367796,0.0,0.00000042,ltc,26152413.39496898,0.0,4.709436998332882e-10,49
0.0000000000999325,[],4,[],2019-06-27 11:08:41,316747691.38699335,1.8987175000000002e-17,2.2601459709950004e-21,7770895,2019-06-27 11:08:41,ltc,28231.036048290774,0.0,0.00000019,ltc,196156205.66015875,0.0,1.8232102322096794e-09,52
0,[],22,[],2019-06-27 11:08:43,0.0,0,0,7770896,2019-06-27 11:08:43,,10289.80784133,0.0,0,,287058287.4566013,0.0,0.0,57
0,[],27,[],2019-06-27 11:08:51,0.0,0,0,7770897,2019-06-27 11:08:51,,0.0,0.0,0,"btc,eth",0.0,0.0,0.0,57
0,[],4,[],2019-06-27 11:08:53,0.0,0,0,7770898,2019-06-27 11:08:53,,19.71936178682119,0.0,0,,6089767882.372392,0.0,0.0,58
0,[],12,[],2019-06-27 11:08:54,0.0,0,0,7770899,2019-06-27 11:08:54,btc,53691816.43762488,0.0,0,btc,3403585172.8870697,0.040049020175,0.0,58
0.00000000007820550000000001,[],22,[],2019-06-27 11:10:57,126877.0,7.820550000000001e-19,9.309222974700002e-23,7770900,2019-06-27 11:10:57,XMR,68.17454206,0.0,0.00000001,XMR,9626402.6,0.0,0.00126877,58
1,[],17,[],2019-05-03 01:12:09,1200000.0,0.0000000001,0.00000000000000548003,7559085,2019-05-03 01:12:09,btc,1e+24,0.0,0.0000000001,"btc,eth",39516342.31952568,0.0,0.00010000000058666061,58
1,[],5,[],2019-06-17 14:31:27,0.0,0,0,7740135,2019-06-17 14:31:27,btc,0.0,0.00079154,0,btc,0.0,0.0,0.0,61
1,[],22,[],2019-06-17 14:31:30,13612.833333333334,0.00000012,0.00000000001114968,7740136,2019-06-17 14:31:30,BTC,1002.29123003,0.0,0.00000012,BTC,15014.200177125656,0.0,0.00153257,61
1,[],26,[],2019-06-17 14:31:30,0.0,0.00000050,0.000000000046457,7740137,2019-06-17 14:31:30,btc,0.0,0.0,0.00000050,btc,0.0,0.0,0.0,61
1,[],27,[],2019-06-17 14:31:36,8400.0,0.00000018,0.00000000001672452,7740138,2019-06-17 14:31:36,btc,1.9742539297246655,0.0,0.00000018,"btc,eth",10953.51663696,0.0,0.001512,61
0,[],28,[],2019-06-17 14:31:38,0.0,0,0,7740139,2019-06-17 14:31:38,,0.0,0.0,0,,0.0,0.0,0.0,61
1,[],4,[],2019-06-27 11:10:59,333612.14854966,0.00000066,0.000000000078563364,7770901,2019-06-27 11:10:59,btc,3.4725953534530953,0.0,0.00000066,btc,1303676.88002172,0.06457714,0.161921717420495,67
0.0,[],25,[],2019-06-27 11:11:00,0.0,0,0,7770902,2019-06-27 11:11:00,,0.0,0.0,0.0,btc,0.0,0.0,0.0,67
1,[],12,[],2019-06-02 06:23:14,910048.355,0.00000006,0.000000000005154929999999999,7725270,2019-06-02 06:23:14,btc,5.167005424215783,0.0,0.00000006,btc,738530.60239759,0.003159757462,0.0187188113,71
,[],5,[],2018-11-20 23:02:39,1.5e-07,0.00000005,0.000000000002128045,4862160,2018-11-20 23:02:39,btc,2.84511358,0.0,,btc,0.00036572,0.0,0.07381892,74
1,[],5,[],2019-06-27 11:11:02,0.0,0,0,7770903,2019-06-27 11:11:02,btc,0.0,0.01140973,0,btc,0.0,0.0,0.0,75
1,[],4,[],2019-06-04 03:25:15,715281.46076168,0.00000001,0.000000000000803619,7734085,2019-06-04 03:25:15,btc,581089.6218469425,0.0,0.00000001,btc,37692563.61091116,0.0,0.0071528146076168,81
0,[],20,[],2019-01-25 09:30:31,0.0,0,0,6495923,2019-01-25 09:30:31,btc,0.0,0.0,0,btc,0.0,0.0,0.0,81
1,[],4,[],2019-06-27 11:11:03,352425.30356357,0.00007199,0.000000008569358446000001,7770904,2019-06-27 11:11:03,btc,58.58904791230599,0.0,0.00007199,btc,120339.72914704,0.24673878,0.1592516262240921,82
1,[],21,[],2019-06-27 11:11:04,297495.29590152,0.00007576000000000000648200243480,0.000000009018121904000001,7770905,2019-06-27 11:11:04,btc,4.855976431075568,56664.59568496,0.000075760000000000006482002434804456925121485255658626556396484375,btc,47373.896686449996,4.32011691,2.3488302200127933,82
0,[],17,[],2019-03-25 22:42:34,0.0,0,0,7038780,2019-03-25 22:42:34,btc,0.0445064681804024,0.0,0,btc,995513.18476001,0.0,0.0,84
0.0000000001161485,[],4,[],2019-05-20 13:09:39,216715621.0206096,1.161485e-18,9.0533806701e-23,7657228,2019-05-20 13:09:39,ltc,1.6511566870244727,0.0,0.00000001,ltc,471032407.9048656,0.0,2.5171194308112273e-10,85
,[],22,[],2018-11-20 23:09:34,3408.1,0.0000001,0.0000000000041895,4862324,2018-11-20 23:09:34,BTC,0.04624735,0.0,,BTC,4990.0,0.0,0.00033081,86
1,[],22,[],2019-06-26 09:07:19,62694.0,0.00000005,0.0000000000063518149999999994,7766682,2019-06-26 09:07:19,BTC,1.85249053,0.0,0.00000005,BTC,287024.94736842107,0.0003,0.00062846,87
1,[],27,[],2019-06-26 09:07:25,361781.0,0.0000002,0.000000000025407259999999998,7766683,2019-06-26 09:07:25,btc,19.86923154858,99950.0,0.0000002,btc,548343.482,0.01999,0.01237888,87
,[],2,[],2018-11-20 23:10:47,0.0,0,0,4862359,2018-11-20 23:10:47,,0.0,0.0,,,0.0,0.0,0.0,88
1,[],11,[],2019-06-17 14:31:59,193715.3529613,0.000073310000000000001140094962881477158589405007660388946533203125,0.00000000681152534,7740147,2019-06-17 14:31:59,btc,168.35454702024953,5791.70569014,0.000073310000000000001140094962881477158589405007660388946533203125,btc,196971.41170107,0.0,1.1996165759440112,89
0,[],2,[],2019-01-20 23:31:45,0.0,0,0,6477083,2019-01-20 23:31:45,,0.0,0.0,0,,0.0,0.0,0.0,91
1,[],12,[],2019-06-18 02:35:48,427715.74,0.00000015,0.000000000013911045000000001,7746087,2019-06-18 02:35:48,btc,116.61022144471085,0.0,0.00000015,btc,193315.55943968,0.000180759303,0.0129558314,91
1,[],22,[],2019-06-20 20:27:07,75910.0,0.00000002,0.000000000001914908,7746207,2019-06-20 20:27:07,BTC,0.49565371,0.0,0.00000002,"BTC,LTC",6.384990670617935,0.0,0.0016592,91
0,[],17,[],2019-05-03 01:12:26,0.0,0,0,7559096,2019-05-03 01:12:26,btc,0.0,0.0,0,btc,0.0,0.0,0.0,91
1,[],22,[],2019-06-27 11:11:08,105655.66666666667,0.00000003,0.0000000000035710620000000003,7770906,2019-06-27 11:11:08,BTC,11.48182956,0.0,0.00000003,"BTC,LTC",315261.4683191416,0.0,0.06677967,95
0.0000000000999325,[],4,[],2019-06-27 11:11:09,538249422.3976235,3.2977725000000005e-17,3.925516686465001e-21,7770907,2019-06-27 11:11:09,ltc,10.92535870939619,0.0,0.00000033,ltc,153055827.60275128,0.0,6.779121746016865e-10,96
0,[],12,[],2019-06-27 11:11:10,0.0,0,0,7770908,2019-06-27 11:11:10,btc,36.38288093448551,0.0,0,btc,9955245.448551439,7.5644356e-05,0.0,96
0,[],17,[],2019-05-03 01:12:32,0.0,0,0,7559100,2019-05-03 01:12:32,btc,0.0,0.0,0,btc,0.0,0.0,0.0,96
1,[],4,[],2019-04-14 03:32:46,1039404.33283278,0.00000038,0.000000000019245518,7293458,2019-04-14 03:32:46,btc,4.170086055365747,0.0,0.00000038,btc,3097704.34561074,0.06260606,0.1859928211030784,99
1,[],4,[],2019-06-27 11:13:11,170538.33522555,0.00001250,0.0000000014879425000000001,7770909,2019-06-27 11:13:11,btc,7.714666961379636,0.0,0.00001250,btc,164931.79521732,0.26767824,0.1820206586634188,100
0,[],2,[],2019-01-20 23:23:55,0.0,0,0,6476914,2019-01-20 23:23:55,,0.0,0.0,0,,0.0,0.0,0.0,100
1,[],22,[],2019-06-05 06:30:35,150000.0,0.00000002,0.000000000001558192,7740007,2019-06-05 06:30:35,BTC,28.56386409,0.0,0.00000002,BTC,12787.719,0.0,0.0017,101
1,[],4,[],2019-06-27 11:13:11,434640.04650413,0.00000149,0.00000000017736274600000002,7770910,2019-06-27 11:13:11,btc,882.8502757162956,0.0,0.00000149,btc,745344.23174282,0.02434119,0.0731529565756764,103
1,[],12,[],2019-06-17 14:32:14,179201505.10870332,0.000000005,0.00000000000046457,7740154,2019-06-17 14:32:14,btc,113577.79366343976,0.0,0.000000005,btc,79148141.67831126,0.019059029059,0.27280986350611003,105
1,[],27,[],2019-06-17 14:32:19,18306828.03496503,0.00000002,0.00000000000185828,7740155,2019-06-17 14:32:19,btc,180.7198218385489,1083.96503497,0.00000002,btc,276513.60142659,7.588e-05,0.3661365606993006,105
1,[],22,[],2019-04-21 00:17:26,21333.0,0.00000001,0.000000000000532493,7385819,2019-04-21 00:17:26,BTC,51.38182867,0.0,0.00000001,BTC,470435.0,0.0,0.00021333,107
1,[],26,[],2019-04-21 00:17:26,0.0,0.00000000,0,7385820,2019-04-21 00:17:26,btc,0.0,0.0,0.00000000,btc,0.0,0.0,0.0,107
1,[],5,[],2019-06-27 11:13:14,0.0,0,0,7770911,2019-06-27 11:13:14,btc,0.0,0.0,0,btc,0.0,0.0,0.0,112
0,[],22,[],2019-06-27 11:13:16,0.0,0,0,7770912,2019-06-27 11:13:16,,6.79500102,0.0,0,,3375892.0833333335,0.0,0.0,112
1,[],27,[],2019-06-27 11:13:24,1.0,0.00000001,0.0000000000011903540000000002,7770913,2019-06-27 11:13:24,btc,0.0,0.0,0.00000001,"btc,eth",0.0,0.0,1e-08,112
1,[],4,[],2019-06-27 11:13:24,941698.6622893,0.00000049,0.000000000058327346,7770914,2019-06-27 11:13:24,btc,6.59233618358852,0.0,0.00000049,btc,1007433.22866106,0.03864645,0.1060983427462967,113
1,[],5,[],2019-06-27 11:13:25,0.0,0,0,7770915,2019-06-27 11:13:25,btc,0.0,0.0,0,btc,0.0,0.0,0.0,113
1,[],17,[],2019-04-26 02:17:47,162738.278,0.00000004,0.0000000000021069000000000002,7461287,2019-04-26 02:17:47,btc,1.3331140273775473,0.0,0.00000004,btc,51796.221,0.0,0.00230953112,116
1,[],27,[],2019-05-22 05:13:01,210000.0,0.00000001,0.00000000000079145,7666372,2019-05-22 05:13:01,btc,3919.0005001478,0.0,0.00000001,btc,128660.871,0.0,0.0021,116
1,[],4,[],2019-05-21 22:31:11,138169.03963019,0.00000701,0.000000000558364025,7664793,2019-05-21 22:31:11,btc,150.95388250938234,0.0,0.00000701,btc,344631.17141974,0.07552974,0.4288357684941946,120
1,[],7,[],2019-05-21 22:31:12,3901.07750076,0.000010679999999999999389654892212320191902108490467071533203125,0.0000000008506887,7664794,2019-05-21 22:31:12,btc,231188.94669936574,0.0,0.000010679999999999999389654892212320191902108490467071533203125,btc,4133.83151364,0.0,0.0113888422364489,120
1,[],20,[],2019-04-07 18:42:29,1914137.0852,0.000000035,0.0000000000017871910000000002,7211992,2019-04-07 18:42:29,btc,32.2497668025648,25528.85,0.000000035,btc,1001975.4986,0.00089350975,0.0152723574729,125
1,[],22,[],2019-06-17 14:32:38,10000.0,0.00000001,0.00000000000092914,7740161,2019-06-17 14:32:38,BTC,0.032061,0.0,0.00000001,BTC,299316.7611111111,0.0,0.0001,126
1,[],4,[],2019-06-27 11:13:26,1178673.31321971,0.00000283,0.000000000336870182,7770916,2019-06-27 11:13:26,btc,2.3995240834808977,0.0,0.00000283,btc,174765.62878193,0.0590413,0.6326425986509499,131
0,[],2,[],2019-01-20 23:25:46,0.0,0,0,6476969,2019-01-20 23:25:46,,0.0,0.0,0,,0.0,0.0,0.0,131
1,[],17,[],2019-05-03 01:13:10,10000.0,0.00000001,0.000000000000548003,7559115,2019-05-03 01:13:10,btc,0.0953976503951408,0.0,0.00000001,btc,5037.62507334,0.0,0.0001,131
1,[],4,[],2019-06-17 14:32:42,4848.49465417,0.00007919,0.00000000735785966,7740163,2019-06-17 14:32:42,btc,0.9905723729472744,0.0,0.00007919,btc,202.13055914,0.0,0.0061509344290166,135
1,[],3,[],2019-06-05 06:33:11,40600.27748212,0.00000001,0.000000000000779096,7740019,2019-06-05 06:33:11,btc,0.2308097808993716,2146378.52189,0.00000001,btc,2477992.76904676,0.0,0.0004060027748212,136
1,[],4,[],2019-06-27 11:15:27,815273.1914702,0.00000137,0.00000000016307849800000002,7770917,2019-06-27 11:15:27,btc,112.0120236946227,0.0,0.00000137,btc,493631.1677899,0.08278161,0.3049654161925273,137
1,[],12,[],2019-06-27 11:15:29,63433.84268367,0.000001610000000000000043611490287143173105732785188592970371246337890625,0.00000000019164699400000001,7770918,2019-06-27 11:15:29,btc,80.24180050467828,0.0,0.000001610000000000000043611490287143173105732785188592970371246337890625,btc,83174.92097078,1.61e-06,0.0100150799999599,137
1,[],4,[],2019-06-27 11:15:30,400394.23761296,0.00001052,0.0000000012522524080000002,7770919,2019-06-27 11:15:30,btc,6.049921886354922,0.0,0.00001052,btc,168814.74875299,0.37337414,0.1600524987211561,142
1,[],5,[],2019-06-27 11:15:31,0.0,0,0,7770920,2019-06-27 11:15:31,btc,0.0,0.05755409,0,btc,0.0,0.0,0.0,142
1,[],20,[],2019-06-27 11:17:33,271062.271,0.000010133,0.0000000012061857082,7770921,2019-06-27 11:17:33,btc,1.6105816331167,71.3191,0.000010133,btc,10022.5864,0.0007465826375,0.0065922773445,142
1,[],22,[],2019-06-27 11:17:36,10820.0,0.00000600,0.0000000007142124000000001,7770922,2019-06-27 11:17:36,BTC,2.99759384,0.0,0.00000600,BTC,835.7198755539798,0.0,0.0053672,142
0.0,[],25,[],2019-06-27 11:17:38,0.0,0,0,7770923,2019-06-27 11:17:38,,0.0,0.0,0.0,btc,0.0,0.0,0.0,142
0,[],28,[],2019-06-27 11:17:40,0.0,0,0,7770924,2019-06-27 11:17:40,,0.0,0.0,0,,0.0,0.0,0.0,142
1,[],17,[],2019-05-03 01:13:16,32967.38636364,0.00000088,0.000000000048224264,7559122,2019-05-03 01:13:16,btc,20.06976206696776,0.0,0.00000088,btc,2746.079105,0.0,0.0105613000000032,142
0,[],22,[],2019-06-27 11:17:42,0.0,0,0,7770925,2019-06-27 11:17:42,,1635.98618676,0.0,0,,788450755.3,0.0,0.0,143
0,[],22,[],2019-02-25 15:42:22,0.0,0,0,6783783,2019-02-25 15:42:22,,4.2131946,0.0,0,,2322156.0,0.0,0.0,146
,[],22,[],2018-11-20 23:01:11,0.0,0,0,4862114,2018-11-20 23:01:11,,2.56807021,0.0,,,61828.4988236,0.0,0.0,147
1,[],12,[],2019-04-21 06:38:04,193091.5971266,0.00000071,0.000000000037635183,7388679,2019-04-21 06:38:04,btc,2.301232411611175,0.0,0.00000071,btc,9957.48302385,0.00023528,0.0313308199999888,148
1,[],4,[],2019-03-19 21:31:25,255810.0415942,0.00000029,0.000000000011615747,6982695,2019-03-19 21:31:25,btc,218.94922712414143,0.0,0.00000029,btc,793529.37642722,0.00117,0.0608347789473395,152
0,[],22,[],2019-03-19 21:31:27,0.0,0,0,6982696,2019-03-19 21:31:27,,0.0,0.0,0,,0.0,0.0,0.0,152
1,[],5,[],2019-04-26 09:36:59,0.0,0,0,7465040,2019-04-26 09:36:59,btc,0.0,0.0,0,btc,0.0,0.0,0.0,153
,[],16,[],2019-01-11 15:38:59,0.0,0,0,6366141,2019-01-11 15:38:59,btc,0.0,0.0,,btc,0.0,0.0,0.0,155
0,[],23,[],2019-01-20 23:24:29,0.0,0,0,6476932,2019-01-20 23:24:29,,0.0,0.0,0,,0.0,0.0,0.0,156
0,[],22,[],2019-06-04 06:02:09,0.0,0,0,7734688,2019-06-04 06:02:09,,7.43375324,0.0,0,,5955762.942592593,0.0,0.0,156
1,[],22,[],2019-06-27 11:17:47,6996.0,0.00000001,0.0000000000011903540000000002,7770926,2019-06-27 11:17:47,BTC,1.7543039,0.0,0.00000001,BTC,57.0,0.0,6.996e-05,157
0,[],22,[],2019-05-21 23:40:32,0.0,0,0,7665049,2019-05-21 23:40:32,,50234.60468402,0.0,0,,54786159.03179465,0.0,0.0,158
,[],17,[],2018-11-20 22:56:10,0.0,0,0,4861976,2018-11-20 22:56:10,btc,1.1265625,0.0,,btc,1000.0,0.0,0.0,159
,[],20,[],2018-11-20 22:56:12,0.0,0,0,4861977,2018-11-20 22:56:12,btc,11912.7940471,0.0,,btc,34413894.3617,0.0,0.0,159
1,[],12,[],2019-05-24 02:51:20,9178.522006449999,0.00000191999999999999982841307998027158276954651228152215480804443359375,0.000000000151222656,7676256,2019-05-24 02:51:20,btc,149.80414728631675,0.0,0.00000191999999999999982841307998027158276954651228152215480804443359375,btc,1115.7451448499999,0.01783167678326,0.0120075778999181,168
1,[],17,[],2019-05-03 01:13:36,42852.0,0.00000002,0.000000000001096006,7559132,2019-05-03 01:13:36,btc,0.04279856251542,0.0,0.00000002,btc,274.46171372,0.0,0.00052852,168
1,[],22,[],2019-05-17 03:01:52,10.0,0.00000001,0.000000000000778341,7642059,2019-05-17 03:01:52,BTC,41.95893009,0.0,0.00000001,BTC,1753972.7737547632,0.0,1e-07,169
1,[],22,[],2019-05-30 08:38:18,202834.0,0.00000002,0.0000000000017416160000000001,7711049,2019-05-30 08:38:18,BTC,27.87002826,0.0,0.00000002,BTC,462189.5410507793,0.0,0.00211768,171
1,[],22,[],2019-05-29 08:05:18,349870.0,0.00000002,0.000000000001705894,7705265,2019-05-29 08:05:18,BTC,24.05907723,0.0,0.00000002,"BTC,LTC",1224285.4355616204,0.0,0.0039847,173
1,[],5,[],2019-06-27 11:17:48,0.0,0,0,7770927,2019-06-27 11:17:48,btc,0.0,0.00179691,0,btc,0.0,0.0,0.0,175
1,[],22,[],2019-06-17 14:33:12,90671.0,0.00000001,0.00000000000092914,7740175,2019-06-17 14:33:12,BTC,394.35459412,0.0,0.00000001,BTC,136275.61833431243,0.0,0.00090671,176
1,[],7,[],2019-06-27 11:17:50,0.0,0,0,7770928,2019-06-27 11:17:50,btc,521516.243407432,0.0,0,btc,27713522.85351229,0.0,0.0,178
0,[],22,[],2019-06-27 11:17:52,0.0,0,0,7770929,2019-06-27 11:17:52,,1.00242428,0.0,0,,57512.0,0.0,0.0,178
0,[],2,[],2019-01-20 23:28:34,0.0,0,0,6477001,2019-01-20 23:28:34,,0.0,0.0,0,,0.0,0.0,0.0,178
1,[],5,[],2019-06-27 11:17:54,0.0,0,0,7770930,2019-06-27 11:17:54,btc,0.0,0.00073997,0,btc,0.0,0.0,0.0,179
0,[],22,[],2019-06-27 11:17:56,0.0,0,0,7770931,2019-06-27 11:17:56,,9.34623917,0.0,0,,14491075.311946675,0.0,0.0,179
0,[],23,[],2019-01-20 23:25:08,0.0,0,0,6476952,2019-01-20 23:25:08,,0.0,0.0,0,,0.0,0.0,0.0,179
1,[],22,[],2019-06-27 11:20:00,698693.9613636363,0.0000004,0.00000000004761416,7770932,2019-06-27 11:20:00,BTC,40.60617726,0.0,0.0000004,"BTC,LTC",160525.44444646587,0.00195561,0.56248106,180
1,[],26,[],2019-06-27 11:20:00,0.0,0.00000010,0.00000000001190354,7770933,2019-06-27 11:20:00,btc,0.0,0.0,0.00000010,btc,0.0,0.0,0.0,180
1,[],17,[],2019-05-03 01:13:56,20504.725000000002,0.0000001,0.00000000000548003,7559141,2019-05-03 01:13:56,btc,5.2010695838400265,0.0,0.0000001,btc,5033.45945,0.0,0.0011504725,180
,[],7,[],2018-11-20 22:58:01,562227.975654,0.00000085,0.000000000036176765,4862015,2018-11-20 22:58:01,btc,21836.6059674,2491.87645172,,btc,749999.041456,0.00211021,0.127565380455,183
,[],5,[],2019-01-10 08:11:41,0.0,0,0,6347036,2019-01-10 08:11:41,btc,82.15055501,0.00261,,btc,1.19002445,0.0,0.0,187
,[],17,[],2018-11-16 20:58:10,4062536.27273,0.00000001,0.000000000000550501,4708775,2018-11-16 20:58:10,btc,3.36492563466,0.195460381006,,"btc,eth",110697919.549,0.0,0.0157628953496,187
1,[],24,[],2019-05-22 21:04:52,0.0,0.000000000014,0.0000000000000010960978,7670219,2019-05-22 21:04:52,btc,0.0,0.0,0.000000000014,btc,0.0,0.0,0.0,187
0,[],22,[],2019-04-25 02:54:07,0.0,0,0,7447896,2019-04-25 02:54:07,,7.54794454,0.0,0,,76361.7243344055,0.0,0.0,191
0,[],22,[],2019-06-17 14:33:34,0.0,0,0,7740182,2019-06-17 14:33:34,,0.0,0.0,0,,0.0,0.0,0.0,197
0,[],23,[],2019-01-20 23:31:41,0.0,0,0,6477079,2019-01-20 23:31:41,,0.0,0.0,0,,0.0,0.0,0.0,199
0,[],22,[],2019-06-27 11:20:07,0.0,0,0,7770934,2019-06-27 11:20:07,,10.58263174,0.0,0,,84280969.0,0.0,0.0,199
1,[],26,[],2019-06-27 11:20:07,0.0,0.00000000,0,7770935,2019-06-27 11:20:07,btc,0.0,0.0,0.00000000,btc,0.0,0.0,0.0,199
0,[],2,[],2019-01-20 23:30:49,0.0,0,0,6477059,2019-01-20 23:30:49,,0.0,0.0,0,,0.0,0.0,0.0,201
1,[],4,[],2019-01-25 15:51:35,2084389.58565343,0.00000936,0.000000000333526752,6499557,2019-01-25 15:51:35,btc,2.0092503037378524,0.0,0.00000936,btc,160195.80207885,0.19272417,1.242687955921835,211
1,[],7,[],2019-06-27 11:20:09,1170054124.6898527,0.00000018,0.000000000021426372000000003,7770936,2019-06-27 11:20:09,btc,1346838.6258339162,0.0,0.00000018,btc,5739479.26464841,0.0,11.954344045954047,212
1,[],12,[],2019-01-25 02:44:32,207462.42853209,0.000001080000000000000035831255497387193287295303889550268650054931640625,0.000000000038610756000000006,6493050,2019-01-25 02:44:32,btc,85023.03793723314,0.0,0.000001080000000000000035831255497387193287295303889550268650054931640625,btc,43675.73520027,0.000146250909087,0.0348620860622024,213
1,[],5,[],2019-05-30 00:07:46,0.0,0,0,7709357,2019-05-30 00:07:46,btc,0.0,0.06425239,0,btc,0.0,0.0,0.0,213
1,[],24,[],2019-05-30 00:07:46,0.0,0.000000399202,0.0000000000344859829346,7709358,2019-05-30 00:07:46,btc,0.0,0.0,0.000000399202,btc,0.0,0.0,0.0,213
1,[],26,[],2019-05-30 00:07:47,0.0,0.00000040,0.000000000034554919999999996,7709359,2019-05-30 00:07:47,btc,0.0,0.0,0.00000040,btc,0.0,0.0,0.0,213
0,[],22,[],2019-06-27 11:20:12,0.0,0,0,7770937,2019-06-27 11:20:12,,9.56923849,0.0,0,,3661587.2040649247,0.0,0.0,216
0,[],27,[],2019-06-27 11:20:20,0.0,0,0,7770938,2019-06-27 11:20:20,,1949.4037973191976,915.0,0,"btc,ltc",445700.29534794,9.15e-06,0.0,216
1,[],22,[],2019-06-27 11:20:23,898610.5666666667,0.0000002,0.00000000002380708,7770939,2019-06-27 11:20:23,BTC,12055.86401537,0.0,0.0000002,BTC,549725.3692381785,0.0012356,0.02732376,217
1,[],7,[],2019-06-27 11:20:24,0.0,0,0,7770940,2019-06-27 11:20:24,btc,2123800.2774640615,0.0,0,btc,82333746.4752352,0.0,0.0,219
0,[],27,[],2019-06-27 11:20:30,0.0,0,0,7770941,2019-06-27 11:20:30,,250.21442758069674,0.0,0,btc,146772.535837,0.0,0.0,219
0,[],28,[],2019-06-27 11:20:31,0.0,0,0,7770942,2019-06-27 11:20:31,,0.0,0.0,0,,0.0,0.0,0.0,219
0,[],22,[],2019-06-26 23:36:41,0.0,0,0,7769178,2019-06-26 23:36:41,,56.75439223,0.0,0,,184664.6482738741,0.0,0.0,221
1,[],24,[],2019-06-26 23:36:41,0.0,0.000000030000,0.000000000003835668,7769179,2019-06-26 23:36:41,btc,0.0,0.0,0.000000030000,btc,0.0,0.0,0.0,221
1,[],20,[],2019-06-17 14:34:11,26882155.8301,0.000000003,0.000000000000278742,7740192,2019-06-17 14:34:11,btc,100050.81956632523,233521.3529,0.000000003,btc,38769742.8604,0.0007925640587,0.0306863532672,224
0,[],22,[],2019-06-17 14:34:13,0.0,0,0,7740193,2019-06-17 14:34:13,,0.0,0.0,0,,0.0,0.0,0.0,224
1,[],26,[],2019-06-27 11:20:31,0.0,0.00000022,0.000000000026187788,7770943,2019-06-27 11:20:31,btc,0.0,0.0,0.00000022,btc,0.0,0.0,0.0,231
1,[],26,[],2019-06-27 11:20:32,0.0,0.00000005,0.00000000000595177,7770944,2019-06-27 11:20:32,btc,0.0,0.0,0.00000005,btc,0.0,0.0,0.0,234
0.000000000261702,[],27,[],2019-06-27 11:20:39,100.0,2.6170200000000003e-18,3.1151802250800003e-22,7770945,2019-06-27 11:20:39,eth,0.0,0.0,0.00000001,"btc,eth",0.0,0.0,2.6170200000000003e-16,234
1,[],4,[],2019-05-22 17:06:12,91780.56053785,0.00000078,0.000000000061977552,7669277,2019-05-22 17:06:12,btc,5.573372450018177,0.0,0.00000078,btc,729173.93529783,0.0,0.0307060663355679,236
1,[],24,[],2019-05-22 17:06:12,0.0,0.000000010000,0.000000000000794584,7669278,2019-05-22 17:06:12,btc,0.0,0.0,0.000000010000,btc,0.0,0.0,0.0,236
1,[],5,[],2019-06-27 11:20:40,0.0,0,0,7770946,2019-06-27 11:20:40,btc,0.0,1.57096957,0,btc,0.0,0.0,0.0,237
1,[],22,[],2019-06-27 11:20:46,2084614.0,0.00000004,0.000000000004761416000000001,7770947,2019-06-27 11:20:46,BTC,1.20112188,0.0,0.00000004,"BTC,LTC",14507.148717948718,0.0,0.02587451,237
1,[],20,[],2019-06-27 10:23:01,123195869.9215,0.000000058,0.0000000000068806908,7770829,2019-06-27 10:23:01,btc,8172548.854972527,19219526.1245,0.000000058,btc,46056563.2476,1.2902280846627,0.5938792738062,237
1,[],4,[],2019-06-27 11:20:47,31790036.60000155,0.00000005,0.00000000000595177,7770948,2019-06-27 11:20:47,btc,2.3804875127513436,0.0,0.00000005,btc,11354667.81830419,0.10435279,0.5527299725334099,238
1,[],5,[],2019-06-27 11:20:48,0.0,0,0,7770949,2019-06-27 11:20:48,btc,0.0,0.03691061,0,btc,0.0,0.0,0.0,238
0,[],22,[],2019-03-12 16:49:32,0.0,0,0,6914458,2019-03-12 16:49:32,,0.40415746,0.0,0,,526736.5639027493,0.0,0.0,249
0,[],22,[],2019-05-28 23:53:45,0.0,0,0,7703643,2019-05-28 23:53:45,,13.44714864,0.0,0,,43777534.3426455,0.0,0.0,252
0,[],28,[],2019-06-27 11:20:50,0.0,0,0,7770950,2019-06-27 11:20:50,,0.0,0.0,0,,0.0,0.0,0.0,256
1,[],22,[],2019-06-27 11:20:53,526932.0,0.00000001,0.0000000000011903540000000002,7770951,2019-06-27 11:20:53,BTC,31464.57209997,0.0,0.00000001,BTC,1031955.2230878276,0.00012462,0.00526932,258
1,[],22,[],2019-05-19 18:12:02,400.0,0.00000001,0.0000000000007957800000000001,7653905,2019-05-19 18:12:02,BTC,2.415167,0.0,0.00000001,BTC,157.0,0.0,4e-06,259
1,[],5,[],2019-06-27 11:20:54,0.0,0,0,7770952,2019-06-27 11:20:54,btc,0.0,0.00063372,0,btc,0.0,0.0,0.0,264
1,[],20,[],2019-06-27 11:20:56,933376.7179,0.000000175,0.000000000020831195000000002,7770953,2019-06-27 11:20:56,btc,1.0498039366657,444.8728,0.000000175,btc,33665.6188,7.785274e-05,0.0055270800155,264
0,[],22,[],2019-04-12 17:57:27,0.0,0,0,7278186,2019-04-12 17:57:27,,66.37522201,0.0,0,,677842.4169881374,0.0,0.0,271
0,[],22,[],2019-06-27 11:20:58,0.0,0,0,7770954,2019-06-27 11:20:58,,33050469.74148113,0.0,0,,14261527780.7,0.0,0.0,272
0,[],28,[],2019-06-27 11:20:59,0.0,0,0,7770955,2019-06-27 11:20:59,,0.0,0.0,0,,0.0,0.0,0.0,272
1,[],22,[],2019-05-23 07:12:29,219930.0,0.00000004,0.000000000003048688,7671985,2019-05-23 07:12:29,BTC,426.77835217,0.0,0.00000004,BTC,248664.3325962929,0.0,0.00739728,281
0.0000000000999325,[],22,[],2019-06-27 11:21:04,4541.1,9.993250000000001e-17,1.1895505110500002e-20,7770956,2019-06-27 11:21:04,LTC,4.68189797,0.0,0.00000100,LTC,1104716.9657646376,0.0,0.0045411,286
0,[],22,[],2019-06-17 14:34:53,0.0,0,0,7740207,2019-06-17 14:34:53,,7337915.80475575,0.0,0,,2078527309.6797826,0.0,0.0,294
