pairValue,buyBook,exchangeId,sellBook,updated,buyTotal,satoshiPrice,usdPrice,exchangeLogId,created,bestPair,sellTotalBtc,volume,pairPrice,activePairs,sellTotal,volumeBtc,buyTotalBtc,coinId
1,[],3,[],2019-05-30 00:37:32,66.581586249306,0.0108120100000000003703792827991492231376469135284423828125,0.0000009365568490190001,7709497,2019-05-30 00:37:32,btc,0.14900971965064858,45.8795143383,0.0108120100000000003703792827991492231376469135284423828125,btc,12.832921206535,0.0,0.2602784808555306,1
1,[],4,[],2019-05-30 00:37:33,207683.44080843,0.01085658,0.0000009404175871020001,7709498,2019-05-30 00:37:33,btc,7.7366137024569275,0.0,0.01085658,btc,309.28535547,1.59409787,0.6231141250452923,1
1,[],5,[],2019-05-30 00:37:36,0.0,0,0,7709499,2019-05-30 00:37:36,btc,0.0,0.00389977,0,btc,0.0,0.0,0.0,1
1,[],10,[],2019-05-30 00:37:38,312366.46633529,0.00656,0.000000568239664,7709500,2019-05-30 00:37:38,btc,6521.329040312933,1279.1751962,0.00656,btc,1340.81174696,0.0,2.2919064302037198,1
1,[],12,[],2019-05-30 00:37:41,75.35313877,0.010829999999999999349409307569658267311751842498779296875,0.0000009381151770000001,7709501,2019-05-30 00:37:41,btc,0.119964048772,0.0,0.010829999999999999349409307569658267311751842498779296875,btc,10.32674138,0.087770780993,0.272398818833,1
1,[],20,[],2019-05-30 00:37:43,973.2049,0.00920067,0.000000796979516673,7709502,2019-05-30 00:37:43,btc,0.2197214048073,25.9925,0.00920067,btc,16.9867,0.266251344778,0.1061544899608,1
1,[],21,[],2019-05-30 00:37:44,2489.23792082,0.01085875000000000034638958368,0.0000009406055566250001,7709503,2019-05-30 00:37:44,btc,11.33375360387993,4473.24298862,0.0108587500000000003463895836830488406121730804443359375,"btc,eth",1336.41385999,45.959559016800355,22.70083058475714,1
1,[],22,[],2019-05-30 00:37:47,0.0025666666666666667,0.00900000,0.0000007795971000000001,7709504,2019-05-30 00:37:47,BTC,0.31629903,0.0,0.00900000,BTC,0.2505752479991019,0.0,2.31e-05,1
1,[],24,[],2019-05-30 00:37:48,0.0,0.000000000000,0,7709505,2019-05-30 00:37:48,btc,0.0,0.0,0.000000000000,btc,0.0,0.0,0.0,1
0.0,[],25,[],2019-05-30 00:37:49,0.0,0,0,7709506,2019-05-30 00:37:49,btc,12.699999999521491,10783.99017694,0.0,btc,1085.18671933,117.996,0.0,1
1,[],26,[],2019-05-30 00:37:50,0.0,0,0,7709507,2019-05-30 00:37:50,,0.0,0.0,0,,0.0,0.0,0.0,1
0,[],28,[],2019-05-30 00:38:30,0.0,0,0,7709508,2019-05-30 00:38:30,,0.0,352181.1,0,,0.0,0.0,0.0,1
0,[],2,[],2019-01-20 23:28:45,0.0,0,0,6477011,2019-01-20 23:28:45,,0.0,0.0,0,,0.0,0.0,0.0,1
1,[],5,[],2019-05-30 00:38:32,0.0,0,0,7709509,2019-05-30 00:38:32,btc,0.0,0.02515449,0,btc,0.0,0.0,0.0,2
1,[],22,[],2019-05-30 00:38:35,11638.0,0.0000002,0.000000000017324380000000003,7709510,2019-05-30 00:38:35,BTC,21.00897301,0.0,0.0000002,"BTC,XMR",20678.87287795317,0.0,0.00145435,2
1,[],5,[],2019-05-30 00:38:37,0.0,0,0,7709511,2019-05-30 00:38:37,btc,0.0,0.04563541,0,btc,0.0,0.0,0.0,3
1,[],12,[],2019-05-30 00:38:39,880203.85347,0.000000098,0.0000000000084889462,7709512,2019-05-30 00:38:39,btc,169516.7538544416,0.0,0.000000098,btc,4646296.5593087,0.247458679917,0.04580831930006,3
0,[],28,[],2019-05-30 00:38:40,0.0,0,0,7709513,2019-05-30 00:38:40,,0.0,0.0,0,,0.0,0.0,0.0,3
0,[],2,[],2019-01-20 23:31:32,0.0,0,0,6477077,2019-01-20 23:31:32,,0.0,0.0,0,,0.0,0.0,0.0,4
1,[],4,[],2019-05-18 21:29:50,562734.9206932,0.00000010,0.000000000007298720000000001,7650946,2019-05-18 21:29:50,btc,41.9347137769675,0.0,0.00000010,btc,1123702.32192634,0.00052462,0.029254593370966,4
0,[],12,[],2019-05-30 00:11:06,0.0,0,0,7709399,2019-05-30 00:11:06,btc,625.866520484995,0.0,0,btc,1099325.4995005,0.0,0.0,5
0,[],2,[],2019-01-20 23:31:51,0.0,0,0,6477087,2019-01-20 23:31:51,,0.0,0.0,0,,0.0,0.0,0.0,6
1,[],11,[],2019-05-30 00:38:42,14173136.776736,0.00000002,0.000000000001732438,7709514,2019-05-30 00:38:42,btc,9578.193651006304,680490.0,0.00000002,btc,59536020.54660394,0.0,0.23900788276736,6
1,[],3,[],2019-05-30 00:38:43,12605.43562018379,0.0000888800000000000028389790518446034184307791292667388916015625,0.000000007698954472000001,7709515,2019-05-30 00:38:43,btc,0.13507276780746683,176.533509258,0.0000888800000000000028389790518446034184307791292667388916015625,btc,241.33295276451798,0.0,0.024967780579177486,7
1,[],4,[],2019-05-30 00:38:43,331407.64598571,0.00009003,0.000000007798569657000001,7709516,2019-05-30 00:38:43,btc,9.089084853933013,0.0,0.00009003,btc,54519.83668845,2.93815788,2.5629574002996436,7
1,[],5,[],2019-05-30 00:38:45,0.0,0,0,7709517,2019-05-30 00:38:45,btc,0.0,0.42033808,0,btc,0.0,0.0,0.0,7
1,[],20,[],2019-04-07 22:06:50,3201475.0482,0.000000001,0.000000000000051590000000000004,7213932,2019-04-07 22:06:50,btc,30.8005781811902,0.0,0.000000001,btc,23077405.3926,0.0,0.0032014750482,8
0,[],2,[],2019-01-20 23:22:42,0.0,0,0,6476876,2019-01-20 23:22:42,,0.0,0.0,0,,0.0,0.0,0.0,9
1,[],4,[],2019-05-30 00:38:47,20884964.78308093,0.00000050,0.00000000004331095,7709518,2019-05-30 00:38:47,btc,3.888822779074787,0.0,0.00000050,btc,3377188.95556527,0.31061862,0.5110842122194172,9
0,[],23,[],2019-01-20 23:22:48,0.0,0,0,6476878,2019-01-20 23:22:48,,0.0,0.0,0,,0.0,0.0,0.0,9
0,[],28,[],2019-05-30 00:39:26,0.0,0,0,7709519,2019-05-30 00:39:26,,0.0,3609497.0,0,,0.0,0.0,0.0,9
1,[],1,[],2019-02-17 23:31:42,1822507.21,0.00000181000000000000003456111265232042484285557293333113193511962890625,0.000000000066086901,6701244,2019-02-17 23:31:42,btc,3.6990969245,17153386.5,0.00000181000000000000003456111265232042484285557293333113193511962890625,btc,1997391.71,31.11772986,3.2610482446,9
1,[],4,[],2019-02-17 11:22:43,4341674.27126056,0.00000002,0.0000000000007272960000000001,6696112,2019-02-17 11:22:43,btc,0.1997230937751353,0.0,0.00000002,btc,4109766.79808031,0.00215132,0.0479381022052112,10
1,[],4,[],2019-05-30 00:39:28,7506060.92590465,0.00000048,0.000000000041578512,7709520,2019-05-30 00:39:28,btc,4.668634134653773,0.0,0.00000048,btc,4822029.9406837,0.72028862,1.254806658320292,12
1,[],5,[],2019-05-30 00:39:29,0.0,0,0,7709521,2019-05-30 00:39:29,btc,0.0,0.05366448,0,btc,0.0,0.0,0.0,12
0.0,[],25,[],2019-05-30 00:39:30,0.0,0,0,7709522,2019-05-30 00:39:30,,0.0,0.0,0.0,btc,0.0,0.0,0.0,12
0,[],2,[],2019-01-20 23:23:08,0.0,0,0,6476890,2019-01-20 23:23:08,,0.0,0.0,0,,0.0,0.0,0.0,12
1,[],4,[],2019-05-30 00:39:31,346361.47550066,0.00000581,0.0000000005032732390000001,7709523,2019-05-30 00:39:31,btc,1.8578214126046335,0.0,0.00000581,btc,237674.96953779,0.66993605,0.5461065273049373,13
1,[],10,[],2019-05-30 00:39:33,651062.8831114,0.00000573,0.0000000004963434870000001,7709524,2019-05-30 00:39:33,btc,666803.2528948574,5029.35201579,0.00000573,btc,861007.9851151,0.0,0.2381804257150037,13
1,[],21,[],2019-05-30 00:39:34,1872946.38351793,0.000005800000000000000372813759031,0.0000000005024070200000001,7709525,2019-05-30 00:39:34,btc,2.6492983153174277,216759.1259601,0.000005800000000000000372813759030865554677802720107138156890869140625,btc,407738.90038344,1.26003315,7.997400848495569,13
1,[],4,[],2019-05-30 00:39:34,859009.95370832,0.00000078,0.00000000006756508200000001,7709526,2019-05-30 00:39:34,btc,4.064212886586601,0.0,0.00000078,btc,795489.03579445,0.01382173,0.0438523987549713,14
1,[],12,[],2019-05-30 00:39:36,135368.00281164,0.00000087,0.000000000075361053,7709527,2019-05-30 00:39:36,btc,14.134792019548662,0.0,0.00000087,btc,21632.5685685,0.000408651119,0.0152093299999674,14
1,[],26,[],2019-05-30 00:41:36,0.0,0.00000050,0.00000000004331095,7709528,2019-05-30 00:41:36,btc,0.0,0.0,0.00000050,btc,0.0,0.0,0.0,14
0,[],17,[],2019-05-03 00:53:32,0.0,0,0,7558876,2019-05-03 00:53:32,btc,0.0,0.0,0,btc,0.0,0.0,0.0,14
0,[],4,[],2019-05-30 00:41:37,0.0,0,0,7709529,2019-05-30 00:41:37,,0.0,0.0,0,,0.0,0.0,0.0,15
,[],12,[],2018-12-01 15:15:48,204241.84496,0.00000489,0.000000000202473384,5260204,2018-12-01 15:15:48,btc,49.5475654835,0.0,,btc,35763.2193806,0.0163153972027625,0.0203389899998,15
1,[],4,[],2019-05-30 00:41:39,35563.60655744,0.00001138,0.000000000985757222,7709530,2019-05-30 00:41:39,btc,0.9650957726898959,0.0,0.00001138,btc,10543.94193701,0.04191488,0.0939593492491291,18
1,[],10,[],2019-05-30 00:41:41,494440.47306151,0.00001234,0.0000000010689142460000001,7709531,2019-05-30 00:41:41,btc,15.341874366710853,4504.15277894,0.00001234,btc,13392.46564481,0.0,0.1275810552882329,18
1,[],12,[],2019-05-30 00:41:42,3081.55968231,0.00001071000000000000079648961037737109336376306600868701934814453125,0.0000000009277205490000001,7709532,2019-05-30 00:41:42,btc,0.3996888775195107,0.0,0.00001071000000000000079648961037737109336376306600868701934814453125,btc,1355.34716176,0.000229937613,0.0122299110447695,18
0,[],2,[],2019-01-20 23:23:38,0.0,0,0,6476906,2019-01-20 23:23:38,,0.0,0.0,0,,0.0,0.0,0.0,18
0,[],17,[],2019-05-03 00:53:39,0.0,0,0,7558882,2019-05-03 00:53:39,btc,0.0,0.0,0,btc,0.0,0.0,0.0,18
1,[],3,[],2019-05-30 00:43:43,148845.88475706906,0.000008339999999999999770830018397393956774976686574518680572509765625,0.000000000722426646,7709533,2019-05-30 00:43:43,btc,0.1708967762715819,3754.77071591,0.000008339999999999999770830018397393956774976686574518680572509765625,btc,4330.65838724648,0.0,0.047989564984570604,19
1,[],4,[],2019-05-30 00:43:43,511465.6329599,0.00000806,0.0000000006981725140000001,7709534,2019-05-30 00:43:43,btc,3.603189674523603,0.0,0.00000806,btc,168057.44283366,0.47243523,0.4129138508422014,19
1,[],5,[],2019-05-30 00:43:45,0.0,0,0,7709535,2019-05-30 00:43:45,btc,0.0,0.01246359,0,btc,0.0,0.0,0.0,19
1,[],12,[],2019-05-30 00:43:45,15103.8538658,0.00000711999999999999959310326147488012793473899364471435546875,0.0000000006167479280000001,7709536,2019-05-30 00:43:45,btc,0.0587327697679687,0.0,0.00000711999999999999959310326147488012793473899364471435546875,btc,1927.18082631,0.0004984,0.027070359999445598,19
0,[],27,[],2019-05-30 00:43:50,0.0,0,0,7709537,2019-05-30 00:43:50,,0.0,0.0,0,btc,0.0,0.0,0.0,19
0,[],2,[],2019-01-20 23:24:19,0.0,0,0,6476924,2019-01-20 23:24:19,,0.0,0.0,0,,0.0,0.0,0.0,19
1,[],4,[],2019-05-30 00:43:51,10062076.88478525,0.00000007,0.000000000006063533,7709538,2019-05-30 00:43:51,btc,6.411239436602338,0.0,0.00000007,btc,2322306.93095912,0.0,0.1174938176872809,20
1,[],4,[],2019-05-30 00:43:51,72092660.2473748,0.00000001,0.000000000000866219,7709539,2019-05-30 00:43:51,btc,1741.6003611411804,0.0,0.00000001,btc,66860224.21973631,0.00010803,0.7209266024737481,21
1,[],12,[],2019-05-30 00:43:52,2397776.0,0.00000001,0.000000000000866219,7709540,2019-05-30 00:43:52,btc,1010.9711713328372,0.0,0.00000001,btc,5961673.6413586205,0.0004175,0.02397776,21
0,[],17,[],2019-05-03 00:53:51,0.0,0,0,7558891,2019-05-03 00:53:51,btc,0.0,0.0,0,btc,0.0,0.0,0.0,21
1,[],12,[],2019-05-30 00:45:54,5467241323.0,0.0000000003,0.00000000000002598657,7709541,2019-05-30 00:45:54,btc,708410087.2262707,0.0,0.0000000003,btc,3005579187.341658,0.118297982297,1.1704156248,23
0.0000000003123846,[],27,[],2019-05-30 00:45:58,156568645.72788173,9.371538e-18,8.117804274822e-22,7709542,2019-05-30 00:45:58,eth,1177.1143123257966,200692918.47773707,0.00000003,eth,70303873.87966673,2.507735082738204e-09,1.1846581277240552e-09,23
1,[],4,[],2019-05-30 00:46:00,1854038.65911916,0.00000018,0.000000000015591942,7709543,2019-05-30 00:46:00,btc,13.284101106572258,0.0,0.00000018,btc,2122361.17279482,0.01262027,0.0559147343644508,24
1,[],22,[],2019-05-30 00:46:03,21.76,0.00000100,0.0000000000866219,7709544,2019-05-30 00:46:03,BTC,7.415e-05,0.0,0.00000100,BTC,23.919354838709676,0.0,1.186e-05,24
0.0,[],25,[],2019-05-30 00:46:04,0.0,0,0,7709545,2019-05-30 00:46:04,,0.0,0.0,0.0,btc,0.0,0.0,0.0,24
1,[],4,[],2019-05-30 00:46:06,7645454.56851979,0.00000477,0.00000000041318646300000003,7709546,2019-05-30 00:46:06,btc,15.207378629244388,0.0,0.00000477,btc,255402.2074958,0.28090923,0.2902892286205719,26
1,[],10,[],2019-05-30 00:46:08,149374.28751136,0.00000578,0.000000000500674582,7709547,2019-05-30 00:46:08,btc,25.579767064734188,5415.77335936,0.00000578,btc,22455.90194355,0.0,0.0351920901602013,26
0,[],2,[],2019-01-20 23:25:56,0.0,0,0,6476976,2019-01-20 23:25:56,,0.0,0.0,0,,0.0,0.0,0.0,26
1,[],3,[],2019-05-30 00:46:09,18704198.0,0.00000001,0.000000000000866219,7709548,2019-05-30 00:46:09,btc,3.6497345988231165,15805607.3837,0.00000001,btc,22224941.34723299,0.0,0.18704198,27
1,[],11,[],2019-05-30 00:46:11,1070969.08157834,0.00000002,0.000000000001732438,7709549,2019-05-30 00:46:11,btc,67503.02945665807,19676.5543251,0.00000002,btc,6590405.9414731,0.0,0.0107207058157834,27
1,[],5,[],2019-04-26 09:47:06,0.0,0,0,7465326,2019-04-26 09:47:06,btc,0.0,0.0,0,btc,0.0,0.0,0.0,27
1,[],4,[],2019-05-30 00:46:12,1094372648.5881994,0.00000001,0.000000000000866219,7709550,2019-05-30 00:46:12,btc,4.768361329103393,0.0,0.00000001,"btc,ltc",294403423.5009802,0.38166038,7.412483713978664,29
1,[],7,[],2019-05-30 00:46:13,85534659.40740813,0.00000001,0.000000000000866219,7709551,2019-05-30 00:46:13,btc,46548272.11045483,0.0,0.00000001,btc,35005911.82154329,0.0,0.8553465940740813,29
1,[],4,[],2019-05-30 00:46:14,15314629.98568213,0.00000007,0.000000000006063533,7709552,2019-05-30 00:46:14,btc,2.7064488349502405,0.0,0.00000007,btc,2098940.37659337,0.00194769,0.1714659848765775,30
0,[],17,[],2019-05-03 01:11:25,0.0,0,0,7559066,2019-05-03 01:11:25,btc,0.0,0.0,0,btc,0.0,0.0,0.0,30
1,[],4,[],2019-05-30 00:48:15,110068.6678903,0.00004425,0.000000003833019075,7709553,2019-05-30 00:48:15,btc,3.64464269985098,0.0,0.00004425,btc,46320.52559409,0.61711474,0.5984404504008639,31
1,[],21,[],2019-05-30 00:48:16,83664.6894083,0.00004402999999999999687465279674,0.000000003813962257,7709554,2019-05-30 00:48:16,btc,5.144660784880334,255095.96501331,0.00004402999999999999687465279674114526642370037734508514404296875,btc,102503.93277969,11.44621731,3.3568549564636743,31
0,[],2,[],2019-01-20 23:28:43,0.0,0,0,6477009,2019-01-20 23:28:43,,0.0,0.0,0,,0.0,0.0,0.0,32
0,[],4,[],2019-05-30 00:48:17,0.0,0,0,7709555,2019-05-30 00:48:17,,0.0,0.0,0,,0.0,0.0,0.0,33
1,[],12,[],2019-03-30 07:55:10,40641173.964,0.00000003,0.000000000001228359,7108785,2019-03-30 07:55:10,btc,4233210.82356125,0.0,0.00000003,btc,28378394.68333462,0.0126927883965248,0.90752895892,33
0.0000000001335651,[],4,[],2019-05-30 00:48:18,510404567.5484082,2.6713020000000002e-17,2.3139325471380003e-21,7709556,2019-05-30 00:48:18,ltc,3.505636119045141,0.0,0.0000002,ltc,154260963.70342898,0.0,2.082360696699141e-09,34
1,[],5,[],2019-05-30 00:48:20,0.0,0,0,7709557,2019-05-30 00:48:20,btc,0.0,0.0,0,btc,0.0,0.0,0.0,34
0.0000000002926451,[],17,[],2019-05-02 18:17:47,200000.0,2.9264510000000002e-18,1.596703856561e-22,7556430,2019-05-02 18:17:47,eth,0.20942468735267253,0.0,0.00000001,"btc,eth",1018272.20243647,0.0,5.852902e-13,36
0.0000000001335651,[],4,[],2019-05-30 00:48:21,59384001.42676589,1.335651e-18,1.156966273569e-22,7709558,2019-05-30 00:48:21,ltc,5.107875220397055e-08,0.0,0.00000001,ltc,7087906061.087266,0.0,7.931630088966129e-11,36
1,[],5,[],2019-05-30 00:48:22,0.0,0,0,7709559,2019-05-30 00:48:22,btc,0.0,0.0,0,btc,0.0,0.0,0.0,36
0.0000000003123846,[],27,[],2019-05-30 00:50:31,11879411.226876,9.371538e-18,8.117804274822e-22,7709560,2019-05-30 00:50:31,eth,1579.9688989506772,995768549.773124,0.00000003,"ltc,eth",5798600.62557775,6.030619647610341e-09,4.3623341377764154e-11,36
1,[],4,[],2019-05-30 00:50:32,9978449.49556125,0.00000019,0.000000000016458161000000002,7709561,2019-05-30 00:50:32,btc,19772.53850766184,0.0,0.00000019,btc,722622.50751044,0.01601564,0.1418021256862878,37
1,[],12,[],2019-05-30 00:50:34,3784429.36528572,0.00000019,0.000000000016458161000000002,7709562,2019-05-30 00:50:34,btc,8.360744298404338,0.0,0.00000019,btc,974300.02325206,0.013851345865,0.1857375761442866,37
1,[],27,[],2019-05-30 00:52:40,6187.0,0.00000016,0.000000000013859504,7709563,2019-05-30 00:52:40,btc,24.11463822903233,0.0,0.00000016,btc,5792.59438508,0.0,0.00076392,37
1,[],17,[],2019-05-03 01:11:36,211752.74075282,0.00000025,0.000000000013700074999999998,7559074,2019-05-03 01:11:36,btc,0.055484923955058496,0.0,0.00000025,"btc,eth",1387.19918473,0.0,0.0005381851887916605,37
1,[],5,[],2019-05-30 00:52:41,0.0,0,0,7709564,2019-05-30 00:52:41,btc,0.0,0.0968055,0,btc,0.0,0.0,0.0,42
1,[],12,[],2019-05-30 00:52:42,128914.75316394,0.0000009,0.00000000007795971000000001,7709565,2019-05-30 00:52:42,btc,24.761549688607474,0.0,0.0000009,btc,71296.51105406,0.003074838644,0.042461729999947,42
1,[],27,[],2019-05-30 00:52:49,506.0,0.00000002,0.000000000001732438,7709566,2019-05-30 00:52:49,btc,0.39085425,0.0,0.00000002,"btc,eth",735.0,0.0,6.0000003281912605e-06,42
1,[],12,[],2019-03-13 09:13:29,1112112.0,0.00000001,0.000000000000386531,6919902,2019-03-13 09:13:29,btc,29058.00478931866,0.0,0.00000001,btc,5967681.93306694,9.99000999e-07,0.01112112,43
1,[],5,[],2019-04-26 22:38:52,0.0,0,0,7474154,2019-04-26 22:38:52,btc,0.0,0.02638891,0,btc,0.0,0.0,0.0,43
0,[],17,[],2019-04-26 22:38:53,0.0,0,0,7474155,2019-04-26 22:38:53,btc,0.0,0.0,0,btc,0.0,0.0,0.0,43
1,[],12,[],2019-03-05 01:54:08,639326.02,0.00000004,0.000000000001486676,6845775,2019-03-05 01:54:08,btc,11116042.728239931,0.0,0.00000004,btc,1103841.4595604,0.0003330765234764,0.014975410599999999,44
1,[],4,[],2019-05-30 00:52:50,115339721.95429221,0.00000001,0.000000000000866219,7709567,2019-05-30 00:52:50,btc,291324.2192730627,0.0,0.00000001,"btc,ltc",27179164.23224099,0.00079135,0.07859584775140206,49
0.0000000001335651,[],4,[],2019-05-30 00:52:52,175155379.27607223,4.1405181000000004e-17,3.586595448063901e-21,7709568,2019-05-30 00:52:52,ltc,22049.959339220557,0.0,0.00000031,ltc,158440686.87367558,0.0,1.3249970775361713e-09,52
0,[],22,[],2019-05-30 00:52:54,0.0,0,0,7709569,2019-05-30 00:52:54,,10289.55991011,0.0,0,,308568058.4566013,0.0,0.0,57
1,[],27,[],2019-05-30 00:53:01,2297.0,0.0000003,0.000000000025986570000000003,7709570,2019-05-30 00:53:01,btc,0.0,0.0,0.0000003,"btc,eth",0.0,0.0,0.0003891,57
0.0000000001335651,[],4,[],2019-05-30 00:53:01,2661554925.956109,1.335651e-18,1.156966273569e-22,7709571,2019-05-30 00:53:01,ltc,19.263872007403805,0.0,0.00000001,ltc,5784416102.343987,0.0,3.554908498408203e-09,58
1,[],12,[],2019-05-30 00:53:02,1094565910.0,0.0000000001,0.000000000000008662190000000001,7709572,2019-05-30 00:53:02,btc,2192498.1977942213,0.0,0.0000000001,btc,2568679235.0159407,0.00103027063,0.109456591,58
0.0000000001081237,[],22,[],2019-05-30 00:55:06,126877.0,1.0812370000000001e-18,9.365880329030001e-23,7709573,2019-05-30 00:55:06,XMR,68.17454206,0.0,0.00000001,XMR,9626402.6,0.0,0.00126877,58
1,[],17,[],2019-05-03 01:12:09,1200000.0,0.0000000001,0.00000000000000548003,7559085,2019-05-03 01:12:09,btc,1e+24,0.0,0.0000000001,"btc,eth",39516342.31952568,0.0,0.00010000000058666061,58
1,[],5,[],2019-05-30 00:55:08,0.0,0,0,7709574,2019-05-30 00:55:08,btc,0.0,4.499e-05,0,btc,0.0,0.0,0.0,61
1,[],22,[],2019-05-30 00:55:11,13613.833333333334,0.00000012,0.000000000010394628,7709575,2019-05-30 00:55:11,BTC,1002.29123003,0.0,0.00000012,BTC,15014.200177125656,0.0,0.00153269,61
1,[],26,[],2019-05-30 00:55:11,0.0,0.00000050,0.00000000004331095,7709576,2019-05-30 00:55:11,btc,0.0,0.0,0.00000050,btc,0.0,0.0,0.0,61
1,[],27,[],2019-05-30 00:55:40,8450.0,0.0000002,0.000000000017324380000000003,7709577,2019-05-30 00:55:40,btc,1.9582485601246655,0.0,0.0000002,"btc,eth",11379.41563696,0.0,0.001522,61
0,[],28,[],2019-05-30 00:56:25,0.0,0,0,7709578,2019-05-30 00:56:25,,0.0,767.0,0,,0.0,0.0,0.0,61
1,[],4,[],2019-05-30 00:56:26,941841.64043332,0.00000079,0.00000000006843130100000001,7709579,2019-05-30 00:56:26,btc,2.599769644450968,0.0,0.00000079,btc,843288.68937055,0.04313053,0.5421651670554665,67
0.0,[],25,[],2019-05-30 00:56:28,0.0,0,0,7709580,2019-05-30 00:56:28,,0.0,0.0,0.0,btc,0.0,0.0,0.0,67
1,[],12,[],2019-05-30 00:56:29,815410.0,0.00000005,0.000000000004331095,7709581,2019-05-30 00:56:29,btc,5.171117037082914,0.0,0.00000005,btc,774951.038961,0.000100365984,0.01780166,71
,[],5,[],2018-11-20 23:02:39,1.5e-07,0.00000005,0.000000000002128045,4862160,2018-11-20 23:02:39,btc,2.84511358,0.0,,btc,0.00036572,0.0,0.07381892,74
1,[],5,[],2019-05-30 00:56:33,0.0,0,0,7709582,2019-05-30 00:56:33,btc,0.0,0.04573199,0,btc,0.0,0.0,0.0,75
0,[],4,[],2019-05-25 21:33:44,0.0,0,0,7686249,2019-05-25 21:33:44,,133656.37989170782,0.0,0,,33439209.5909442,0.0,0.0,81
0,[],20,[],2019-01-25 09:30:31,0.0,0,0,6495923,2019-01-25 09:30:31,btc,0.0,0.0,0,btc,0.0,0.0,0.0,81
1,[],4,[],2019-05-30 00:56:33,37157.48038057,0.00013016,0.000000011274706504000001,7709583,2019-05-30 00:56:33,btc,24.735851180067478,0.0,0.00013016,btc,22108.98576819,1.42210337,1.6557696579632184,82
1,[],21,[],2019-05-30 00:56:34,48331.33218344,0.0001230100000000000030203617385,0.000000010655359919000002,7709584,2019-05-30 00:56:34,btc,34.68102938180134,194777.40582367,0.00012301000000000000302036173849273836822248995304107666015625,btc,191439.34081457,24.13998782,4.439847190101734,82
0,[],17,[],2019-03-25 22:42:34,0.0,0,0,7038780,2019-03-25 22:42:34,btc,0.0445064681804024,0.0,0,btc,995513.18476001,0.0,0.0,84
0.0000000001161485,[],4,[],2019-05-20 13:09:39,216715621.0206096,1.161485e-18,9.0533806701e-23,7657228,2019-05-20 13:09:39,ltc,1.6511566870244727,0.0,0.00000001,ltc,471032407.9048656,0.0,2.5171194308112273e-10,85
,[],22,[],2018-11-20 23:09:34,3408.1,0.0000001,0.0000000000041895,4862324,2018-11-20 23:09:34,BTC,0.04624735,0.0,,BTC,4990.0,0.0,0.00033081,86
1,[],22,[],2019-05-30 00:56:37,65156.0,0.00000001,0.000000000000866219,7709585,2019-05-30 00:56:37,BTC,1.44930041,0.0,0.00000001,BTC,188535.29736842104,3e-05,0.00065156,87
1,[],27,[],2019-05-30 00:56:43,70160.0,0.00000004,0.000000000003464876,7709586,2019-05-30 00:56:43,btc,5.374707418036,98305.819,0.00000004,btc,146149.67341,0.00393223,0.0013416,87
,[],2,[],2018-11-20 23:10:47,0.0,0,0,4862359,2018-11-20 23:10:47,,0.0,0.0,,,0.0,0.0,0.0,88
1,[],11,[],2019-05-30 00:56:46,204890.57313145,0.000080010000000000001366302904148852803700719960033893585205078125,0.000000006930618219,7709587,2019-05-30 00:56:46,btc,186.58809390336373,381.10332115,0.000080010000000000001366302904148852803700719960033893585205078125,btc,239271.13382186,0.0,2.207900784994227,89
0,[],2,[],2019-01-20 23:31:45,0.0,0,0,6477083,2019-01-20 23:31:45,,0.0,0.0,0,,0.0,0.0,0.0,91
1,[],12,[],2019-05-30 00:56:48,198624.48674395,0.00000032,0.000000000027719008,7709588,2019-05-30 00:56:48,btc,87.69230801963613,0.0,0.00000032,btc,144741.53253856,0.001144954886,0.0103534618999874,91
1,[],22,[],2019-05-30 00:58:52,75910.55,0.0000002,0.000000000017324380000000003,7709589,2019-05-30 00:58:52,BTC,0.495,0.0,0.0000002,"BTC,LTC",4.95,0.0,0.00165931,91
0,[],17,[],2019-05-03 01:12:26,0.0,0,0,7559096,2019-05-03 01:12:26,btc,0.0,0.0,0,btc,0.0,0.0,0.0,91
1,[],22,[],2019-04-09 20:17:52,374949.73333333334,0.00000015,0.000000000007771935,7235704,2019-04-09 20:17:52,BTC,6.87372503,0.0,0.00000015,"BTC,LTC",159980.01196797504,1.1e-05,0.80510266,95
0.0000000001335651,[],4,[],2019-05-30 00:58:52,541447573.4950762,2.8048671e-17,2.4296291744949003e-21,7709590,2019-05-30 00:58:52,ltc,11.298912868136101,0.0,0.00000021,ltc,152157387.46346194,0.0,8.464946154382796e-10,96
0,[],12,[],2019-05-30 00:58:54,0.0,0,0,7709591,2019-05-30 00:58:54,btc,17.11109572037962,0.0,0,btc,7876886.03796204,0.0,0.0,96
0,[],17,[],2019-05-03 01:12:32,0.0,0,0,7559100,2019-05-03 01:12:32,btc,0.0,0.0,0,btc,0.0,0.0,0.0,96
1,[],4,[],2019-04-14 03:32:46,1039404.33283278,0.00000038,0.000000000019245518,7293458,2019-04-14 03:32:46,btc,4.170086055365747,0.0,0.00000038,btc,3097704.34561074,0.06260606,0.1859928211030784,99
0,[],2,[],2019-01-20 23:23:55,0.0,0,0,6476914,2019-01-20 23:23:55,,0.0,0.0,0,,0.0,0.0,0.0,100
1,[],4,[],2019-05-30 01:00:55,209261.23588576,0.00001727,0.0000000014959602130000002,7709592,2019-05-30 01:00:55,btc,6.926418071176492,0.0,0.00001727,btc,137707.14732367,0.21848496,0.343651469761275,100
1,[],22,[],2019-05-30 01:00:58,150000.0,0.00000002,0.000000000001732438,7709593,2019-05-30 01:00:58,BTC,24.83526409,0.0,0.00000002,BTC,11187.719,0.0,0.0017,101
1,[],4,[],2019-05-30 01:00:59,508543.42653305,0.00000147,0.000000000127334193,7709594,2019-05-30 01:00:59,btc,361.99843328684955,0.0,0.00000147,btc,560519.33521125,0.0722042,0.1312619025628241,103
1,[],12,[],2019-05-30 01:01:01,140420678.83268034,0.000000004,0.00000000000034648760000000005,7709595,2019-05-30 01:01:01,btc,2395.2788970714055,0.0,0.000000004,btc,62322565.47502998,0.046604664183,0.17093981333072142,105
0,[],27,[],2019-05-30 01:01:07,0.0,0,0,7709596,2019-05-30 01:01:07,,0.3273326523531397,277188.915,0,btc,1742492.35947933,0.00277189,0.0,105
1,[],22,[],2019-04-21 00:17:26,21333.0,0.00000001,0.000000000000532493,7385819,2019-04-21 00:17:26,BTC,51.38182867,0.0,0.00000001,BTC,470435.0,0.0,0.00021333,107
1,[],26,[],2019-04-21 00:17:26,0.0,0.00000000,0,7385820,2019-04-21 00:17:26,btc,0.0,0.0,0.00000000,btc,0.0,0.0,0.0,107
1,[],5,[],2019-05-30 01:01:08,0.0,0,0,7709597,2019-05-30 01:01:08,btc,0.0,0.0,0,btc,0.0,0.0,0.0,112
0,[],22,[],2019-05-30 01:01:11,0.0,0,0,7709598,2019-05-30 01:01:11,,6.79726681,0.0,0,,3375892.0833333335,0.0,0.0,112
1,[],27,[],2019-05-30 01:01:17,1.0,0.00000001,0.000000000000866219,7709599,2019-05-30 01:01:17,btc,1.15032588,0.0,0.00000001,"btc,eth",1818.0,0.0,1e-08,112
1,[],4,[],2019-05-30 01:01:18,288556.54448192,0.00000084,0.000000000072762396,7709600,2019-05-30 01:01:18,btc,5.706371013681317,0.0,0.00000084,btc,596718.1907202,0.05273508,0.1801529972605545,113
1,[],5,[],2019-05-30 01:01:19,0.0,0,0,7709601,2019-05-30 01:01:19,btc,0.0,0.0,0,btc,0.0,0.0,0.0,113
1,[],17,[],2019-04-26 02:17:47,162738.278,0.00000004,0.0000000000021069000000000002,7461287,2019-04-26 02:17:47,btc,1.3331140273775473,0.0,0.00000004,btc,51796.221,0.0,0.00230953112,116
1,[],27,[],2019-05-22 05:13:01,210000.0,0.00000001,0.00000000000079145,7666372,2019-05-22 05:13:01,btc,3919.0005001478,0.0,0.00000001,btc,128660.871,0.0,0.0021,116
1,[],4,[],2019-05-21 22:31:11,138169.03963019,0.00000701,0.000000000558364025,7664793,2019-05-21 22:31:11,btc,150.95388250938234,0.0,0.00000701,btc,344631.17141974,0.07552974,0.4288357684941946,120
1,[],7,[],2019-05-21 22:31:12,3901.07750076,0.000010679999999999999389654892212320191902108490467071533203125,0.0000000008506887,7664794,2019-05-21 22:31:12,btc,231188.94669936574,0.0,0.000010679999999999999389654892212320191902108490467071533203125,btc,4133.83151364,0.0,0.0113888422364489,120
1,[],20,[],2019-04-07 18:42:29,1914137.0852,0.000000035,0.0000000000017871910000000002,7211992,2019-04-07 18:42:29,btc,32.2497668025648,25528.85,0.000000035,btc,1001975.4986,0.00089350975,0.0152723574729,125
1,[],22,[],2019-05-30 01:01:22,10000.0,0.00000001,0.000000000000866219,7709602,2019-05-30 01:01:22,BTC,0.032061,0.0,0.00000001,BTC,299316.7611111111,0.0,0.0001,126
1,[],4,[],2019-05-30 01:01:24,374424.76232523,0.00000671,0.000000000581232949,7709603,2019-05-30 01:01:24,btc,5.17038333433571,0.0,0.00000671,btc,188769.40883742,0.42786482,1.1822237469252697,131
0,[],2,[],2019-01-20 23:25:46,0.0,0,0,6476969,2019-01-20 23:25:46,,0.0,0.0,0,,0.0,0.0,0.0,131
1,[],17,[],2019-05-03 01:13:10,10000.0,0.00000001,0.000000000000548003,7559115,2019-05-03 01:13:10,btc,0.0953976503951408,0.0,0.00000001,btc,5037.62507334,0.0,0.0001,131
1,[],4,[],2019-05-30 01:03:25,4750.97041431,0.00007919,0.000000006859588261,7709604,2019-05-30 01:03:25,btc,5.031696001461732,0.0,0.00007919,btc,202.13055914,0.0,0.0065509533892752,135
1,[],3,[],2019-05-30 01:03:26,624652.22392675,0.00000001,0.000000000000866219,7709605,2019-05-30 01:03:26,btc,0.2228455309877797,1577354.09937,0.00000001,btc,1910497.4316845,0.0,0.0062465222392675,136
1,[],4,[],2019-05-30 01:03:27,2697082.07770967,0.00000189,0.000000000163715391,7709606,2019-05-30 01:03:27,btc,108.72718070811116,0.0,0.00000189,btc,515499.19678356,0.04442742,0.575190068842843,137
1,[],12,[],2019-05-30 01:03:28,88709.23410511,0.0000017799999999999998982758153687200319836847484111785888671875,0.00000000015418698200000002,7709607,2019-05-30 01:03:28,btc,57.78091861409133,0.0,0.0000017799999999999998982758153687200319836847484111785888671875,btc,49738.34635867,0.000276653347,0.0187062299999004,137
1,[],4,[],2019-05-30 01:03:29,61513.99567712,0.00001952,0.0000000016908594880000002,7709608,2019-05-30 01:03:29,btc,9.576283338972695,0.0,0.00001952,btc,153664.76816821,0.7978369,0.3908570529421802,142
1,[],5,[],2019-05-30 01:03:30,0.0,0,0,7709609,2019-05-30 01:03:30,btc,0.0,0.01384033,0,btc,0.0,0.0,0.0,142
1,[],20,[],2019-05-30 01:05:32,209016.7811,0.00001423,0.0000000012326296370000001,7709610,2019-05-30 01:05:32,btc,1.6080108756563,0.0,0.00001423,btc,9872.7963,0.0,0.0183995681666,142
1,[],22,[],2019-05-30 01:05:35,11028.645,0.00001000,0.000000000866219,7709611,2019-05-30 01:05:35,BTC,3.2754788,0.0,0.00001000,BTC,1133.9993657797618,0.0,0.00745365,142
0.0,[],25,[],2019-05-30 01:05:36,0.0,0,0,7709612,2019-05-30 01:05:36,,0.0,0.0,0.0,btc,0.0,0.0,0.0,142
0,[],28,[],2019-05-30 01:06:25,0.0,0,0,7709613,2019-05-30 01:06:25,,0.0,0.0,0,,0.0,0.0,0.0,142
1,[],17,[],2019-05-03 01:13:16,32967.38636364,0.00000088,0.000000000048224264,7559122,2019-05-03 01:13:16,btc,20.06976206696776,0.0,0.00000088,btc,2746.079105,0.0,0.0105613000000032,142
0,[],22,[],2019-05-30 01:06:28,0.0,0,0,7709614,2019-05-30 01:06:28,,65.51518676,0.0,0,,839924755.3,0.0,0.0,143
0,[],22,[],2019-02-25 15:42:22,0.0,0,0,6783783,2019-02-25 15:42:22,,4.2131946,0.0,0,,2322156.0,0.0,0.0,146
,[],22,[],2018-11-20 23:01:11,0.0,0,0,4862114,2018-11-20 23:01:11,,2.56807021,0.0,,,61828.4988236,0.0,0.0,147
1,[],12,[],2019-04-21 06:38:04,193091.5971266,0.00000071,0.000000000037635183,7388679,2019-04-21 06:38:04,btc,2.301232411611175,0.0,0.00000071,btc,9957.48302385,0.00023528,0.0313308199999888,148
1,[],4,[],2019-03-19 21:31:25,255810.0415942,0.00000029,0.000000000011615747,6982695,2019-03-19 21:31:25,btc,218.94922712414143,0.0,0.00000029,btc,793529.37642722,0.00117,0.0608347789473395,152
0,[],22,[],2019-03-19 21:31:27,0.0,0,0,6982696,2019-03-19 21:31:27,,0.0,0.0,0,,0.0,0.0,0.0,152
1,[],5,[],2019-04-26 09:36:59,0.0,0,0,7465040,2019-04-26 09:36:59,btc,0.0,0.0,0,btc,0.0,0.0,0.0,153
,[],16,[],2019-01-11 15:38:59,0.0,0,0,6366141,2019-01-11 15:38:59,btc,0.0,0.0,,btc,0.0,0.0,0.0,155
0,[],23,[],2019-01-20 23:24:29,0.0,0,0,6476932,2019-01-20 23:24:29,,0.0,0.0,0,,0.0,0.0,0.0,156
0,[],22,[],2019-05-30 01:06:31,0.0,0,0,7709615,2019-05-30 01:06:31,,7.44455324,0.0,0,,5955762.942592593,0.0,0.0,156
1,[],22,[],2019-05-30 01:06:34,6996.0,0.00000001,0.000000000000866219,7709616,2019-05-30 01:06:34,BTC,1.7543039,0.0,0.00000001,BTC,57.0,0.0,6.996e-05,157
0,[],22,[],2019-05-21 23:40:32,0.0,0,0,7665049,2019-05-21 23:40:32,,50234.60468402,0.0,0,,54786159.03179465,0.0,0.0,158
,[],17,[],2018-11-20 22:56:10,0.0,0,0,4861976,2018-11-20 22:56:10,btc,1.1265625,0.0,,btc,1000.0,0.0,0.0,159
,[],20,[],2018-11-20 22:56:12,0.0,0,0,4861977,2018-11-20 22:56:12,btc,11912.7940471,0.0,,btc,34413894.3617,0.0,0.0,159
1,[],12,[],2019-05-24 02:51:20,9178.522006449999,0.00000191999999999999982841307998027158276954651228152215480804443359375,0.000000000151222656,7676256,2019-05-24 02:51:20,btc,149.80414728631675,0.0,0.00000191999999999999982841307998027158276954651228152215480804443359375,btc,1115.7451448499999,0.01783167678326,0.0120075778999181,168
1,[],17,[],2019-05-03 01:13:36,42852.0,0.00000002,0.000000000001096006,7559132,2019-05-03 01:13:36,btc,0.04279856251542,0.0,0.00000002,btc,274.46171372,0.0,0.00052852,168
1,[],22,[],2019-05-17 03:01:52,10.0,0.00000001,0.000000000000778341,7642059,2019-05-17 03:01:52,BTC,41.95893009,0.0,0.00000001,BTC,1753972.7737547632,0.0,1e-07,169
1,[],22,[],2019-05-30 01:06:37,202834.0,0.00000002,0.000000000001732438,7709617,2019-05-30 01:06:37,BTC,27.86993734,0.0,0.00000002,BTC,462189.5785507793,0.0001666,0.00211768,171
1,[],22,[],2019-05-29 08:05:18,349870.0,0.00000002,0.000000000001705894,7705265,2019-05-29 08:05:18,BTC,24.05907723,0.0,0.00000002,"BTC,LTC",1224285.4355616204,0.0,0.0039847,173
1,[],5,[],2019-05-30 01:06:38,0.0,0,0,7709618,2019-05-30 01:06:38,btc,0.0,0.00375675,0,btc,0.0,0.0,0.0,175
1,[],22,[],2019-05-30 01:06:42,90671.0,0.00000001,0.000000000000866219,7709619,2019-05-30 01:06:42,BTC,394.35459412,0.0,0.00000001,BTC,136275.61833431243,0.0,0.00090671,176
1,[],7,[],2019-05-30 01:06:44,0.0,0,0,7709620,2019-05-30 01:06:44,btc,522274.2171378036,0.0,0,btc,22704134.34310774,0.0,0.0,178
0,[],22,[],2019-05-30 01:06:47,0.0,0,0,7709621,2019-05-30 01:06:47,,1.00242428,0.0,0,,57512.0,0.0,0.0,178
0,[],2,[],2019-01-20 23:28:34,0.0,0,0,6477001,2019-01-20 23:28:34,,0.0,0.0,0,,0.0,0.0,0.0,178
0,[],23,[],2019-01-20 23:25:08,0.0,0,0,6476952,2019-01-20 23:25:08,,0.0,0.0,0,,0.0,0.0,0.0,179
1,[],5,[],2019-05-30 01:06:49,0.0,0,0,7709622,2019-05-30 01:06:49,btc,0.0,0.05374849,0,btc,0.0,0.0,0.0,179
0,[],22,[],2019-05-30 01:06:51,0.0,0,0,7709623,2019-05-30 01:06:51,,5.31489813,0.0,0,,13465409.311946675,0.0,0.0,179
1,[],22,[],2019-05-30 01:08:55,674104.0606446359,0.00000103,0.00000000008922055700000001,7709624,2019-05-30 01:08:55,BTC,39.2077345,0.0,0.00000103,"BTC,LTC",158206.3213531212,0.01368255,0.5727961,180
1,[],26,[],2019-05-30 01:08:55,0.0,0.00000010,0.000000000008662190000000001,7709625,2019-05-30 01:08:55,btc,0.0,0.0,0.00000010,btc,0.0,0.0,0.0,180
1,[],17,[],2019-05-03 01:13:56,20504.725000000002,0.0000001,0.00000000000548003,7559141,2019-05-03 01:13:56,btc,5.2010695838400265,0.0,0.0000001,btc,5033.45945,0.0,0.0011504725,180
,[],7,[],2018-11-20 22:58:01,562227.975654,0.00000085,0.000000000036176765,4862015,2018-11-20 22:58:01,btc,21836.6059674,2491.87645172,,btc,749999.041456,0.00211021,0.127565380455,183
,[],5,[],2019-01-10 08:11:41,0.0,0,0,6347036,2019-01-10 08:11:41,btc,82.15055501,0.00261,,btc,1.19002445,0.0,0.0,187
,[],17,[],2018-11-16 20:58:10,4062536.27273,0.00000001,0.000000000000550501,4708775,2018-11-16 20:58:10,btc,3.36492563466,0.195460381006,,"btc,eth",110697919.549,0.0,0.0157628953496,187
1,[],24,[],2019-05-22 21:04:52,0.0,0.000000000014,0.0000000000000010960978,7670219,2019-05-22 21:04:52,btc,0.0,0.0,0.000000000014,btc,0.0,0.0,0.0,187
0,[],22,[],2019-04-25 02:54:07,0.0,0,0,7447896,2019-04-25 02:54:07,,7.54794454,0.0,0,,76361.7243344055,0.0,0.0,191
0,[],22,[],2019-05-30 01:08:59,0.0,0,0,7709626,2019-05-30 01:08:59,,0.0,0.0,0,,0.0,0.0,0.0,197
0,[],23,[],2019-01-20 23:31:41,0.0,0,0,6477079,2019-01-20 23:31:41,,0.0,0.0,0,,0.0,0.0,0.0,199
0,[],22,[],2019-05-30 01:09:03,0.0,0,0,7709627,2019-05-30 01:09:03,,10.91949999,0.0,0,,98428037.0,0.0,0.0,199
1,[],26,[],2019-05-30 01:09:03,0.0,0.00000000,0,7709628,2019-05-30 01:09:03,btc,0.0,0.0,0.00000000,btc,0.0,0.0,0.0,199
0,[],2,[],2019-01-20 23:30:49,0.0,0,0,6477059,2019-01-20 23:30:49,,0.0,0.0,0,,0.0,0.0,0.0,201
1,[],4,[],2019-01-25 15:51:35,2084389.58565343,0.00000936,0.000000000333526752,6499557,2019-01-25 15:51:35,btc,2.0092503037378524,0.0,0.00000936,btc,160195.80207885,0.19272417,1.242687955921835,211
1,[],7,[],2019-05-30 01:09:06,1183628686.9111624,0.00000067,0.000000000058036673000000006,7709629,2019-05-30 01:09:06,btc,15201841.04667999,281896.106606,0.00000067,btc,8428665.96753319,0.0,13.4488079554168,212
1,[],12,[],2019-01-25 02:44:32,207462.42853209,0.000001080000000000000035831255497387193287295303889550268650054931640625,0.000000000038610756000000006,6493050,2019-01-25 02:44:32,btc,85023.03793723314,0.0,0.000001080000000000000035831255497387193287295303889550268650054931640625,btc,43675.73520027,0.000146250909087,0.0348620860622024,213
1,[],5,[],2019-05-30 00:07:46,0.0,0,0,7709357,2019-05-30 00:07:46,btc,0.0,0.06425239,0,btc,0.0,0.0,0.0,213
1,[],24,[],2019-05-30 00:07:46,0.0,0.000000399202,0.0000000000344859829346,7709358,2019-05-30 00:07:46,btc,0.0,0.0,0.000000399202,btc,0.0,0.0,0.0,213
1,[],26,[],2019-05-30 00:07:47,0.0,0.00000040,0.000000000034554919999999996,7709359,2019-05-30 00:07:47,btc,0.0,0.0,0.00000040,btc,0.0,0.0,0.0,213
0,[],22,[],2019-05-30 01:09:09,0.0,0,0,7709630,2019-05-30 01:09:09,,9.61445386,0.0,0,,3661587.094064925,0.0,0.0,216
1,[],27,[],2019-05-30 01:09:17,397300.0,0.00000001,0.000000000000866219,7709631,2019-05-30 01:09:17,btc,75.61743967917752,3933.0,0.00000001,"btc,ltc",386835.407688,3.933e-05,0.003973,216
1,[],22,[],2019-05-30 01:09:21,720626.8260869565,0.00000027,0.000000000023387913000000003,7709632,2019-05-30 01:09:21,BTC,12056.48402077,0.0,0.00000027,BTC,518338.7595090601,0.00504677,0.0536882,217
1,[],7,[],2019-05-30 01:09:24,0.0,0,0,7709633,2019-05-30 01:09:24,btc,1234864.1040716618,0.0,0,btc,164001712.13147992,0.0,0.0,219
0,[],27,[],2019-05-30 01:09:28,0.0,0,0,7709634,2019-05-30 01:09:28,,0.8070218541206141,12357640.376908,0,btc,33802510.24032222,0.1235764,0.0,219
0,[],28,[],2019-05-30 01:10:20,0.0,0,0,7709635,2019-05-30 01:10:20,,0.0,16642175.9053,0,,0.0,0.0,0.0,219
1,[],22,[],2019-05-23 16:41:05,172069.0,0.00000004,0.0000000000031167080000000004,7674065,2019-05-23 16:41:05,BTC,56.76466137,0.0,0.00000004,BTC,127061.6482738741,0.0,0.00393676,221
1,[],24,[],2019-05-23 16:41:05,0.0,0.000000010000,0.0000000000007791770000000001,7674066,2019-05-23 16:41:05,btc,0.0,0.0,0.000000010000,btc,0.0,0.0,0.0,221
1,[],20,[],2019-05-30 01:10:22,2578836.3644,0.000000001,0.00000000000008662190000000001,7709636,2019-05-30 01:10:22,btc,100053.67494723386,6675997.5333,0.000000001,btc,48012993.1499,0.0080763584831,0.0025788363644,224
0,[],22,[],2019-05-30 01:10:25,0.0,0,0,7709637,2019-05-30 01:10:25,,0.0,0.0,0,,0.0,0.0,0.0,224
1,[],26,[],2019-05-30 01:10:25,0.0,0.00000025,0.000000000021655475,7709638,2019-05-30 01:10:25,btc,0.0,0.0,0.00000025,btc,0.0,0.0,0.0,231
1,[],26,[],2019-05-30 01:10:26,0.0,0.00000006,0.000000000005197314,7709639,2019-05-30 01:10:26,btc,0.0,0.0,0.00000006,btc,0.0,0.0,0.0,234
0,[],27,[],2019-05-30 01:10:35,0.0,0,0,7709640,2019-05-30 01:10:35,,0.01134836604,0.0,0,"btc,eth",11462.996,0.0,0.0,234
1,[],4,[],2019-05-22 17:06:12,91780.56053785,0.00000078,0.000000000061977552,7669277,2019-05-22 17:06:12,btc,5.573372450018177,0.0,0.00000078,btc,729173.93529783,0.0,0.0307060663355679,236
1,[],24,[],2019-05-22 17:06:12,0.0,0.000000010000,0.000000000000794584,7669278,2019-05-22 17:06:12,btc,0.0,0.0,0.000000010000,btc,0.0,0.0,0.0,236
1,[],5,[],2019-05-30 01:10:37,0.0,0,0,7709641,2019-05-30 01:10:37,btc,0.0,0.01290291,0,btc,0.0,0.0,0.0,237
1,[],20,[],2019-05-30 01:10:39,121639245.7353,0.00000004,0.000000000003464876,7709642,2019-05-30 01:10:39,btc,58795.1778090611,16092788.3412,0.00000004,btc,43174526.6821,0.6815103197495,0.4921918431037,237
1,[],22,[],2019-05-30 01:10:43,288100.0,0.00000003,0.000000000002598657,7709643,2019-05-30 01:10:43,BTC,1.20267422,0.0,0.00000003,"BTC,LTC",17930.94871794872,0.0,0.007541,237
1,[],4,[],2019-05-30 01:10:44,27098527.16347952,0.00000012,0.000000000010394628,7709644,2019-05-30 01:10:44,btc,2.7739190424024356,0.0,0.00000012,btc,8548917.47593733,0.07839223,0.5825918160569071,238
1,[],5,[],2019-05-30 01:10:45,0.0,0,0,7709645,2019-05-30 01:10:45,btc,0.0,0.00499764,0,btc,0.0,0.0,0.0,238
0,[],22,[],2019-03-12 16:49:32,0.0,0,0,6914458,2019-03-12 16:49:32,,0.40415746,0.0,0,,526736.5639027493,0.0,0.0,249
0,[],22,[],2019-05-28 23:53:45,0.0,0,0,7703643,2019-05-28 23:53:45,,13.44714864,0.0,0,,43777534.3426455,0.0,0.0,252
0,[],28,[],2019-05-30 01:11:32,0.0,0,0,7709646,2019-05-30 01:11:32,,0.0,202184.9,0,,0.0,0.0,0.0,256
1,[],22,[],2019-05-30 01:11:37,1039243.0,0.00000001,0.000000000000866219,7709647,2019-05-30 01:11:37,BTC,31464.5506474,0.0,0.00000001,BTC,585656.6675322719,0.0,0.01039243,258
1,[],22,[],2019-05-19 18:12:02,400.0,0.00000001,0.0000000000007957800000000001,7653905,2019-05-19 18:12:02,BTC,2.415167,0.0,0.00000001,BTC,157.0,0.0,4e-06,259
1,[],5,[],2019-05-30 01:11:39,0.0,0,0,7709648,2019-05-30 01:11:39,btc,0.0,0.00509817,0,btc,0.0,0.0,0.0,264
1,[],20,[],2019-05-30 01:11:42,955358.9382,0.000000153,0.0000000000132531507,7709649,2019-05-30 01:11:42,btc,0.9776817719009,0.0,0.000000153,btc,52933.9807,0.0,0.0075237773946,264
0,[],22,[],2019-04-12 17:57:27,0.0,0,0,7278186,2019-04-12 17:57:27,,66.37522201,0.0,0,,677842.4169881374,0.0,0.0,271
0,[],22,[],2019-05-29 08:10:20,0.0,0,0,7705301,2019-05-29 08:10:20,,33050470.74998113,0.0,0,,14361377780.7,0.0,0.0,272
0,[],28,[],2019-05-29 08:10:54,0.0,0,0,7705302,2019-05-29 08:10:54,,0.0,22189957216.5758,0,,0.0,0.0,0.0,272
1,[],22,[],2019-05-23 07:12:29,219930.0,0.00000004,0.000000000003048688,7671985,2019-05-23 07:12:29,BTC,426.77835217,0.0,0.00000004,BTC,248664.3325962929,0.0,0.00739728,281
1,[],22,[],2019-05-30 01:11:46,406106.68333333335,0.00000004,0.000000000003464876,7709650,2019-05-30 01:11:46,BTC,31.66076306,0.0,0.00000004,"BTC,LTC",1335394.5141012324,0.00346399,0.01548737,286
0,[],22,[],2019-05-30 01:11:48,0.0,0,0,7709651,2019-05-30 01:11:48,,7337904.96568486,0.0,0,,2004620112.6797826,0.0,0.0,294
