pairValue,buyBook,exchangeId,sellBook,updated,buyTotal,satoshiPrice,usdPrice,exchangeLogId,created,bestPair,sellTotalBtc,volume,pairPrice,activePairs,sellTotal,volumeBtc,buyTotalBtc,coinId
0,[],2,[],2019-01-20 23:28:45,0.0,0,0,6477011,2019-01-20 23:28:45,,0.0,0.0,0,,0.0,0.0,0.0,1
1,[],3,[],2019-03-03 23:56:19,30533.89799571236,0.01271614000000000077594819458681740798056125640869140625,0.000000483770286932,6837225,2019-03-03 23:56:19,btc,61.10921301259084,0.0,0.01271614000000000077594819458681740798056125640869140625,btc,24.893889866169,0.0,0.23329612182827225,1
1,[],4,[],2019-03-03 23:56:21,208072.9510117,0.01283549,0.000000488310814462,6837226,2019-03-03 23:56:21,btc,9.373530429314888,0.0,0.01283549,btc,274.44321906,0.78124758,3.19907522389722,1
1,[],5,[],2019-03-03 23:56:24,0.0,0,0,6837227,2019-03-03 23:56:24,btc,0.0,0.13015141,0,btc,0.0,0.0,0.0,1
1,[],10,[],2019-03-03 23:56:26,414690.83874207,0.01100001,0.000000418482180438,6837228,2019-03-03 23:56:26,btc,6522.759366115787,996.99646274,0.01100001,btc,1147.49706816,0.0,5.708918659855892,1
1,[],12,[],2019-03-03 23:56:29,10504.80180991,0.0127700000000000001010302952408892451785504817962646484375,0.000000485819326,6837229,2019-03-03 23:56:29,btc,0.488945695892,0.0,0.0127700000000000001010302952408892451785504817962646484375,btc,29.433771580000002,0.0633504955943,0.5550689748987,1
1,[],20,[],2019-03-03 23:56:31,1151.0583,0.010500212,0.0000003994679652856,6837230,2019-03-03 23:56:31,btc,0.058893584626,0.0347,0.010500212,btc,2.6477,0.00043722,0.0899620500051,1
1,[],21,[],2019-03-03 23:56:32,2241.0146878,0.01275144999999999924356064440,0.00000048511361351,6837231,2019-03-03 23:56:32,btc,14.726598402102788,2670.52574783,0.01275144999999999924356064440189584274776279926300048828125,"btc,eth",1826.71528898,31.301334177175292,21.54551550716116,1
1,[],22,[],2019-03-03 23:56:36,0.006382215384615385,0.01300000,0.0000004945694000000001,6837232,2019-03-03 23:56:36,BTC,0.31439419,0.0,0.01300000,BTC,0.12751438772928525,0.0,7.978e-05,1
1,[],24,[],2019-03-03 23:56:36,0.0,0.000000000000,0,6837233,2019-03-03 23:56:36,btc,0.0,0.0,0.000000000000,btc,0.0,0.0,0.0,1
0.0,[],25,[],2019-03-03 23:56:37,0.0,0,0,6837234,2019-03-03 23:56:37,btc,17.827499998532712,640.16190004,0.0,btc,1367.04190473,8.2161,0.0,1
1,[],26,[],2019-03-03 23:56:56,0.0,0,0,6837235,2019-03-03 23:56:56,,0.0,0.0,0,,0.0,0.0,0.0,1
1,[],28,[],2019-03-03 23:57:03,993.142,0.01323000,0.000000503319474,6837236,2019-03-03 23:57:03,btc,0.162839806,17926.75,0.01323000,btc,8.9,0.0,0.089302756,1
1,[],5,[],2019-03-03 23:57:05,0.0,0,0,6837237,2019-03-03 23:57:05,btc,0.0,0.01839976,0,btc,0.0,0.0,0.0,2
0.0000000001270178,[],22,[],2019-03-03 23:57:09,1148.0,1.3971958e-16,5.315463757604e-21,6837238,2019-03-03 23:57:09,XMR,21.01373823,0.0,0.00000110,XMR,14319.12581,0.0,0.00087635,2
1,[],5,[],2019-03-03 23:57:11,0.0,0,0,6837239,2019-03-03 23:57:11,btc,0.0,2.56334329,0,btc,0.0,0.0,0.0,3
1,[],12,[],2019-03-03 23:57:12,13097545.09071,0.000000178,0.0000000000067717964,6837240,2019-03-03 23:57:12,btc,924384.5243432169,0.0,0.000000178,btc,7960008.18817574,0.0897286087723694,0.68283927681107,3
0,[],28,[],2019-03-03 23:57:18,0.0,0,0,6837241,2019-03-03 23:57:18,,0.0,0.0,0,,0.0,0.0,0.0,3
0,[],2,[],2019-01-20 23:31:32,0.0,0,0,6477077,2019-01-20 23:31:32,,0.0,0.0,0,,0.0,0.0,0.0,4
1,[],4,[],2019-03-03 23:57:19,377013.45143067,0.00000032,0.000000000012174016,6837242,2019-03-03 23:57:19,btc,31.987078666479317,0.0,0.00000032,btc,710818.67186142,0.0,0.0479187894946875,4
1,[],12,[],2019-03-03 08:44:09,1180125.33333333,0.00000003,0.000000000001145421,6831890,2019-03-03 08:44:09,btc,11013925.646093752,0.0,0.00000003,btc,1477604.32371984,0.000140961988012,0.0166964599999999,5
0,[],2,[],2019-01-20 23:31:51,0.0,0,0,6477087,2019-01-20 23:31:51,,0.0,0.0,0,,0.0,0.0,0.0,6
1,[],11,[],2019-03-03 23:57:21,6476884.5,0.00000002,0.0000000000007608760000000001,6837243,2019-03-03 23:57:21,btc,9568.212630782815,482490.0,0.00000002,btc,41952632.07452957,0.0,0.097012525,6
1,[],3,[],2019-03-03 23:57:22,1072.856293592546,0.0001510899999999999916699966462374504772014915943145751953125,0.000000005748037742,6837244,2019-03-03 23:57:22,btc,28.402034233092024,0.0,0.0001510899999999999916699966462374504772014915943145751953125,btc,243.122414578101,0.0,0.03202593781665577,7
1,[],4,[],2019-03-03 23:57:23,98532.45421897,0.00024421,0.000000009290676398000001,6837245,2019-03-03 23:57:23,btc,13.625112202745912,0.0,0.00024421,btc,38313.72714467,5.51443779,6.446784029993849,7
1,[],5,[],2019-03-03 23:57:25,0.0,0,0,6837246,2019-03-03 23:57:25,btc,0.0,0.84213039,0,btc,0.0,0.0,0.0,7
1,[],20,[],2019-02-20 02:16:17,39399275.8418,0.000000001,0.0000000000000390183,6728586,2019-02-20 02:16:17,btc,116.9737569154545,525.0,0.000000001,btc,56932965.8895,5.25e-07,0.0393992758418,8
1,[],28,[],2019-03-03 23:57:33,47563.15,0.00000166,0.00000000006315270800000001,6837248,2019-03-03 23:57:33,btc,2708.761281370583,3594695.91,0.00000166,btc,11954.1497,0.0,0.050224829,9
0,[],2,[],2019-01-20 23:22:42,0.0,0,0,6476876,2019-01-20 23:22:42,,0.0,0.0,0,,0.0,0.0,0.0,9
0,[],23,[],2019-01-20 23:22:48,0.0,0,0,6476878,2019-01-20 23:22:48,,0.0,0.0,0,,0.0,0.0,0.0,9
1,[],1,[],2019-02-17 23:31:42,1822507.21,0.00000181000000000000003456111265232042484285557293333113193511962890625,0.000000000066086901,6701244,2019-02-17 23:31:42,btc,3.6990969245,17153386.5,0.00000181000000000000003456111265232042484285557293333113193511962890625,btc,1997391.71,31.11772986,3.2610482446,9
1,[],4,[],2019-03-03 23:57:26,2249548.86534887,0.00000166,0.00000000006315270800000001,6837247,2019-03-03 23:57:26,btc,6.43026837984042,0.0,0.00000166,btc,2859275.71604176,1.30685783,1.122555107929977,9
1,[],4,[],2019-02-17 11:22:43,4341674.27126056,0.00000002,0.0000000000007272960000000001,6696112,2019-02-17 11:22:43,btc,0.1997230937751353,0.0,0.00000002,btc,4109766.79808031,0.00215132,0.0479381022052112,10
1,[],4,[],2019-03-03 23:57:34,5895989.24967211,0.00000118,0.000000000044891684,6837249,2019-03-03 23:57:34,btc,10.77351336114293,0.0,0.00000118,btc,5869365.50342604,2.1593719,3.201236119213043,12
1,[],5,[],2019-03-03 23:57:36,0.0,0,0,6837250,2019-03-03 23:57:36,btc,0.0,0.22868681,0,btc,0.0,0.0,0.0,12
0.0,[],25,[],2019-03-03 23:57:38,0.0,0,0,6837251,2019-03-03 23:57:38,,0.0,0.0,0.0,btc,0.0,0.0,0.0,12
0,[],2,[],2019-01-20 23:23:08,0.0,0,0,6476890,2019-01-20 23:23:08,,0.0,0.0,0,,0.0,0.0,0.0,12
1,[],4,[],2019-03-03 23:57:39,31916376.00118283,0.00000552,0.00000000021000177600000002,6837252,2019-03-03 23:57:39,btc,2.979428577080764,0.0,0.00000552,btc,416952.78358897,0.29063528,0.625924003923884,13
1,[],21,[],2019-03-03 23:57:42,879764.68358025,0.000005599999999999999746589426225,0.00000000021304528,6837253,2019-03-03 23:57:42,btc,5.552489952604625,723175.1518484,0.0000055999999999999997465894262249630486394380568526685237884521484375,btc,890643.66874903,4.08612767,4.567334567659286,13
1,[],10,[],2019-03-03 23:08:55,417268.76219726,0.00000527,0.000000000200506109,6837116,2019-03-03 23:08:55,btc,666802.6088656725,13079.4593724,0.00000527,btc,745586.38962384,0.0,0.2397543276561118,13
1,[],4,[],2019-03-03 23:57:43,739605.45007417,0.00000150,0.0000000000570657,6837254,2019-03-03 23:57:43,btc,53.2565930928032,0.0,0.00000150,btc,896988.22522017,0.00542856,0.2004223915828928,14
1,[],12,[],2019-03-03 23:57:44,218095.8748086,0.000001349999999999999991849510168340220417348973569460213184356689453125,0.00000000005135913,6837255,2019-03-03 23:57:44,btc,5.291274776387474,0.0,0.000001349999999999999991849510168340220417348973569460213184356689453125,btc,31238.09057434,0.0001485,0.027802769999874,14
0,[],17,[],2019-03-03 23:57:46,0.0,0,0,6837256,2019-03-03 23:57:46,btc,0.0,0.0,0,btc,0.0,0.0,0.0,14
1,[],26,[],2019-03-03 23:57:46,0.0,0.00000050,0.0000000000190219,6837257,2019-03-03 23:57:46,btc,0.0,0.0,0.00000050,btc,0.0,0.0,0.0,14
0,[],4,[],2019-03-03 23:57:48,0.0,0,0,6837258,2019-03-03 23:57:48,,0.0,0.0,0,,0.0,0.0,0.0,15
,[],12,[],2018-12-01 15:15:48,204241.84496,0.00000489,0.000000000202473384,5260204,2018-12-01 15:15:48,btc,49.5475654835,0.0,,btc,35763.2193806,0.0163153972027625,0.0203389899998,15
1,[],4,[],2019-03-03 23:57:49,25059.87195875,0.00001761,0.000000000669951318,6837259,2019-03-03 23:57:49,btc,1.3519334211322755,0.0,0.00001761,btc,15491.13960918,0.01419831,0.0673891254981128,18
1,[],10,[],2019-03-03 23:57:53,782810.69272956,0.00001735,0.0000000006600599300000001,6837260,2019-03-03 23:57:53,btc,15.392734762108546,5514.12689583,0.00001735,btc,13626.33925392,0.0,0.1306212999353287,18
1,[],12,[],2019-03-03 23:57:54,193002.32230721,0.00001701999999999999967450516058509180084001854993402957916259765625,0.000000000647505476,6837261,2019-03-03 23:57:54,btc,23.630793363694092,0.0,0.00001701999999999999967450516058509180084001854993402957916259765625,btc,1884.0734013,0.000255030064,0.0314350460211783,18
0,[],2,[],2019-01-20 23:23:38,0.0,0,0,6476906,2019-01-20 23:23:38,,0.0,0.0,0,,0.0,0.0,0.0,18
0,[],17,[],2019-03-03 22:56:41,0.0,0,0,6836931,2019-03-03 22:56:41,btc,0.0,0.0,0,btc,0.0,0.0,0.0,18
1,[],3,[],2019-03-03 23:57:56,118426.87273437514,0.000020100000000000000678623823802126935333944857120513916015625,0.00000000076468038,6837262,2019-03-03 23:57:56,btc,0.5053401800644072,0.0,0.000020100000000000000678623823802126935333944857120513916015625,btc,7948.096912413742,0.0,0.032328808598835655,19
1,[],4,[],2019-03-03 23:57:56,414440.54096645,0.00002125,0.00000000080843075,6837263,2019-03-03 23:57:56,btc,2.6031525940334594,0.0,0.00002125,btc,78235.98435816,0.35882933,2.3901242627307955,19
1,[],5,[],2019-03-03 23:57:58,0.0,0,0,6837264,2019-03-03 23:57:58,btc,0.0,1.86e-06,0,btc,0.0,0.0,0.0,19
1,[],12,[],2019-03-03 23:57:59,135163.61483585,0.000018400000000000000014398204850607498883618973195552825927734375,0.0000000007000059200000001,6837265,2019-03-03 23:57:59,btc,0.1108278159605879,0.0,0.000018400000000000000014398204850607498883618973195552825927734375,btc,380.56200924,0.002388503638107,0.11863513511507601,19
0,[],27,[],2019-03-03 23:58:00,0.0,0,0,6837266,2019-03-03 23:58:00,,0.0,0.0,0,btc,0.0,0.0,0.0,19
0,[],2,[],2019-01-20 23:24:19,0.0,0,0,6476924,2019-01-20 23:24:19,,0.0,0.0,0,,0.0,0.0,0.0,19
1,[],4,[],2019-03-03 23:58:01,2774085.15353403,0.00000013,0.000000000004945694,6837267,2019-03-03 23:58:01,btc,7.37869139072158,0.0,0.00000013,btc,2856404.97012105,0.0,0.0773367122838264,20
1,[],4,[],2019-03-03 23:58:02,103956136.13937023,0.00000002,0.000000000000760876,6837268,2019-03-03 23:58:02,btc,1803.1981043602282,0.0,0.00000002,btc,55490787.80039335,0.0,1.1668631666680451,21
1,[],12,[],2019-03-03 23:58:04,17916951.0,0.00000002,0.0000000000007608760000000001,6837269,2019-03-03 23:58:04,btc,670.8733402334847,0.0,0.00000002,btc,8127598.32857329,0.0,0.23057926,21
0,[],17,[],2019-03-03 22:56:52,0.0,0,0,6836940,2019-03-03 22:56:52,btc,0.0,0.0,0,btc,0.0,0.0,0.0,21
1,[],12,[],2019-03-03 23:58:06,3142366763.531895,0.0000000001,0.0000000000000038043800000000005,6837270,2019-03-03 23:58:06,btc,975865847290.3846,0.0,0.0000000001,btc,5057575784.57564,0.020305332486657942,0.3142366763531895,23
0,[],27,[],2019-03-03 23:58:08,0.0,0,0,6837271,2019-03-03 23:58:08,,13.503633221578426,0.0,0,eth,2004616.85364636,0.0,0.0,23
1,[],4,[],2019-03-04 00:00:08,468566.16167146,0.00000046,0.000000000017500148000000002,6837272,2019-03-04 00:00:08,btc,8.621124481253219,0.0,0.00000046,btc,1522811.84604189,0.01289894,0.1401509485292856,24
1,[],22,[],2019-03-04 00:00:12,11.76,0.00000100,0.0000000000380438,6837273,2019-03-04 00:00:12,BTC,7.415e-05,0.0,0.00000100,BTC,23.919354838709676,0.0,1.176e-05,24
0.0,[],25,[],2019-03-04 00:00:14,0.0,0,0,6837274,2019-03-04 00:00:14,,0.0,0.0,0.0,btc,0.0,0.0,0.0,24
1,[],4,[],2019-03-04 00:00:16,26581752.06873458,0.00000651,0.000000000247665138,6837275,2019-03-04 00:00:16,btc,153.27075123870944,0.0,0.00000651,btc,241488.71371874,0.08831728,0.4596954042696398,26
1,[],10,[],2019-03-04 00:00:18,686524.92500476,0.00000603,0.00000000022940411400000001,6837276,2019-03-04 00:00:18,btc,26.1269781270099,3370.70025152,0.00000603,btc,14156.90381181,0.0,0.2272697186784885,26
0,[],2,[],2019-01-20 23:25:56,0.0,0,0,6476976,2019-01-20 23:25:56,,0.0,0.0,0,,0.0,0.0,0.0,26
1,[],3,[],2019-03-04 00:00:19,5524918.88133568,0.00000001,0.00000000000038043800000000005,6837277,2019-03-04 00:00:19,btc,2.161285153509361,4650.908,0.00000001,btc,17601794.18684187,0.0,0.0552491888133568,27
1,[],5,[],2019-03-04 00:00:20,0.0,0,0,6837278,2019-03-04 00:00:20,btc,0.0,0.00012714,0,btc,0.0,0.0,0.0,27
1,[],11,[],2019-03-04 00:00:22,9470054.891515061,0.00000005,0.00000000000190219,6837279,2019-03-04 00:00:22,btc,67506.38088715188,21889.311987,0.00000005,btc,7980367.26084264,0.0,0.4414030388653851,27
1,[],4,[],2019-03-04 00:00:23,1520550841.6027882,0.00000002,0.000000000000760876,6837280,2019-03-04 00:00:23,btc,2.8163142240795804,0.0,0.00000002,"btc,ltc",191870304.34377578,0.20923965,12.208391349893219,29
1,[],7,[],2019-03-04 00:00:25,35361805.85823195,0.00000002,0.0000000000007608760000000001,6837281,2019-03-04 00:00:25,btc,44462590.66035729,1109640.45263,0.00000002,btc,45659820.78444726,0.0,0.377049069029561,29
1,[],4,[],2019-03-04 00:00:26,2072350.88049169,0.00000022,0.000000000008369636,6837282,2019-03-04 00:00:26,btc,2.3312459609274434,0.0,0.00000022,btc,1576588.17579014,0.04100542,0.065234432774694,30
0,[],17,[],2019-03-03 23:09:44,0.0,0,0,6837144,2019-03-03 23:09:44,btc,0.0,0.0,0,btc,0.0,0.0,0.0,30
1,[],4,[],2019-03-04 00:00:28,195487.67097417,0.00006203,0.000000002359856914,6837283,2019-03-04 00:00:28,btc,5.395826459189645,0.0,0.00006203,btc,51744.25995494,3.92145119,2.6753228251047982,31
1,[],21,[],2019-03-04 00:00:28,141136.60038901,0.00006719999999999999357094132568,0.00000000255654336,6837284,2019-03-04 00:00:28,btc,7.824724776409746,753466.71686686,0.000067199999999999993570941325682355227399966679513454437255859375,btc,109102.29008379,45.75892969,8.083442985348448,31
0,[],2,[],2019-01-20 23:28:43,0.0,0,0,6477009,2019-01-20 23:28:43,,0.0,0.0,0,,0.0,0.0,0.0,32
1,[],4,[],2019-03-04 00:00:30,422888010.4142615,0.00000004,0.000000000001521752,6837285,2019-03-04 00:00:30,btc,12.874435118639115,0.0,0.00000004,"btc,ltc",234034206.2717432,8.16122612,9.507445582778065,33
1,[],12,[],2019-03-04 00:00:31,15944202.83366667,0.00000004,0.0000000000015217520000000002,6837286,2019-03-04 00:00:31,btc,35634732.057748504,0.0,0.00000004,btc,95220742.46353637,0.479575735604396,0.2966669666800001,33
1,[],4,[],2019-03-04 00:00:32,113161330.35625623,0.00000001,0.000000000000380438,6837287,2019-03-04 00:00:32,btc,3.6384087777964673,0.0,0.00000001,btc,99886279.21173152,0.05265129,1.1316133035625624,34
1,[],5,[],2019-03-04 00:00:33,0.0,0,0,6837288,2019-03-04 00:00:33,btc,0.0,0.01679569,0,btc,0.0,0.0,0.0,34
0.0000000001256639,[],4,[],2019-03-04 00:00:34,1808651406.2363334,2.513278e-18,9.56146455764e-23,6837289,2019-03-04 00:00:34,ltc,5.4062943022638316e-08,0.0,0.00000002,ltc,7186860385.095034,0.0,2.538018000995122e-09,36
1,[],5,[],2019-03-04 00:00:36,0.0,0,0,6837290,2019-03-04 00:00:36,btc,0.0,0.0,0,btc,0.0,0.0,0.0,36
0.00000000034286110000000003,[],27,[],2019-03-04 00:00:39,1090000.0,3.4286110000000004e-18,1.3043739116180001e-22,6837291,2019-03-04 00:00:39,eth,222.5997971062634,0.0,0.00000001,"ltc,eth",11163566.48751039,0.0,1.4871779640000001e-12,36
0,[],17,[],2019-03-03 21:57:28,0.0,0,0,6836575,2019-03-03 21:57:28,btc,0.0746458232965017,0.0,0,btc,4103573.70243647,0.0,0.0,36
1,[],4,[],2019-03-04 00:00:41,233980.88933566,0.00000061,0.000000000023206718000000002,6837292,2019-03-04 00:00:41,btc,19772.47675626944,0.0,0.00000061,btc,551674.61258906,0.02662222,0.1018407005403968,37
1,[],12,[],2019-03-04 00:00:42,585966.5741027,0.00000059,0.000000000022445842,6837293,2019-03-04 00:00:42,btc,1345.8258111467787,0.0,0.00000059,btc,963082.21202768,0.2195916714991735,0.1723099200000025,37
1,[],27,[],2019-03-04 00:00:45,14685.567,0.00000045,0.000000000017119710000000002,6837294,2019-03-04 00:00:45,btc,25.82157785111233,0.0,0.00000045,btc,6804.86438508,0.0,0.00480032515,37
1,[],17,[],2019-03-03 23:10:21,1752.74075282,0.00000025,0.000000000009511675,6837156,2019-03-03 23:10:21,btc,0.055484923777095005,0.0,0.00000025,btc,1319.19918473,0.0,0.00043818518820499993,37
1,[],5,[],2019-03-04 00:00:46,0.0,0,0,6837295,2019-03-04 00:00:46,btc,0.0,0.08560935,0,btc,0.0,0.0,0.0,42
1,[],12,[],2019-03-04 00:00:48,251026.90513047,0.00000095,0.00000000003614161,6837296,2019-03-04 00:00:48,btc,94.64762020537668,0.0,0.00000095,btc,99360.80358938,0.0036079120879104,0.0572105371498425,42
0.00000000034286110000000003,[],27,[],2019-03-04 00:00:50,2000.0,3.4286110000000004e-18,1.3043739116180001e-22,6837297,2019-03-04 00:00:50,eth,0.00315028,0.0,0.00000001,"btc,eth",11.007,0.0,6.857222e-15,42
1,[],5,[],2019-03-04 00:00:52,0.0,0,0,6837298,2019-03-04 00:00:52,btc,0.0,0.0,0,btc,0.0,0.0,0.0,43
1,[],12,[],2019-03-04 00:00:53,1209361.0,0.00000001,0.00000000000038043800000000005,6837299,2019-03-04 00:00:53,btc,3569.074552336114,0.0,0.00000001,btc,11768494.65174823,0.0,0.01209361,43
0,[],17,[],2019-03-04 00:01:04,0.0,0,0,6837300,2019-03-04 00:01:04,btc,0.0,0.0,0,btc,0.0,0.0,0.0,43
1,[],12,[],2019-03-04 00:01:05,647544.0,0.00000004,0.0000000000015217520000000002,6837301,2019-03-04 00:01:05,btc,11116042.728143407,0.0,0.00000004,btc,1103923.40161834,1.65004995e-06,0.015304149999999999,44
1,[],4,[],2019-03-04 00:01:06,290725113.18740726,0.00000002,0.000000000000760876,6837302,2019-03-04 00:01:06,btc,473.651249117865,0.0,0.00000002,"btc,ltc",12387921.86525513,0.00092497,0.19803030806322675,49
0.0000000001256639,[],4,[],2019-03-04 00:01:08,1000095.8,1.256639e-18,4.78073227882e-23,6837303,2019-03-04 00:01:08,ltc,25.568133939453883,0.0,0.00000001,ltc,9665493356.31585,0.0,1.2567593860162e-12,52
0.0000000001270178,[],22,[],2019-03-04 00:01:11,80845862.0,1.270178e-18,4.83223977964e-23,6837304,2019-03-04 00:01:11,XMR,4366.97466637,0.0,0.00000001,XMR,255820234.67882353,0.0,0.80845862,57
0.00000000034286110000000003,[],27,[],2019-03-04 00:01:14,2000.0,3.4286110000000004e-18,1.3043739116180001e-22,6837305,2019-03-04 00:01:14,eth,0.0,0.0,0.00000001,"btc,eth",0.0,0.0,6.857222e-15,57
0.0000000001256639,[],4,[],2019-03-04 00:01:15,915635465.5973334,3.7699170000000004e-18,1.434219683646e-22,6837306,2019-03-04 00:01:15,ltc,18.80718573754763,0.0,0.00000003,ltc,4122637865.006152,0.0,2.2111625726939863e-09,58
1,[],12,[],2019-03-04 00:01:17,1785045482.8439572,0.0000000004,0.000000000000015217520000000002,6837307,2019-03-04 00:01:17,btc,224012809183.35355,0.0,0.0000000004,btc,3852186739.634734,0.00353062776143856,0.5891640773011392,58
0.0000000001270178,[],22,[],2019-03-04 00:01:31,137438.0,1.270178e-18,4.83223977964e-23,6837308,2019-03-04 00:01:31,XMR,69.8835922,0.0,0.00000001,XMR,9887963.0,0.0,0.00137438,58
0,[],17,[],2019-03-03 23:10:57,0.0,0,0,6837170,2019-03-03 23:10:57,btc,1e+24,0.0,0,btc,49306342.21952568,0.0,0.0,58
1,[],5,[],2019-03-04 00:01:33,0.0,0,0,6837309,2019-03-04 00:01:33,btc,0.0,0.1838043,0,btc,0.0,0.0,0.0,61
1,[],22,[],2019-03-04 00:01:37,13759.5,0.00000012,0.000000000004565256,6837310,2019-03-04 00:01:37,BTC,1002.29597012,0.0,0.00000012,BTC,14947.700278135757,0.0,0.00155017,61
1,[],26,[],2019-03-04 00:01:37,0.0,0.00000800,0.0000000003043504,6837311,2019-03-04 00:01:37,btc,0.0,0.0,0.00000800,btc,0.0,0.0,0.0,61
1,[],27,[],2019-03-04 00:01:39,4432.7701,0.00000046,0.000000000017500148000000002,6837312,2019-03-04 00:01:39,btc,7.76072757961638,0.0,0.00000046,"btc,eth",19950.11257617,0.0,0.0012450174688838675,61
1,[],28,[],2019-03-04 00:01:45,13880.304,0.0000005,0.0000000000190219,6837313,2019-03-04 00:01:45,btc,2.056312978300105,906.0,0.0000005,btc,9730.59500005,0.0,0.00566391304,61
1,[],4,[],2019-03-04 00:01:46,1426886.95973235,0.00000280,0.00000000010652264000000001,6837314,2019-03-04 00:01:46,btc,11.264348122464527,0.0,0.00000280,btc,796543.65510885,0.15773004,1.4249488974516331,67
0.0,[],25,[],2019-03-04 00:01:47,0.0,0,0,6837315,2019-03-04 00:01:47,,0.0,0.0,0.0,btc,0.0,0.0,0.0,67
1,[],12,[],2019-03-04 00:01:49,1790763.90488136,0.00000021,0.000000000007989198,6837316,2019-03-04 00:01:49,btc,11115899.043909349,0.0,0.00000021,btc,2218998.36133864,7.82077722296e-05,0.0821193064411097,71
,[],5,[],2018-11-20 23:02:39,1.5e-07,0.00000005,0.000000000002128045,4862160,2018-11-20 23:02:39,btc,2.84511358,0.0,,btc,0.00036572,0.0,0.07381892,74
1,[],5,[],2019-03-04 00:01:51,0.0,0,0,6837317,2019-03-04 00:01:51,btc,0.0,0.0,0,btc,0.0,0.0,0.0,75
1,[],4,[],2019-03-04 00:01:53,15984338.899575,0.00000001,0.000000000000380438,6837318,2019-03-04 00:01:53,btc,11388.973061245848,0.0,0.00000001,btc,39359058.17822428,0.0,0.15984338899575,81
0,[],20,[],2019-01-25 09:30:31,0.0,0,0,6495923,2019-01-25 09:30:31,btc,0.0,0.0,0,btc,0.0,0.0,0.0,81
1,[],4,[],2019-03-04 00:01:55,28707.9321712,0.00007770,0.00000000295600326,6837319,2019-03-04 00:01:55,btc,17.735430851860656,0.0,0.00007770,btc,12515.14852656,0.03821904,0.2039172797717358,82
1,[],21,[],2019-03-04 00:01:57,293024.91082116,0.00007359000000000000523553422838,0.0000000027996432420000003,6837320,2019-03-04 00:01:57,btc,2.0108316583545838,1125.84410013,0.000073590000000000005235534228376081955502741038799285888671875,btc,22565.15894606,0.08334411,4.52444169079791,82
0,[],17,[],2019-03-04 00:01:58,0.0,0,0,6837321,2019-03-04 00:01:58,btc,0.0447233088476774,0.0,0,btc,999127.19588126,0.0,0.0,84
0.0000000001256639,[],4,[],2019-03-04 00:01:59,122690537.37462391,3.7699170000000004e-18,1.434219683646e-22,6837322,2019-03-04 00:01:59,ltc,1.7494931508449072,0.0,0.00000003,ltc,410376067.4156315,0.0,2.547499819776404e-10,85
,[],22,[],2018-11-20 23:09:34,3408.1,0.0000001,0.0000000000041895,4862324,2018-11-20 23:09:34,BTC,0.04624735,0.0,,BTC,4990.0,0.0,0.00033081,86
0,[],22,[],2019-02-22 12:52:35,0.0,0,0,6758847,2019-02-22 12:52:35,,2.0760781,0.0,0,,140622.94736842104,0.0,0.0,87
0,[],27,[],2019-02-22 12:52:37,0.0,0,0,6758848,2019-02-22 12:52:37,,0.0,0.0,0,btc,0.0,0.0,0.0,87
,[],2,[],2018-11-20 23:10:47,0.0,0,0,4862359,2018-11-20 23:10:47,,0.0,0.0,,,0.0,0.0,0.0,88
1,[],11,[],2019-03-04 00:02:01,91905.11496209,0.000141249999999999991014132394440139250946231186389923095703125,0.00000000537368675,6837323,2019-03-04 00:02:01,btc,608.581515111823,630.97972294,0.000141249999999999991014132394440139250946231186389923095703125,btc,95932.14983134,0.0,6.092459721210202,89
0,[],2,[],2019-01-20 23:31:45,0.0,0,0,6477083,2019-01-20 23:31:45,,0.0,0.0,0,,0.0,0.0,0.0,91
1,[],12,[],2019-03-04 00:02:03,467982.63391355,0.000001529999999999999962528346615642238504051420022733509540557861328125,0.000000000058207014,6837324,2019-03-04 00:02:03,btc,39.560622106258535,0.0,0.000001529999999999999962528346615642238504051420022733509540557861328125,btc,70374.02925501,0.0033730916,0.0824051843000047,91
0,[],17,[],2019-03-04 00:02:04,0.0,0,0,6837325,2019-03-04 00:02:04,btc,0.0,0.0,0,btc,0.0,0.0,0.0,91
0,[],22,[],2019-03-04 00:02:07,0.0,0,0,6837326,2019-03-04 00:02:07,,3e-06,0.0,0,,1.0,0.0,0.0,91
0.0000000001256639,[],22,[],2019-03-04 00:02:11,1820000.0,6.283195e-18,2.39036613941e-22,6837327,2019-03-04 00:02:11,LTC,8.54731773,0.0,0.00000005,LTC,72219994.1,0.0,0.091,95
0,[],17,[],2019-03-03 23:01:21,0.0,0,0,6836997,2019-03-03 23:01:21,btc,0.0,0.0,0,btc,0.0,0.0,0.0,96
0.0000000001256639,[],4,[],2019-03-04 00:02:12,646643889.0099262,7.916825700000001e-17,3.0118613356566002e-21,6837328,2019-03-04 00:02:12,ltc,11.89478684402578,0.0,0.00000063,ltc,136567866.30844912,0.0,1.961123453048071e-09,96
1,[],12,[],2019-03-03 23:11:31,1574.47400001,0.00000001,0.00000000000038046700000000003,6837188,2019-03-03 23:11:31,btc,378535.45687418786,0.0,0.00000001,btc,8740123.94636337,1e-08,1.5744740000100002e-05,96
1,[],4,[],2019-03-04 00:04:24,1867654.98562587,0.00000026,0.000000000009891388,6837329,2019-03-04 00:04:24,btc,2.8127266420994954,0.0,0.00000026,btc,2527923.81007897,0.01125356,0.1260334467816768,99
1,[],4,[],2019-03-04 00:04:25,351431.24469713,0.00004213,0.000000001602785294,6837330,2019-03-04 00:04:25,btc,12.354567163854481,0.0,0.00004213,btc,180299.64505308,2.0158499,2.9358077181629367,100
0,[],2,[],2019-01-20 23:23:55,0.0,0,0,6476914,2019-01-20 23:23:55,,0.0,0.0,0,,0.0,0.0,0.0,100
1,[],22,[],2019-03-04 00:04:28,50000.0,0.00000001,0.000000000000380438,6837331,2019-03-04 00:04:28,BTC,23.49896609,0.0,0.00000001,BTC,10277.22,0.0,0.0005,101
1,[],4,[],2019-03-04 00:04:29,469025.41665137,0.00000083,0.000000000031576354000000004,6837332,2019-03-04 00:04:29,btc,256.2948309317708,0.0,0.00000083,btc,494483.96056776,0.00999065,0.2370722818044788,103
1,[],12,[],2019-03-04 00:04:32,66227958.142,0.00000001,0.00000000000038043800000000005,6837333,2019-03-04 00:04:32,btc,137279914.4443681,0.0,0.00000001,btc,125400734.818219,0.04714410738320676,0.245743377674,105
1,[],27,[],2019-03-04 00:04:34,115397.89,0.00000001,0.000000000000380438,6837334,2019-03-04 00:04:34,btc,36.58509958047966,0.0,0.00000001,btc,575834.55393212,0.0,0.0011539789,105
1,[],22,[],2019-03-04 00:04:37,9328.0,0.00000001,0.000000000000380438,6837335,2019-03-04 00:04:37,BTC,51.10837004,0.0,0.00000001,BTC,470435.0,0.0,9.328e-05,107
1,[],26,[],2019-03-04 00:04:38,0.0,0.00000000,0,6837336,2019-03-04 00:04:38,btc,0.0,0.0,0.00000000,btc,0.0,0.0,0.0,107
1,[],5,[],2019-03-04 00:04:40,0.0,0,0,6837337,2019-03-04 00:04:40,btc,0.0,6.87e-06,0,btc,0.0,0.0,0.0,112
1,[],22,[],2019-03-04 00:04:43,1966.0,0.00000001,0.000000000000380438,6837338,2019-03-04 00:04:43,BTC,2.81183288,0.0,0.00000001,BTC,808524.0833333334,0.0,1.966e-05,112
0.00000000034286110000000003,[],27,[],2019-03-04 00:04:45,22000.0,2.0571666e-17,7.826243469708001e-22,6837339,2019-03-04 00:04:45,eth,1.24892491849924,0.0,0.00000006,"btc,eth",1288.641654,0.0,4.1829054200000004e-13,112
1,[],4,[],2019-03-04 00:04:47,1258601.45266053,0.00000215,0.00000000008179417,6837340,2019-03-04 00:04:47,btc,4.851883000913145,0.0,0.00000215,btc,332206.0471015,0.08131067,0.9389575812455452,113
1,[],5,[],2019-03-04 00:04:48,0.0,0,0,6837341,2019-03-04 00:04:48,btc,0.0,0.0,0,btc,0.0,0.0,0.0,113
1,[],17,[],2019-03-04 00:04:59,152738.278,0.00000004,0.0000000000015217520000000002,6837342,2019-03-04 00:04:59,btc,1.33680302678,0.0,0.00000004,btc,50696.221,0.0,0.0022095311199999998,116
0,[],27,[],2019-03-04 00:05:01,0.0,0,0,6837343,2019-03-04 00:05:01,,0.0,0.0,0,btc,0.0,0.0,0.0,116
1,[],4,[],2019-03-04 00:05:02,93013.02134518,0.00002355,0.00000000089593149,6837344,2019-03-04 00:05:02,btc,28.93013379083066,0.0,0.00002355,btc,73620.45376544,1.42074285,1.234650838319921,120
1,[],7,[],2019-03-04 00:05:03,21416.00919674,0.00002290999999999999918562539058530802549284999258816242218017578125,0.000000000871583458,6837345,2019-03-04 00:05:03,btc,115751.17919090547,67.04635905,0.00002290999999999999918562539058530802549284999258816242218017578125,btc,56083.53439059,0.00198847,0.055838954974696604,120
1,[],20,[],2019-03-04 00:05:07,1834057.3872,0.000000035,0.000000000001331533,6837346,2019-03-04 00:05:07,btc,32.295158822642,1002.2,0.000000035,btc,998991.2778,5.5089e-05,0.0215377018706,125
1,[],22,[],2019-03-04 00:05:10,3053.0,0.00000001,0.000000000000380438,6837347,2019-03-04 00:05:10,BTC,0.01444887,0.0,0.00000001,BTC,296263.5111111111,0.0,3.053e-05,126
1,[],4,[],2019-03-04 00:05:11,142088.01202632,0.00001111,0.000000000422666618,6837348,2019-03-04 00:05:11,btc,4.082990021436845,0.0,0.00001111,btc,116002.39747555,0.10138215,0.5869880426471834,131
0,[],2,[],2019-01-20 23:25:46,0.0,0,0,6476969,2019-01-20 23:25:46,,0.0,0.0,0,,0.0,0.0,0.0,131
0,[],17,[],2019-03-03 21:07:06,0.0,0,0,6836441,2019-03-03 21:07:06,btc,0.0009561751951600001,0.0,0,btc,35.42829368,0.0,0.0,131
1,[],4,[],2019-03-04 00:05:23,4553.72440393,0.00016001,0.000000006087388438000001,6837349,2019-03-04 00:05:23,btc,1.6199724104063653,0.0,0.00016001,btc,238.12730989,0.0,0.0079138371762198,135
1,[],3,[],2019-03-03 16:01:04,958709.8877684299,0.00000004,0.0000000000015183040000000002,6834301,2019-03-03 16:01:04,btc,0.1162519575141759,53730.3554066,0.00000004,btc,667858.8600718,0.0,0.0304115181737019,136
1,[],4,[],2019-03-04 00:05:24,270610.12302248,0.00000172,0.000000000065435336,6837350,2019-03-04 00:05:24,btc,38.2652137802247,0.0,0.00000172,btc,510697.9908342,0.01328671,0.0858490509848044,137
1,[],12,[],2019-03-04 00:05:25,293554.69947679,0.0000016800000000000000086801225929189484986636671237647533416748046875,0.000000000063913584,6837351,2019-03-04 00:05:25,btc,11807.599551538806,0.0,0.0000016800000000000000086801225929189484986636671237647533416748046875,btc,124607.02360042,0.0028271811747735,0.0193353599999987,137
1,[],17,[],2019-03-03 22:10:31,22967.386363640002,0.00000088,0.000000000033504152,6836823,2019-03-03 22:10:31,btc,20.0699133484,0.0,0.00000088,btc,405.079105,0.0,0.0104613000000032,142
1,[],4,[],2019-03-04 00:05:27,107461.42467625,0.00004094,0.000000001557513172,6837352,2019-03-04 00:05:27,btc,28.93840250581182,0.0,0.00004094,btc,44928.79721682,0.34003321,0.7202111083847234,142
1,[],5,[],2019-03-04 00:05:28,0.0,0,0,6837353,2019-03-04 00:05:28,btc,0.0,0.21712267,0,btc,0.0,0.0,0.0,142
1,[],20,[],2019-03-04 00:05:30,132695.1495,0.000025674,0.0000000009767365212000001,6837354,2019-03-04 00:05:30,btc,0.3256490109112,482.3521,0.000025674,btc,1844.2632,0.0178189079939,0.219357179831,142
1,[],22,[],2019-03-04 00:05:39,1685.8988921568628,0.00004000,0.000000001521752,6837355,2019-03-04 00:05:39,BTC,3.00385504,0.0,0.00004000,BTC,891.218,0.0,0.00174536,142
0.0,[],25,[],2019-03-04 00:05:40,0.0,0,0,6837356,2019-03-04 00:05:40,,0.0,0.0,0.0,btc,0.0,0.0,0.0,142
1,[],28,[],2019-03-04 00:05:50,76100.0,0.00000817,0.00000000031081784600000003,6837357,2019-03-04 00:05:50,btc,0.0639742472,265.0,0.00000817,btc,500.6113,0.0,0.0041072,142
0,[],22,[],2019-03-04 00:05:53,0.0,0,0,6837358,2019-03-04 00:05:53,,60.70572865,0.0,0,,694633617.3,0.0,0.0,143
0,[],22,[],2019-02-25 15:42:22,0.0,0,0,6783783,2019-02-25 15:42:22,,4.2131946,0.0,0,,2322156.0,0.0,0.0,146
,[],22,[],2018-11-20 23:01:11,0.0,0,0,4862114,2018-11-20 23:01:11,,2.56807021,0.0,,,61828.4988236,0.0,0.0,147
1,[],12,[],2019-03-04 00:05:55,218235.08665474,0.00000207000000000000008632309277112337753123938455246388912200927734375,0.00000000007875066600000001,6837359,2019-03-04 00:05:55,btc,28.61419732024577,0.0,0.00000207000000000000008632309277112337753123938455246388912200927734375,btc,117039.98938791,0.0003863776244603,0.0256151599998705,148
1,[],4,[],2019-03-04 00:05:56,256183.64828986,0.00000030,0.00000000001141314,6837360,2019-03-04 00:05:56,btc,219.99199938247835,0.0,0.00000030,btc,841688.3055046,0.0,0.0609752236393456,152
0,[],22,[],2019-03-04 00:05:58,0.0,0,0,6837361,2019-03-04 00:05:58,,0.0,0.0,0,,0.0,0.0,0.0,152
1,[],5,[],2019-03-04 00:06:00,0.0,0,0,6837362,2019-03-04 00:06:00,btc,0.0,0.0,0,btc,0.0,0.0,0.0,153
,[],16,[],2019-01-11 15:38:59,0.0,0,0,6366141,2019-01-11 15:38:59,btc,0.0,0.0,,btc,0.0,0.0,0.0,155
0,[],22,[],2019-03-04 00:06:04,0.0,0,0,6837363,2019-03-04 00:06:04,,6.7463875,0.0,0,,4674391.242592593,0.0,0.0,156
0,[],23,[],2019-01-20 23:24:29,0.0,0,0,6476932,2019-01-20 23:24:29,,0.0,0.0,0,,0.0,0.0,0.0,156
1,[],22,[],2019-03-04 00:06:14,7073.8,0.00005300,0.0000000020163214,6837364,2019-03-04 00:06:14,BTC,1.80343699,0.0,0.00005300,BTC,899.6422341958436,0.0,0.00104336,157
0,[],22,[],2019-03-04 00:06:17,0.0,0,0,6837365,2019-03-04 00:06:17,,50175.67608608,0.0,0,,54079135.04179466,0.0,0.0,158
,[],17,[],2018-11-20 22:56:10,0.0,0,0,4861976,2018-11-20 22:56:10,btc,1.1265625,0.0,,btc,1000.0,0.0,0.0,159
,[],20,[],2018-11-20 22:56:12,0.0,0,0,4861977,2018-11-20 22:56:12,btc,11912.7940471,0.0,,btc,34413894.3617,0.0,0.0,159
1,[],12,[],2019-03-04 00:06:18,181783.93024644,0.00000757000000000000036683329984743551221981761045753955841064453125,0.00000000028799156600000004,6837366,2019-03-04 00:06:18,btc,6.642691408641618,0.0,0.00000757000000000000036683329984743551221981761045753955841064453125,btc,13668.1331152,0.0013946497,0.0935203701014473,168
1,[],17,[],2019-03-04 00:06:30,29784.95,0.000001,0.0000000000380438,6837367,2019-03-04 00:06:30,btc,0.03026736251542,0.0,0.000001,btc,144.46171372,0.0,0.00716147,168
0,[],22,[],2019-03-04 00:06:38,0.0,0,0,6837368,2019-03-04 00:06:38,,1.1341504,0.0,0,,539283.174707144,0.0,0.0,169
1,[],22,[],2019-03-04 00:06:41,203600.0,0.00000002,0.000000000000760876,6837369,2019-03-04 00:06:41,BTC,13.2503654,0.0,0.00000002,BTC,145436.2939341018,0.0,0.002072,171
1,[],22,[],2019-03-04 00:06:46,808294.4285714285,0.00000008,0.000000000003043504,6837370,2019-03-04 00:06:46,BTC,2.19465752,0.0,0.00000008,"BTC,LTC",228202.43954477995,0.00449873,0.0330212,173
1,[],5,[],2019-03-04 00:06:48,0.0,0,0,6837371,2019-03-04 00:06:48,btc,0.0,0.01737601,0,btc,0.0,0.0,0.0,175
1,[],22,[],2019-03-04 00:06:51,36494.833333333336,0.0000003,0.00000000001141314,6837372,2019-03-04 00:06:51,BTC,0.54826403,0.0,0.0000003,BTC,138776.41384013777,0.0,0.00239205,176
1,[],7,[],2019-03-04 00:06:52,0.0,0,0,6837373,2019-03-04 00:06:52,btc,410932.5273358376,0.0,0,btc,117801559.31901672,0.0,0.0,178
0,[],22,[],2019-03-04 00:06:55,0.0,0,0,6837374,2019-03-04 00:06:55,,1.00242428,0.0,0,,57512.0,0.0,0.0,178
0,[],2,[],2019-01-20 23:28:34,0.0,0,0,6477001,2019-01-20 23:28:34,,0.0,0.0,0,,0.0,0.0,0.0,178
1,[],5,[],2019-03-04 00:06:58,0.0,0,0,6837375,2019-03-04 00:06:58,btc,0.0,0.28002453,0,btc,0.0,0.0,0.0,179
1,[],22,[],2019-03-04 00:07:02,6949180.5,0.00000002,0.000000000000760876,6837376,2019-03-04 00:07:02,BTC,5.66693346,0.0,0.00000002,"BTC,LTC",18277815.089868754,0.0,0.37392433,179
0,[],23,[],2019-01-20 23:25:08,0.0,0,0,6476952,2019-01-20 23:25:08,,0.0,0.0,0,,0.0,0.0,0.0,179
1,[],17,[],2019-03-04 00:07:04,10504.725,0.0000001,0.00000000000380438,6837377,2019-03-04 00:07:04,btc,5.201069583843915,0.0,0.0000001,btc,5033.45945,0.0,0.0010504725,180
1,[],22,[],2019-03-04 00:07:08,144605.4,0.0000008,0.00000000003043504,6837378,2019-03-04 00:07:08,BTC,0.23744747,0.0,0.0000008,"BTC,LTC",80791.99835911435,0.02929254,0.00810544,180
1,[],26,[],2019-03-04 00:07:09,0.0,0.00000125,0.00000000004755475,6837379,2019-03-04 00:07:09,btc,0.0,1968.45,0.00000125,btc,0.0,0.0,0.0,180
,[],7,[],2018-11-20 22:58:01,562227.975654,0.00000085,0.000000000036176765,4862015,2018-11-20 22:58:01,btc,21836.6059674,2491.87645172,,btc,749999.041456,0.00211021,0.127565380455,183
,[],5,[],2019-01-10 08:11:41,0.0,0,0,6347036,2019-01-10 08:11:41,btc,82.15055501,0.00261,,btc,1.19002445,0.0,0.0,187
1,[],24,[],2019-03-04 00:07:09,0.0,0.000000000001,3.8043800000000004e-17,6837380,2019-03-04 00:07:09,btc,0.0,0.0,0.000000000001,btc,0.0,0.0,0.0,187
,[],17,[],2018-11-16 20:58:10,4062536.27273,0.00000001,0.000000000000550501,4708775,2018-11-16 20:58:10,btc,3.36492563466,0.195460381006,,"btc,eth",110697919.549,0.0,0.0157628953496,187
0,[],22,[],2019-03-04 00:07:11,0.0,0,0,6837381,2019-03-04 00:07:11,,7.42841024,0.0,0,,79361.7243078683,0.0,0.0,191
0,[],22,[],2019-03-01 00:51:27,0.0,0,0,6814858,2019-03-01 00:51:27,,0.0,0.0,0,,0.0,0.0,0.0,197
0,[],23,[],2019-01-20 23:31:41,0.0,0,0,6477079,2019-01-20 23:31:41,,0.0,0.0,0,,0.0,0.0,0.0,199
0,[],22,[],2019-03-04 00:07:14,0.0,0,0,6837382,2019-03-04 00:07:14,,5.19477622,0.0,0,,21058553.0,0.0,0.0,199
1,[],26,[],2019-03-04 00:07:14,0.0,0.00000000,0,6837383,2019-03-04 00:07:14,btc,0.0,131057.0,0.00000000,btc,0.0,0.0,0.0,199
0,[],17,[],2019-01-30 16:32:01,0.0,0,0,6540827,2019-01-30 16:32:01,btc,6.802544163788159,0.0,0,btc,105897.55575295,0.0,0.0,200
0,[],2,[],2019-01-20 23:30:49,0.0,0,0,6477059,2019-01-20 23:30:49,,0.0,0.0,0,,0.0,0.0,0.0,201
1,[],4,[],2019-01-25 15:51:35,2084389.58565343,0.00000936,0.000000000333526752,6499557,2019-01-25 15:51:35,btc,2.0092503037378524,0.0,0.00000936,btc,160195.80207885,0.19272417,1.242687955921835,211
1,[],7,[],2019-03-04 00:07:17,2678679.18544231,0.000001300000000000000047051663780439678674838432925753295421600341796875,0.00000000004945694000000001,6837384,2019-03-04 00:07:17,btc,15476655.01093386,738740.026646,0.000001300000000000000047051663780439678674838432925753295421600341796875,btc,12670581.5278897,0.0,2.224296269629112,212
1,[],12,[],2019-01-25 02:44:32,207462.42853209,0.000001080000000000000035831255497387193287295303889550268650054931640625,0.000000000038610756000000006,6493050,2019-01-25 02:44:32,btc,85023.03793723314,0.0,0.000001080000000000000035831255497387193287295303889550268650054931640625,btc,43675.73520027,0.000146250909087,0.0348620860622024,213
1,[],5,[],2019-03-04 00:07:19,0.0,0,0,6837385,2019-03-04 00:07:19,btc,0.0,0.11737677,0,btc,0.0,0.0,0.0,213
1,[],24,[],2019-03-04 00:07:19,0.0,0.000000120000,0.000000000004565256,6837386,2019-03-04 00:07:19,btc,0.0,0.0,0.000000120000,btc,0.0,0.0,0.0,213
1,[],26,[],2019-03-04 00:07:20,0.0,0.00000010,0.00000000000380438,6837387,2019-03-04 00:07:20,btc,0.0,0.0,0.00000010,btc,0.0,0.0,0.0,213
1,[],22,[],2019-03-04 00:07:24,45166.0,0.00000002,0.000000000000760876,6837388,2019-03-04 00:07:24,BTC,2.23311134,0.0,0.00000002,BTC,629743.3963726171,0.0003216,0.00061247,216
1,[],27,[],2019-03-04 00:07:27,1298602.0,0.00000003,0.000000000001141314,6837389,2019-03-04 00:07:27,btc,316.25858560644,0.0,0.00000003,"btc,ltc",237761.907,0.0,0.0337720400002262,216
1,[],22,[],2019-03-04 00:07:31,185269.0719306605,0.00000180,0.00000000006847884000000001,6837390,2019-03-04 00:07:31,BTC,12673.42371068,0.0,0.00000180,BTC,384080.9464813081,0.04682764,0.21976554,217
1,[],7,[],2019-03-04 00:07:32,0.0,0,0,6837391,2019-03-04 00:07:32,btc,77969.66000746319,0.0,0,btc,136202804.64412785,0.0,0.0,219
0,[],27,[],2019-03-04 00:07:34,0.0,0,0,6837392,2019-03-04 00:07:34,,0.02193609,399845.0,0,btc,417825.0,0.00399845,0.0,219
0.0000000000000052,[],28,[],2019-03-04 00:07:41,178209489.917,2.817932e-18,1.072048414216e-22,6837393,2019-03-04 00:07:41,doge,84767.2504422825,674857.5,0.00054191,"btc,doge",3731070.84751,0.0,3.811374090397396e-11,219
1,[],22,[],2019-03-04 00:07:45,366951.6666666667,0.00000003,0.000000000001141314,6837394,2019-03-04 00:07:45,BTC,2.81231073,0.0,0.00000003,BTC,88564.27041875875,0.0002925,0.00775501,221
1,[],24,[],2019-03-04 00:07:45,0.0,0.000000200000,0.00000000000760876,6837395,2019-03-04 00:07:45,btc,0.0,0.0,0.000000200000,btc,0.0,0.0,0.0,221
1,[],20,[],2019-03-04 00:07:47,40107101.2534,0.000000001,0.000000000000038043800000000005,6837396,2019-03-04 00:07:47,btc,48.2381347826935,170919.2143,0.000000001,btc,13449623.3232,0.0001709192143,0.0401071012534,224
0,[],22,[],2019-03-04 00:07:50,0.0,0,0,6837397,2019-03-04 00:07:50,,0.0,0.0,0,,0.0,0.0,0.0,224
1,[],26,[],2019-03-04 00:07:50,0.0,0.00000035,0.000000000013315330000000001,6837398,2019-03-04 00:07:50,btc,0.0,0.0,0.00000035,btc,0.0,0.0,0.0,231
1,[],26,[],2019-03-04 00:07:50,0.0,0.00000005,0.00000000000190219,6837399,2019-03-04 00:07:50,btc,0.0,4300.0,0.00000005,btc,0.0,0.0,0.0,234
0.00000000034286110000000003,[],27,[],2019-03-04 00:07:52,2000.0,3.4286110000000004e-18,1.3043739116180001e-22,6837400,2019-03-04 00:07:52,eth,0.01134836604,0.0,0.00000001,"btc,eth",11462.996,0.0,6.857222e-15,234
1,[],4,[],2019-03-04 00:07:53,796767.64322943,0.00000078,0.000000000029674164,6837401,2019-03-04 00:07:53,btc,4.480329389188735,0.0,0.00000078,btc,1207251.37125696,0.03509967,0.2129461848286435,236
1,[],24,[],2019-03-04 00:07:53,0.0,0.000000300000,0.00000000001141314,6837402,2019-03-04 00:07:53,btc,0.0,0.0,0.000000300000,btc,0.0,0.0,0.0,236
1,[],20,[],2019-03-04 00:07:55,183877012.447,0.00000007,0.000000000002663066,6837403,2019-03-04 00:07:55,btc,13.3602757293545,27948338.0759,0.00000007,btc,41937197.5399,1.9868477659622,0.6504388582139,237
0.0000000001256639,[],22,[],2019-03-04 00:07:58,751594.9,2.1362863e-17,8.127244873994e-22,6837404,2019-03-04 00:07:58,LTC,0.0413973,0.0,0.00000017,LTC,7239.0,0.0,0.12541949,237
1,[],4,[],2019-03-04 00:07:59,8976411.38161381,0.00000033,0.000000000012554454,6837405,2019-03-04 00:07:59,btc,6.900387636145884,0.0,0.00000033,btc,10707934.94603607,0.18674101,2.254293657919591,238
1,[],5,[],2019-03-04 00:08:01,0.0,0,0,6837406,2019-03-04 00:08:01,btc,0.0,0.00288014,0,btc,0.0,0.0,0.0,238
0,[],22,[],2019-03-04 00:08:04,0.0,0,0,6837407,2019-03-04 00:08:04,,0.41339518,0.0,0,,316626.5639027493,0.0,0.0,249
0.0000000001256639,[],22,[],2019-03-04 00:08:07,88086691.66666667,5.026556e-18,1.912292911528e-22,6837408,2019-03-04 00:08:07,LTC,1.53612508,0.0,0.00000004,LTC,20871847.070952382,5.9564975113692e-11,2.74160377,252
1,[],28,[],2019-03-04 00:08:14,2174725.889,0.00000034,0.000000000012934892,6837409,2019-03-04 00:08:14,btc,164732.3976694248,28840.0,0.00000034,btc,2465294.9222,0.0,0.35308370947,256
1,[],22,[],2019-03-04 00:08:18,1073354.0,0.00000002,0.000000000000760876,6837410,2019-03-04 00:08:18,BTC,31.47160001,0.0,0.00000002,BTC,670687.0957866946,0.0,0.01093354,258
1,[],22,[],2019-03-04 00:08:21,48751.0,0.00000001,0.000000000000380438,6837411,2019-03-04 00:08:21,BTC,2.4175745,0.0,0.00000001,BTC,1762.0,0.0,0.00048751,259
1,[],5,[],2019-03-04 00:08:23,0.0,0,0,6837412,2019-03-04 00:08:23,btc,0.0,0.04015603,0,btc,0.0,0.0,0.0,264
1,[],20,[],2019-03-04 00:08:25,1259168.9934,0.000002111,0.00000000008031046180000001,6837413,2019-03-04 00:08:25,btc,7.4558955100324,53211.3362,0.000002111,btc,104939.2658,0.1685521132042,0.0242696339777,264
0,[],22,[],2019-03-04 00:08:28,0.0,0,0,6837414,2019-03-04 00:08:28,,8.45802393,0.0,0,,433537.34411321935,0.0,0.0,271
0,[],22,[],2019-03-04 00:08:37,0.0,0,0,6837415,2019-03-04 00:08:37,,264.68187857,0.0,0,,13780784220.692,0.0,0.0,272
0.0000000000000052,[],28,[],2019-03-04 00:08:42,230320740380.905,4.9400000000000004e-21,1.8793637200000002e-25,6837416,2019-03-04 00:08:42,doge,35444731.977070875,6710073907.4004,0.00000095,doge,199270367410.6363,0.0,6.663225481816418e-10,272
1,[],22,[],2019-03-04 00:08:46,168590.74,0.00000300,0.0000000001141314,6837417,2019-03-04 00:08:46,BTC,74.29622292,0.0,0.00000300,"BTC,LTC",8341.47763977319,0.01527176,0.05524491,281
1,[],22,[],2019-03-04 00:08:50,1073547.9047619049,0.00000007,0.000000000002663066,6837418,2019-03-04 00:08:50,BTC,1.18099624,0.0,0.00000007,BTC,113646.42110107285,0.00354174,0.03356866,286
0,[],22,[],2019-03-04 00:08:52,0.0,0,0,6837419,2019-03-04 00:08:52,,43639.58425427,0.0,0,,683920270.0,0.0,0.0,294
